{"id":"gen9doublescustomgame-2133233713","format":"[Gen 9] Doubles Custom Game","players":["je64","smokeydabearrr"],"log":"|j|☆je64\n|j|☆smokeydabearrr\n|t:|1717031938\n|gametype|doubles\n|player|p1|je64|266|\n|player|p2|smokeydabearrr|265|\n|teamsize|p1|6\n|teamsize|p2|6\n|gen|9\n|tier|[Gen 9] Doubles Custom Game\n|clearpoke\n|poke|p1|Entei|\n|poke|p1|Salamence, F|\n|poke|p1|Jirachi|\n|poke|p1|Zeraora|\n|poke|p1|Ursaluna-Bloodmoon, M|\n|poke|p1|Flutter Mane|\n|poke|p2|Charizard, M|\n|poke|p2|Blastoise, F|\n|poke|p2|Cresselia, F|\n|poke|p2|Rillaboom, M|\n|poke|p2|Raging Bolt|\n|poke|p2|Walking Wake|\n|teampreview\n|j| mattmandaman\n|j| mistermoscow\n|\n|t:|1717032117\n|start\n|switch|p1a: Dragonball Durag|Zeraora|318/318\n|switch|p1b: M as in Mancy|Salamence, F|331/331\n|switch|p2a: PSA 10 Shadowless|Charizard, M|315/315\n|switch|p2b: Boom Burger|Rillaboom, M|404/404\n|-ability|p1b: M as in Mancy|Intimidate|boost\n|-unboost|p2a: PSA 10 Shadowless|atk|1\n|-unboost|p2b: Boom Burger|atk|1\n|-fieldstart|move: Grassy Terrain|[from] ability: Grassy Surge|[of] p2b: Boom Burger\n|turn|1\n|\n|t:|1717032222\n|detailschange|p1b: M as in Mancy|Salamence-Mega, F\n|-mega|p1b: M as in Mancy|Salamence|Salamencite\n|detailschange|p2a: PSA 10 Shadowless|Charizard-Mega-Y, M\n|-mega|p2a: PSA 10 Shadowless|Charizard|Charizardite Y\n|-weather|SunnyDay|[from] ability: Drought|[of] p2a: PSA 10 Shadowless\n|move|p2b: Boom Burger|Fake Out|p1a: Dragonball Durag\n|-damage|p1a: Dragonball Durag|277/318\n|cant|p1a: Dragonball Durag|flinch\n|move|p1b: M as in Mancy|Return|p2b: Boom Burger\n|-supereffective|p2b: Boom Burger\n|-damage|p2b: Boom Burger|0 fnt\n|faint|p2b: Boom Burger\n|move|p2a: PSA 10 Shadowless|Heat Wave|p1a: Dragonball Durag|[spread] p1a,p1b\n|debug|Spread modifier: 0.75\n|debug|Sunny Day fire boost\n|debug|Spread modifier: 0.75\n|debug|Sunny Day fire boost\n|-resisted|p1b: M as in Mancy\n|-damage|p1a: Dragonball Durag|0 fnt\n|-damage|p1b: M as in Mancy|221/331\n|faint|p1a: Dragonball Durag\n|\n|-weather|SunnyDay|[upkeep]\n|debug|Pokemon semi-invuln or not grounded; Grassy Terrain skipped\n|debug|Pokemon semi-invuln or not grounded; Grassy Terrain skipped\n|upkeep\n|\n|t:|1717032281\n|switch|p1a: Yāoguài 妖怪|Ursaluna-Bloodmoon, M|430/430\n|switch|p2b: WAKE ME UP INSIDE|Walking Wake|339/339\n|-activate|p2b: WAKE ME UP INSIDE|ability: Protosynthesis\n|-start|p2b: WAKE ME UP INSIDE|protosynthesisspe\n|turn|2\n|debug|Protosynthesis spe boost\n|debug|Protosynthesis spe boost\n|\n|t:|1717032313\n|debug|Protosynthesis spe boost\n|debug|Protosynthesis spe boost\n|move|p2a: PSA 10 Shadowless|Protect|p2a: PSA 10 Shadowless\n|-singleturn|p2a: PSA 10 Shadowless|Protect\n|debug|Protosynthesis spe boost\n|debug|Protosynthesis spe boost\n|move|p1a: Yāoguài 妖怪|Protect|p1a: Yāoguài 妖怪\n|-singleturn|p1a: Yāoguài 妖怪|Protect\n|debug|Protosynthesis spe boost\n|debug|Protosynthesis spe boost\n|move|p2b: WAKE ME UP INSIDE|Hydro Steam|p1b: M as in Mancy\n|debug|Sunny Day Hydro Steam boost\n|-resisted|p1b: M as in Mancy\n|-damage|p1b: M as in Mancy|85/331\n|-damage|p2b: WAKE ME UP INSIDE|306/339|[from] item: Life Orb\n|debug|Protosynthesis spe boost\n|move|p1b: M as in Mancy|Return|p2b: WAKE ME UP INSIDE\n|-damage|p2b: WAKE ME UP INSIDE|56/339\n|\n|debug|Protosynthesis spe boost\n|-weather|SunnyDay|[upkeep]\n|-heal|p2b: WAKE ME UP INSIDE|77/339|[from] Grassy Terrain\n|debug|Pokemon semi-invuln or not grounded; Grassy Terrain skipped\n|debug|Pokemon semi-invuln or not grounded; Grassy Terrain skipped\n|upkeep\n|turn|3\n|debug|Protosynthesis spe boost\n|debug|Protosynthesis spe boost\n|\n|t:|1717032356\n|switch|p1a: Steve Stolen Star|Jirachi|404/404\n|debug|Protosynthesis spe boost\n|debug|Protosynthesis spe boost\n|move|p1b: M as in Mancy|Protect|p1b: M as in Mancy\n|-singleturn|p1b: M as in Mancy|Protect\n|debug|Protosynthesis spe boost\n|debug|Protosynthesis spe boost\n|move|p2b: WAKE ME UP INSIDE|Hydro Steam|p1b: M as in Mancy\n|-activate|p1b: M as in Mancy|move: Protect\n|debug|Protosynthesis spe boost\n|move|p2a: PSA 10 Shadowless|Solar Beam||[still]\n|-prepare|p2a: PSA 10 Shadowless|Solar Beam\n|-anim|p2a: PSA 10 Shadowless|Solar Beam|p1a: Steve Stolen Star\n|-resisted|p1a: Steve Stolen Star\n|-damage|p1a: Steve Stolen Star|325/404\n|\n|debug|Protosynthesis spe boost\n|-weather|SunnyDay|[upkeep]\n|-heal|p2b: WAKE ME UP INSIDE|98/339|[from] Grassy Terrain\n|debug|Pokemon semi-invuln or not grounded; Grassy Terrain skipped\n|debug|Pokemon semi-invuln or not grounded; Grassy Terrain skipped\n|-heal|p1a: Steve Stolen Star|350/404|[from] Grassy Terrain\n|upkeep\n|turn|4\n|debug|Protosynthesis spe boost\n|debug|Protosynthesis spe boost\n|\n|t:|1717032395\n|debug|Protosynthesis spe boost\n|debug|Protosynthesis spe boost\n|move|p2b: WAKE ME UP INSIDE|Protect|p2b: WAKE ME UP INSIDE\n|-singleturn|p2b: WAKE ME UP INSIDE|Protect\n|debug|Protosynthesis spe boost\n|move|p1a: Steve Stolen Star|Follow Me|p1a: Steve Stolen Star\n|-singleturn|p1a: Steve Stolen Star|move: Follow Me\n|debug|Protosynthesis spe boost\n|move|p1b: M as in Mancy|Tailwind|p1b: M as in Mancy\n|-sidestart|p1: je64|move: Tailwind\n|debug|Protosynthesis spe boost\n|move|p2a: PSA 10 Shadowless|Heat Wave|p1b: M as in Mancy|[spread] p1a,p1b\n|debug|Spread modifier: 0.75\n|debug|Sunny Day fire boost\n|-supereffective|p1a: Steve Stolen Star\n|debug|Spread modifier: 0.75\n|debug|Sunny Day fire boost\n|-resisted|p1b: M as in Mancy\n|-damage|p1a: Steve Stolen Star|0 fnt\n|-damage|p1b: M as in Mancy|0 fnt\n|debug|move failed because it did nothing\n|faint|p1a: Steve Stolen Star\n|faint|p1b: M as in Mancy\n|\n|debug|Protosynthesis spe boost\n|-weather|SunnyDay|[upkeep]\n|-heal|p2b: WAKE ME UP INSIDE|119/339|[from] Grassy Terrain\n|debug|Pokemon semi-invuln or not grounded; Grassy Terrain skipped\n|upkeep\n|debug|Protosynthesis spe boost\n|\n|t:|1717032454\n|switch|p1b: Yāoguài 妖怪|Ursaluna-Bloodmoon, M|430/430\n|switch|p1a: Agatha|Flutter Mane|284/284\n|-activate|p1a: Agatha|ability: Protosynthesis\n|-start|p1a: Agatha|protosynthesisspe\n|turn|5\n|debug|Protosynthesis spe boost\n|debug|Protosynthesis spe boost\n|debug|Protosynthesis spe boost\n|debug|Protosynthesis spe boost\n|\n|t:|1717032561\n|-end|p2b: WAKE ME UP INSIDE|Protosynthesis|[silent]\n|switch|p2b: Yurtle the Turtle?|Blastoise, F|362/362\n|-terastallize|p1b: Yāoguài 妖怪|Normal\n|debug|Protosynthesis spe boost\n|debug|Protosynthesis spe boost\n|move|p1a: Agatha|Moonblast|p2b: Yurtle the Turtle?\n|-damage|p2b: Yurtle the Turtle?|185/362\n|-unboost|p2b: Yurtle the Turtle?|spa|1\n|debug|Protosynthesis spe boost\n|move|p2a: PSA 10 Shadowless|Heat Wave|p1b: Yāoguài 妖怪|[spread] p1a,p1b\n|debug|Spread modifier: 0.75\n|debug|Sunny Day fire boost\n|-crit|p1a: Agatha\n|debug|Spread modifier: 0.75\n|debug|Sunny Day fire boost\n|-damage|p1a: Agatha|55/284\n|-damage|p1b: Yāoguài 妖怪|129/430\n|debug|Protosynthesis spe boost\n|move|p1b: Yāoguài 妖怪|Blood Moon|p2a: PSA 10 Shadowless\n|-damage|p2a: PSA 10 Shadowless|0 fnt\n|faint|p2a: PSA 10 Shadowless\n|\n|debug|Protosynthesis spe boost\n|-weather|none\n|-end|p1a: Agatha|Protosynthesis\n|-heal|p1a: Agatha|72/284|[from] Grassy Terrain\n|-heal|p1b: Yāoguài 妖怪|155/430|[from] Grassy Terrain\n|-heal|p2b: Yurtle the Turtle?|207/362|[from] Grassy Terrain\n|-heal|p2b: Yurtle the Turtle?|229/362|[from] item: Leftovers\n|-fieldend|move: Grassy Terrain\n|upkeep\n|-enditem|p1a: Agatha|Booster Energy\n|-activate|p1a: Agatha|ability: Protosynthesis|[fromitem]\n|-start|p1a: Agatha|protosynthesisspe\n|debug|Protosynthesis spe boost\n|\n|t:|1717032627\n|switch|p2a: Raging B0ner|Raging Bolt|454/454\n|turn|6\n|debug|Protosynthesis spe boost\n|debug|Protosynthesis spe boost\n|\n|t:|1717032723\n|-terastallize|p2a: Raging B0ner|Electric\n|debug|Protosynthesis spe boost\n|debug|Protosynthesis spe boost\n|move|p1a: Agatha|Protect|p1a: Agatha\n|-singleturn|p1a: Agatha|Protect\n|debug|Protosynthesis spe boost\n|move|p2b: Yurtle the Turtle?|Follow Me|p2b: Yurtle the Turtle?\n|-singleturn|p2b: Yurtle the Turtle?|move: Follow Me\n|debug|Protosynthesis spe boost\n|move|p1b: Yāoguài 妖怪|Hyper Voice|p2b: Yurtle the Turtle?|[spread] p2a,p2b\n|debug|Spread modifier: 0.75\n|debug|Spread modifier: 0.75\n|-damage|p2a: Raging B0ner|262/454\n|-damage|p2b: Yurtle the Turtle?|59/362\n|-enditem|p1b: Yāoguài 妖怪|Throat Spray\n|-boost|p1b: Yāoguài 妖怪|spa|1|[from] item: Throat Spray\n|debug|Protosynthesis spe boost\n|move|p2a: Raging B0ner|Electroweb|p1b: Yāoguài 妖怪|[spread] p1b\n|-activate|p1a: Agatha|move: Protect\n|debug|Spread modifier: 0.75\n|-damage|p1b: Yāoguài 妖怪|0 fnt\n|faint|p1b: Yāoguài 妖怪\n|\n|debug|Protosynthesis spe boost\n|-heal|p2b: Yurtle the Turtle?|81/362|[from] item: Leftovers\n|upkeep\n|debug|Protosynthesis spe boost\n|\n|t:|1717032738\n|switch|p1b: Scratching Fire|Entei|434/434\n|turn|7\n|debug|Protosynthesis spe boost\n|debug|Protosynthesis spe boost\n|\n|t:|1717032767\n|debug|Protosynthesis spe boost\n|debug|Protosynthesis spe boost\n|move|p1a: Agatha|Protect|p1a: Agatha\n|debug|Success chance: 33%\n|-singleturn|p1a: Agatha|Protect\n|debug|Protosynthesis spe boost\n|move|p2b: Yurtle the Turtle?|Follow Me|p2b: Yurtle the Turtle?\n|-singleturn|p2b: Yurtle the Turtle?|move: Follow Me\n|debug|Protosynthesis spe boost\n|move|p1b: Scratching Fire|Sacred Fire|p2b: Yurtle the Turtle?\n|debug|Follow Me redirected target of move\n|-resisted|p2b: Yurtle the Turtle?\n|-damage|p2b: Yurtle the Turtle?|13/362\n|-status|p2b: Yurtle the Turtle?|brn\n|debug|Protosynthesis spe boost\n|move|p2a: Raging B0ner|Electroweb|p1a: Agatha|[spread] p1b\n|-activate|p1a: Agatha|move: Protect\n|debug|Spread modifier: 0.75\n|-damage|p1b: Scratching Fire|282/434\n|-unboost|p1b: Scratching Fire|spe|1\n|\n|debug|Protosynthesis spe boost\n|-heal|p2b: Yurtle the Turtle?|35/362 brn|[from] item: Leftovers\n|-damage|p2b: Yurtle the Turtle?|13/362 brn|[from] brn\n|-sideend|p1: je64|move: Tailwind\n|upkeep\n|turn|8\n|debug|Protosynthesis spe boost\n|debug|Protosynthesis spe boost\n|\n|t:|1717032806\n|debug|Protosynthesis spe boost\n|debug|Protosynthesis spe boost\n|move|p2b: Yurtle the Turtle?|Follow Me|p2b: Yurtle the Turtle?\n|-singleturn|p2b: Yurtle the Turtle?|move: Follow Me\n|debug|Protosynthesis spe boost\n|debug|Protosynthesis spe boost\n|move|p1a: Agatha|Icy Wind|p2a: Raging B0ner|[spread] p2b\n|-miss|p1a: Agatha|p2a: Raging B0ner\n|debug|Spread modifier: 0.75\n|-resisted|p2b: Yurtle the Turtle?\n|-damage|p2b: Yurtle the Turtle?|0 fnt\n|faint|p2b: Yurtle the Turtle?\n|debug|Protosynthesis spe boost\n|move|p2a: Raging B0ner|Electroweb|p1a: Agatha|[spread] p1a,p1b\n|debug|Spread modifier: 0.75\n|debug|Spread modifier: 0.75\n|-damage|p1a: Agatha|0 fnt\n|-damage|p1b: Scratching Fire|142/434\n|-unboost|p1b: Scratching Fire|spe|1\n|faint|p1a: Agatha\n|-end|p1a: Agatha|Protosynthesis|[silent]\n|move|p1b: Scratching Fire|Sacred Fire|p2a: Raging B0ner\n|-damage|p2a: Raging B0ner|64/454\n|\n|upkeep\n|\n|t:|1717032820\n|switch|p2b: WAKE ME UP INSIDE|Walking Wake|119/339\n|turn|9\n|\n|t:|1717032830\n|move|p1b: Scratching Fire|Extreme Speed|p2b: WAKE ME UP INSIDE\n|-damage|p2b: WAKE ME UP INSIDE|22/339\n|move|p2b: WAKE ME UP INSIDE|Hydro Steam|p1b: Scratching Fire\n|-supereffective|p1b: Scratching Fire\n|-damage|p1b: Scratching Fire|0 fnt\n|faint|p1b: Scratching Fire\n|-damage|p2b: WAKE ME UP INSIDE|0 fnt|[from] item: Life Orb\n|faint|p2b: WAKE ME UP INSIDE\n|-end|p2b: WAKE ME UP INSIDE|Protosynthesis|[silent]\n|\n|win|smokeydabearrr\n","uploadtime":1717032841,"views":"35","formatid":"gen9doublescustomgame","rating":null,"private":0,"password":null}