{"id":"gen9doublescustomgame-2242776316","format":"[Gen 9] Doubles Custom Game","players":["je64","mattmandaman"],"log":"|badge|p2|silver|gen9doublesou|30-3\n|uhtml|medal-msg|<div class=\"broadcast-blue\">Curious what those medals under the avatar are? PS now has Ladder Seasons! For more information, check out the <a href=\"https://www.smogon.com/forums/threads/3740067/\">thread on Smogon.</a></div>\n|j|☆je64\n|j|☆mattmandaman\n|t:|1731462587\n|gametype|doubles\n|player|p1|je64|1|\n|player|p2|mattmandaman|giovanni|\n|teamsize|p1|6\n|teamsize|p2|6\n|gen|9\n|tier|[Gen 9] Doubles Custom Game\n|clearpoke\n|poke|p1|Flutter Mane|\n|poke|p1|Salamence, F|\n|poke|p1|Tapu Fini|\n|poke|p1|Zeraora|\n|poke|p1|Ursaluna-Bloodmoon, M|\n|poke|p1|Farigiraf, F|\n|poke|p2|Deoxys-Attack|\n|poke|p2|Indeedee-F, F|\n|poke|p2|Diancie|\n|poke|p2|Volcanion|\n|poke|p2|Grimmsnarl, M|\n|poke|p2|Venusaur, F|\n|teampreview\n|\n|t:|1731462624\n|start\n|switch|p1a: Gucci Mane|Flutter Mane|284/284\n|switch|p1b: M as in Mancy|Salamence, F|331/331\n|switch|p2a: Diancie|Diancie|304/304\n|switch|p2b: Deoxys|Deoxys-Attack|241/241\n|-ability|p2b: Deoxys|Pressure\n|-ability|p1b: M as in Mancy|Intimidate|boost\n|-fail|p2a: Diancie|unboost|[from] ability: Clear Body|[of] p2a: Diancie\n|-unboost|p2b: Deoxys|atk|1\n|-enditem|p1a: Gucci Mane|Booster Energy\n|-activate|p1a: Gucci Mane|ability: Protosynthesis|[fromitem]\n|-start|p1a: Gucci Mane|protosynthesisspe\n|turn|1\n|j| mistermoscow\n|j| Mango Meloetta\n|debug|Protosynthesis spe boost\n|debug|Protosynthesis spe boost\n|\n|t:|1731462663\n|switch|p2b: Indeedee|Indeedee-F, F|344/344\n|-fieldstart|move: Psychic Terrain|[from] ability: Psychic Surge|[of] p2b: Indeedee\n|switch|p1b: Farigiraf|Farigiraf, F|444/444\n|debug|Protosynthesis spe boost\n|debug|Protosynthesis spe boost\n|move|p1a: Gucci Mane|Protect|p1a: Gucci Mane\n|-singleturn|p1a: Gucci Mane|Protect\n|debug|Protosynthesis spe boost\n|move|p2a: Diancie|Diamond Storm|p1b: Farigiraf|[spread] p1b\n|-activate|p1a: Gucci Mane|move: Protect\n|debug|Spread modifier: 0.75\n|-damage|p1b: Farigiraf|329/444\n|\n|debug|Protosynthesis spe boost\n|upkeep\n|turn|2\n|debug|Protosynthesis spe boost\n|debug|Protosynthesis spe boost\n|\n|t:|1731462779\n|debug|Protosynthesis spe boost\n|debug|Protosynthesis spe boost\n|move|p2b: Indeedee|Helping Hand|p2a: Diancie\n|-singleturn|p2a: Diancie|Helping Hand|[of] p2b: Indeedee\n|debug|Protosynthesis spe boost\n|debug|Protosynthesis spe boost\n|move|p1b: Farigiraf|Helping Hand|p1a: Gucci Mane\n|-singleturn|p1a: Gucci Mane|Helping Hand|[of] p1b: Farigiraf\n|debug|Protosynthesis spe boost\n|debug|Protosynthesis spe boost\n|move|p1a: Gucci Mane|Moonblast|p2a: Diancie\n|debug|Boosting from Helping Hand: 1.5\n|-damage|p2a: Diancie|136/304\n|debug|Protosynthesis spe boost\n|move|p2a: Diancie|Diamond Storm|p1b: Farigiraf|[spread] p1a,p1b\n|debug|Boosting from Helping Hand: 1.5\n|debug|Spread modifier: 0.75\n|debug|Boosting from Helping Hand: 1.5\n|debug|Spread modifier: 0.75\n|-damage|p1a: Gucci Mane|0 fnt\n|-damage|p1b: Farigiraf|167/444\n|-enditem|p1b: Farigiraf|Sitrus Berry|[eat]\n|-heal|p1b: Farigiraf|278/444|[from] item: Sitrus Berry\n|faint|p1a: Gucci Mane\n|-end|p1a: Gucci Mane|Protosynthesis|[silent]\n|\n|-heal|p2a: Diancie|155/304|[from] item: Leftovers\n|upkeep\n|\n|t:|1731462832\n|switch|p1a: Yāoguài 妖怪|Ursaluna-Bloodmoon, M|430/430\n|turn|3\n|\n|t:|1731462874\n|switch|p2b: Grimmsnarl|Grimmsnarl, M|394/394\n|move|p1a: Yāoguài 妖怪|Protect|p1a: Yāoguài 妖怪\n|-singleturn|p1a: Yāoguài 妖怪|Protect\n|move|p2a: Diancie|Diamond Storm|p1a: Yāoguài 妖怪|[spread] p1b\n|-activate|p1a: Yāoguài 妖怪|move: Protect\n|debug|Spread modifier: 0.75\n|-crit|p1b: Farigiraf\n|-damage|p1b: Farigiraf|119/444\n|move|p1b: Farigiraf|Trick Room|p1b: Farigiraf\n|-fieldstart|move: Trick Room|[of] p1b: Farigiraf\n|\n|-heal|p2a: Diancie|174/304|[from] item: Leftovers\n|upkeep\n|turn|4\n|\n|t:|1731462935\n|-terastallize|p1a: Yāoguài 妖怪|Normal\n|move|p1b: Farigiraf|Helping Hand|p1a: Yāoguài 妖怪\n|-singleturn|p1a: Yāoguài 妖怪|Helping Hand|[of] p1b: Farigiraf\n|move|p2b: Grimmsnarl|Light Screen|p2b: Grimmsnarl\n|-sidestart|p2: mattmandaman|move: Light Screen\n|move|p2a: Diancie|Diamond Storm|p1b: Farigiraf|[spread] p1b\n|-miss|p2a: Diancie|p1a: Yāoguài 妖怪\n|debug|Spread modifier: 0.75\n|-damage|p1b: Farigiraf|4/444\n|move|p1a: Yāoguài 妖怪|Hyper Voice|p2b: Grimmsnarl|[spread] p2a,p2b\n|debug|Boosting from Helping Hand: 1.5\n|debug|Spread modifier: 0.75\n|-resisted|p2a: Diancie\n|debug|Light Screen weaken\n|debug|Boosting from Helping Hand: 1.5\n|debug|Spread modifier: 0.75\n|debug|Light Screen weaken\n|-damage|p2a: Diancie|111/304\n|-damage|p2b: Grimmsnarl|223/394\n|-enditem|p1a: Yāoguài 妖怪|Throat Spray\n|-boost|p1a: Yāoguài 妖怪|spa|1|[from] item: Throat Spray\n|\n|-heal|p2a: Diancie|130/304|[from] item: Leftovers\n|upkeep\n|turn|5\n|\n|t:|1731462975\n|move|p1b: Farigiraf|Helping Hand|p1a: Yāoguài 妖怪\n|-singleturn|p1a: Yāoguài 妖怪|Helping Hand|[of] p1b: Farigiraf\n|move|p2a: Diancie|Diamond Storm|p1b: Farigiraf|[spread] p1a,p1b\n|debug|Spread modifier: 0.75\n|debug|Spread modifier: 0.75\n|-damage|p1a: Yāoguài 妖怪|322/430\n|-damage|p1b: Farigiraf|0 fnt\n|-boost|p2a: Diancie|def|2\n|faint|p1b: Farigiraf\n|move|p1a: Yāoguài 妖怪|Earth Power|p2a: Diancie\n|debug|Boosting from Helping Hand: 1.5\n|-supereffective|p2a: Diancie\n|debug|Light Screen weaken\n|-damage|p2a: Diancie|0 fnt\n|faint|p2a: Diancie\n|move|p2b: Grimmsnarl|Spirit Break|p1a: Yāoguài 妖怪\n|-damage|p1a: Yāoguài 妖怪|231/430\n|-unboost|p1a: Yāoguài 妖怪|spa|1\n|\n|-fieldend|move: Psychic Terrain\n|upkeep\n|\n|t:|1731463000\n|switch|p2a: Venusaur|Venusaur, F|364/364\n|switch|p1b: Tapu Fini|Tapu Fini|344/344\n|-fieldstart|move: Misty Terrain|[from] ability: Misty Surge|[of] p1b: Tapu Fini\n|turn|6\n|\n|t:|1731463037\n|switch|p1b: Zeraora|Zeraora|318/318\n|-item|p1b: Zeraora|Air Balloon\n|detailschange|p2a: Venusaur|Venusaur-Mega, F\n|-mega|p2a: Venusaur|Venusaur|Venusaurite\n|move|p1a: Yāoguài 妖怪|Blood Moon|p2a: Venusaur\n|debug|Light Screen weaken\n|-damage|p2a: Venusaur|161/364\n|move|p2b: Grimmsnarl|Spirit Break|p1a: Yāoguài 妖怪\n|-damage|p1a: Yāoguài 妖怪|138/430\n|-unboost|p1a: Yāoguài 妖怪|spa|1\n|move|p2a: Venusaur|Sludge Bomb|p1b: Zeraora\n|-damage|p1b: Zeraora|119/318\n|-enditem|p1b: Zeraora|Air Balloon\n|\n|upkeep\n|turn|7\n|\n|t:|1731463113\n|move|p1b: Zeraora|Fake Out|p2b: Grimmsnarl\n|-damage|p2b: Grimmsnarl|172/394\n|move|p1a: Yāoguài 妖怪|Earth Power|p2a: Venusaur\n|debug|Light Screen weaken\n|-damage|p2a: Venusaur|95/364\n|-unboost|p2a: Venusaur|spd|1\n|cant|p2b: Grimmsnarl|flinch\n|move|p2a: Venusaur|Giga Drain|p1b: Zeraora\n|-damage|p1b: Zeraora|0 fnt\n|-heal|p2a: Venusaur|155/364|[from] drain|[of] p1b: Zeraora\n|faint|p1b: Zeraora\n|\n|-fieldend|move: Trick Room\n|upkeep\n|\n|t:|1731463126\n|switch|p1b: M as in Mancy|Salamence, F|331/331\n|-ability|p1b: M as in Mancy|Intimidate|boost\n|-unboost|p2a: Venusaur|atk|1\n|-unboost|p2b: Grimmsnarl|atk|1\n|turn|8\n|\n|t:|1731463174\n|detailschange|p1b: M as in Mancy|Salamence-Mega, F\n|-mega|p1b: M as in Mancy|Salamence|Salamencite\n|move|p1b: M as in Mancy|Return|p2a: Venusaur\n|-supereffective|p2a: Venusaur\n|-damage|p2a: Venusaur|0 fnt\n|faint|p2a: Venusaur\n|move|p2b: Grimmsnarl|Spirit Break|p1b: M as in Mancy\n|-supereffective|p1b: M as in Mancy\n|-damage|p1b: M as in Mancy|199/331\n|-unboost|p1b: M as in Mancy|spa|1\n|move|p1a: Yāoguài 妖怪|Blood Moon|p2b: Grimmsnarl\n|debug|Light Screen weaken\n|-damage|p2b: Grimmsnarl|11/394\n|\n|upkeep\n|\n|t:|1731463191\n|switch|p2a: Deoxys|Deoxys-Attack|241/241\n|-ability|p2a: Deoxys|Pressure\n|turn|9\n|\n|t:|1731463220\n|switch|p1a: Tapu Fini|Tapu Fini|344/344\n|-terastallize|p2a: Deoxys|Psychic\n|move|p2b: Grimmsnarl|Parting Shot|p1a: Tapu Fini\n|-unboost|p1a: Tapu Fini|atk|1\n|-unboost|p1a: Tapu Fini|spa|1\n|\n|t:|1731463226\n|switch|p2b: Indeedee|Indeedee-F, F|344/344|[from] Parting Shot\n|-fieldstart|move: Psychic Terrain|[from] ability: Psychic Surge|[of] p2b: Indeedee\n|move|p2a: Deoxys|Expanding Force|p1b: M as in Mancy|[spread] p1a,p1b\n|debug|psychic terrain boost\n|debug|terrain buff\n|debug|Spread modifier: 0.75\n|debug|psychic terrain boost\n|debug|terrain buff\n|debug|Spread modifier: 0.75\n|-damage|p1a: Tapu Fini|78/344\n|-damage|p1b: M as in Mancy|0 fnt\n|faint|p1b: M as in Mancy\n|\n|-heal|p1a: Tapu Fini|99/344|[from] item: Leftovers\n|upkeep\n|\n|t:|1731463236\n|switch|p1b: Yāoguài 妖怪|Ursaluna-Bloodmoon, M, tera:Normal|138/430\n|turn|10\n|\n|t:|1731463269\n|move|p2b: Indeedee|Helping Hand|p2a: Deoxys\n|-singleturn|p2a: Deoxys|Helping Hand|[of] p2b: Indeedee\n|move|p1a: Tapu Fini|Protect|p1a: Tapu Fini\n|-singleturn|p1a: Tapu Fini|Protect\n|move|p1b: Yāoguài 妖怪|Protect|p1b: Yāoguài 妖怪\n|-singleturn|p1b: Yāoguài 妖怪|Protect\n|move|p2a: Deoxys|Expanding Force|p1b: Yāoguài 妖怪|[spread] \n|-activate|p1a: Tapu Fini|move: Protect\n|-activate|p1b: Yāoguài 妖怪|move: Protect\n|\n|-heal|p1a: Tapu Fini|120/344|[from] item: Leftovers\n|upkeep\n|turn|11\n|\n|t:|1731463281\n|move|p2b: Indeedee|Helping Hand|p2a: Deoxys\n|-singleturn|p2a: Deoxys|Helping Hand|[of] p2b: Indeedee\n|move|p1a: Tapu Fini|Protect|p1a: Tapu Fini\n|debug|Success chance: 33%\n|-singleturn|p1a: Tapu Fini|Protect\n|move|p1b: Yāoguài 妖怪|Protect|p1b: Yāoguài 妖怪\n|debug|Success chance: 33%\n|-singleturn|p1b: Yāoguài 妖怪|Protect\n|move|p2a: Deoxys|Expanding Force|p1b: Yāoguài 妖怪|[spread] \n|-activate|p1a: Tapu Fini|move: Protect\n|-activate|p1b: Yāoguài 妖怪|move: Protect\n|\n|-heal|p1a: Tapu Fini|141/344|[from] item: Leftovers\n|-sideend|p2: mattmandaman|move: Light Screen\n|upkeep\n|turn|12\n|\n|t:|1731463296\n|move|p2b: Indeedee|Helping Hand|p2a: Deoxys\n|-singleturn|p2a: Deoxys|Helping Hand|[of] p2b: Indeedee\n|move|p1a: Tapu Fini|Protect||[still]\n|debug|Success chance: 11%\n|-fail|p1a: Tapu Fini\n|move|p1b: Yāoguài 妖怪|Protect||[still]\n|debug|Success chance: 11%\n|-fail|p1b: Yāoguài 妖怪\n|move|p2a: Deoxys|Expanding Force|p1a: Tapu Fini|[spread] p1a,p1b\n|debug|Boosting from Helping Hand: 1.5\n|debug|psychic terrain boost\n|debug|terrain buff\n|debug|Spread modifier: 0.75\n|debug|Boosting from Helping Hand: 1.5\n|debug|psychic terrain boost\n|debug|terrain buff\n|debug|Spread modifier: 0.75\n|-damage|p1a: Tapu Fini|0 fnt\n|-damage|p1b: Yāoguài 妖怪|0 fnt\n|faint|p1a: Tapu Fini\n|faint|p1b: Yāoguài 妖怪\n|\n|win|mattmandaman\n","uploadtime":1731463306,"views":"42","formatid":"gen9doublescustomgame","rating":null,"private":0,"password":null}