{"id":"gen9doublescustomgame-2261971383","format":"[Gen 9] Doubles Custom Game","players":["mistermoscow","Smokeydabearrr"],"log":"|j|☆mistermoscow\n|j|☆Smokeydabearrr\n|t:|1734048150\n|gametype|doubles\n|player|p1|mistermoscow|alder|\n|player|p2|Smokeydabearrr|265|\n|teamsize|p1|6\n|teamsize|p2|6\n|gen|9\n|tier|[Gen 9] Doubles Custom Game\n|clearpoke\n|poke|p1|Nidoqueen, F|\n|poke|p1|Meowth, M|\n|poke|p1|Clefairy, M|\n|poke|p1|Ditto|\n|poke|p1|Victreebel, M|\n|poke|p1|Snorlax, M|\n|poke|p2|Butterfree, M|\n|poke|p2|Lapras, F|\n|poke|p2|Mr. Mime, F|\n|poke|p2|Parasect, M|\n|poke|p2|Poliwrath, F|\n|poke|p2|Lickitung, F|\n|teampreview\n|\n|t:|1734048204\n|start\n|switch|p1a: Prince Puss|Meowth, M|221/221\n|switch|p1b: Victor|Victreebel, M|364/364\n|switch|p2a: Lickitung|Lickitung, F|384/384\n|switch|p2b: Parasect|Parasect, M|324/324\n|turn|1\n|c|☆Smokeydabearrr|Official?\n|c|☆mistermoscow|yeee\n|c|☆Smokeydabearrr|Kkkkkk glhf\n|\n|t:|1734048277\n|switch|p1a: Imp|Ditto|300/300\n|-transform|p1a: Imp|p2b: Parasect|[from] ability: Imposter\n|move|p2a: Lickitung|Protect|p2a: Lickitung\n|-singleturn|p2a: Lickitung|Protect\n|move|p1b: Victor|Sleep Powder|p2a: Lickitung\n|-activate|p2a: Lickitung|move: Protect\n|move|p2b: Parasect|Spore|p1a: Imp\n|debug|natural powder immunity\n|-immune|p1a: Imp\n|\n|upkeep\n|turn|2\n|\n|t:|1734048317\n|move|p1b: Victor|Swords Dance|p1b: Victor\n|-boost|p1b: Victor|atk|2\n|move|p1a: Imp|Leech Life|p2b: Parasect\n|-supereffective|p2b: Parasect\n|-damage|p2b: Parasect|0 fnt\n|faint|p2b: Parasect\n|move|p2a: Lickitung|Rain Dance|p2a: Lickitung\n|-weather|RainDance\n|\n|-weather|RainDance|[upkeep]\n|upkeep\n|\n|t:|1734048354\n|switch|p2b: Butterfree|Butterfree, M|261/261\n|turn|3\n|\n|t:|1734048392\n|switch|p2a: Mr. Mime|Mr. Mime, F|221/221\n|move|p1b: Victor|Sucker Punch|p2b: Butterfree\n|-damage|p2b: Butterfree|60/261\n|move|p2b: Butterfree|Hurricane|p1b: Victor\n|-supereffective|p1b: Victor\n|-damage|p1b: Victor|20/364\n|debug|Covert Cloak prevent secondary\n|move|p1a: Imp|Leech Life|p2b: Butterfree\n|-resisted|p2b: Butterfree\n|-damage|p2b: Butterfree|0 fnt\n|faint|p2b: Butterfree\n|\n|-weather|RainDance|[upkeep]\n|upkeep\n|\n|t:|1734048421\n|switch|p2b: Lapras|Lapras, F|464/464\n|turn|4\n|\n|t:|1734048469\n|move|p2a: Mr. Mime|Fake Out|p1a: Imp\n|-damage|p1a: Imp|282/300\n|move|p1b: Victor|Sleep Powder|p2b: Lapras\n|-status|p2b: Lapras|slp|[from] move: Sleep Powder\n|cant|p2b: Lapras|slp\n|cant|p1a: Imp|flinch\n|\n|-weather|RainDance|[upkeep]\n|-heal|p1a: Imp|300/300|[from] ability: Dry Skin\n|upkeep\n|turn|5\n|\n|t:|1734048490\n|move|p2a: Mr. Mime|Dazzling Gleam|p1b: Victor|[spread] p1a,p1b\n|debug|Spread modifier: 0.75\n|debug|Spread modifier: 0.75\n|-resisted|p1b: Victor\n|-damage|p1a: Imp|194/300\n|-damage|p1b: Victor|0 fnt\n|faint|p1b: Victor\n|cant|p2b: Lapras|slp\n|move|p1a: Imp|Leech Life|p2a: Mr. Mime\n|-damage|p2a: Mr. Mime|47/221\n|-heal|p1a: Imp|281/300|[from] drain|[of] p2a: Mr. Mime\n|\n|-weather|RainDance|[upkeep]\n|-heal|p1a: Imp|300/300|[from] ability: Dry Skin\n|upkeep\n|\n|t:|1734048512\n|switch|p1b: Clifford|Clefairy, M|344/344\n|turn|6\n|\n|t:|1734048558\n|move|p2a: Mr. Mime|Dazzling Gleam|p1b: Clifford|[spread] p1a,p1b\n|debug|Spread modifier: 0.75\n|debug|Spread modifier: 0.75\n|-damage|p1a: Imp|201/300\n|-damage|p1b: Clifford|265/344\n|cant|p2b: Lapras|slp\n|move|p1a: Imp|Leech Life|p2a: Mr. Mime\n|-damage|p2a: Mr. Mime|0 fnt\n|-heal|p1a: Imp|225/300|[from] drain|[of] p2a: Mr. Mime\n|faint|p2a: Mr. Mime\n|move|p1b: Clifford|Minimize|p1b: Clifford\n|-boost|p1b: Clifford|evasion|2\n|\n|-weather|none\n|upkeep\n|\n|t:|1734048570\n|switch|p2a: Lickitung|Lickitung, F|384/384\n|turn|7\n|\n|t:|1734048597\n|switch|p1a: Prince Puss|Meowth, M|221/221\n|-curestatus|p2b: Lapras|slp|[msg]\n|move|p2b: Lapras|Icy Wind|p1b: Clifford|[spread] p1a\n|-miss|p2b: Lapras|p1b: Clifford\n|debug|Spread modifier: 0.75\n|-damage|p1a: Prince Puss|94/221\n|-unboost|p1a: Prince Puss|spe|1\n|move|p1b: Clifford|Calm Mind|p1b: Clifford\n|-boost|p1b: Clifford|spa|1\n|-boost|p1b: Clifford|spd|1\n|move|p2a: Lickitung|Rain Dance|p2a: Lickitung\n|-weather|RainDance\n|\n|-weather|RainDance|[upkeep]\n|upkeep\n|turn|8\n|\n|t:|1734048618\n|move|p1a: Prince Puss|Fake Out|p2b: Lapras\n|debug|Base Power: 40\n|debug|Technician boost\n|-damage|p2b: Lapras|397/464\n|cant|p2b: Lapras|flinch\n|move|p1b: Clifford|Calm Mind|p1b: Clifford\n|-boost|p1b: Clifford|spa|1\n|-boost|p1b: Clifford|spd|1\n|move|p2a: Lickitung|Body Press|p1a: Prince Puss\n|-supereffective|p1a: Prince Puss\n|-damage|p1a: Prince Puss|0 fnt\n|faint|p1a: Prince Puss\n|\n|-weather|RainDance|[upkeep]\n|upkeep\n|\n|t:|1734048640\n|switch|p1a: Snax|Snorlax, M|524/524\n|turn|9\n|\n|t:|1734048693\n|move|p2a: Lickitung|Protect|p2a: Lickitung\n|-singleturn|p2a: Lickitung|Protect\n|move|p2b: Lapras|Surf|p1a: Snax|[spread] p1a,p1b\n|-activate|p2a: Lickitung|move: Protect\n|debug|Spread modifier: 0.75\n|debug|rain water boost\n|debug|Spread modifier: 0.75\n|debug|rain water boost\n|-damage|p1a: Snax|392/524\n|-damage|p1b: Clifford|199/344\n|move|p1b: Clifford|Minimize|p1b: Clifford\n|-boost|p1b: Clifford|evasion|2\n|move|p1a: Snax|Psych Up|p1b: Clifford\n|-copyboost|p1a: Snax|p1b: Clifford|[from] move: Psych Up\n|\n|-weather|RainDance|[upkeep]\n|-heal|p1a: Snax|424/524|[from] item: Leftovers\n|upkeep\n|turn|10\n|\n|t:|1734048714\n|move|p2b: Lapras|Icy Wind|p1b: Clifford|[spread] p1a,p1b\n|debug|Spread modifier: 0.75\n|debug|Negating (sp)def boost/penalty.\n|debug|Spread modifier: 0.75\n|-crit|p1b: Clifford\n|-damage|p1a: Snax|394/524\n|-damage|p1b: Clifford|120/344\n|-unboost|p1a: Snax|spe|1\n|-unboost|p1b: Clifford|spe|1\n|move|p2a: Lickitung|Body Press|p1a: Snax|[miss]\n|-miss|p2a: Lickitung|p1a: Snax\n|move|p1b: Clifford|Baton Pass|p1b: Clifford\n|\n|t:|1734048724\n|switch|p1b: Miss Nido|Nidoqueen, F|353/353|[from] Baton Pass\n|move|p1a: Snax|Hammer Arm|p2a: Lickitung|[miss]\n|-miss|p1a: Snax|p2a: Lickitung\n|\n|-weather|RainDance|[upkeep]\n|-heal|p1a: Snax|426/524|[from] item: Leftovers\n|upkeep\n|turn|11\n|\n|t:|1734048777\n|move|p2b: Lapras|Blizzard|p1a: Snax|[spread] p1a\n|-miss|p2b: Lapras|p1b: Miss Nido\n|debug|Spread modifier: 0.75\n|-damage|p1a: Snax|366/524\n|move|p1b: Miss Nido|Poison Jab|p2b: Lapras\n|-damage|p2b: Lapras|249/464\n|move|p2a: Lickitung|Body Press|p1b: Miss Nido\n|-resisted|p1b: Miss Nido\n|-damage|p1b: Miss Nido|314/353\n|-status|p2a: Lickitung|psn|[from] ability: Poison Point|[of] p1b: Miss Nido\n|move|p1a: Snax|Hammer Arm|p2a: Lickitung\n|-supereffective|p2a: Lickitung\n|-damage|p2a: Lickitung|280/384 psn\n|-unboost|p1a: Snax|spe|1\n|\n|-weather|none\n|-heal|p1a: Snax|398/524|[from] item: Leftovers\n|-damage|p2a: Lickitung|232/384 psn|[from] psn\n|upkeep\n|turn|12\n|\n|t:|1734048826\n|move|p2b: Lapras|Blizzard|p1a: Snax|[spread] \n|-miss|p2b: Lapras|p1a: Snax\n|-miss|p2b: Lapras|p1b: Miss Nido\n|move|p1b: Miss Nido|Poison Jab|p2a: Lickitung\n|-damage|p2a: Lickitung|157/384 psn\n|move|p2a: Lickitung|Body Press|p1a: Snax|[miss]\n|-miss|p2a: Lickitung|p1a: Snax\n|move|p1a: Snax|Double-Edge|p2b: Lapras\n|-damage|p2b: Lapras|77/464\n|-damage|p1a: Snax|341/524|[from] Recoil\n|\n|-heal|p1a: Snax|373/524|[from] item: Leftovers\n|-damage|p2a: Lickitung|109/384 psn|[from] psn\n|upkeep\n|turn|13\n|\n|t:|1734048866\n|move|p1b: Miss Nido|Sucker Punch|p2b: Lapras\n|-damage|p2b: Lapras|0 fnt\n|faint|p2b: Lapras\n|move|p2a: Lickitung|Body Press|p1a: Snax|[miss]\n|-miss|p2a: Lickitung|p1a: Snax\n|move|p1a: Snax|Double-Edge|p2a: Lickitung\n|-damage|p2a: Lickitung|22/384 psn\n|-damage|p1a: Snax|344/524|[from] Recoil\n|\n|-heal|p1a: Snax|376/524|[from] item: Leftovers\n|-damage|p2a: Lickitung|0 fnt|[from] psn\n|faint|p2a: Lickitung\n|upkeep\n|\n|t:|1734048869\n|switch|p2b: Poliwrath|Poliwrath, F|321/321\n|turn|14\n|\n|t:|1734048888\n|move|p2b: Poliwrath|Rock Slide|p1b: Miss Nido|[spread] p1b\n|-miss|p2b: Poliwrath|p1a: Snax\n|debug|Spread modifier: 0.75\n|-resisted|p1b: Miss Nido\n|-damage|p1b: Miss Nido|279/353\n|move|p1b: Miss Nido|Poison Jab|p2b: Poliwrath\n|-damage|p2b: Poliwrath|201/321\n|-status|p2b: Poliwrath|psn\n|move|p1a: Snax|Double-Edge|p2b: Poliwrath\n|-damage|p2b: Poliwrath|36/321 psn\n|-enditem|p2b: Poliwrath|Aguav Berry|[eat]\n|-heal|p2b: Poliwrath|143/321 psn|[from] item: Aguav Berry\n|-damage|p1a: Snax|322/524|[from] Recoil\n|\n|-heal|p1a: Snax|354/524|[from] item: Leftovers\n|-damage|p2b: Poliwrath|103/321 psn|[from] psn\n|upkeep\n|turn|15\n|\n|t:|1734048906\n|move|p1b: Miss Nido|Sucker Punch|p2b: Poliwrath\n|-resisted|p2b: Poliwrath\n|-damage|p2b: Poliwrath|65/321 psn\n|move|p2b: Poliwrath|Drain Punch|p1a: Snax\n|-supereffective|p1a: Snax\n|-damage|p1a: Snax|114/524\n|-heal|p2b: Poliwrath|185/321 psn|[from] drain|[of] p1a: Snax\n|move|p1a: Snax|Double-Edge|p2b: Poliwrath\n|-damage|p2b: Poliwrath|38/321 psn\n|-damage|p1a: Snax|65/524|[from] Recoil\n|\n|-heal|p1a: Snax|97/524|[from] item: Leftovers\n|-damage|p2b: Poliwrath|0 fnt|[from] psn\n|faint|p2b: Poliwrath\n|\n|win|mistermoscow\n|upkeep\n|c|☆mistermoscow|gg\n|c|☆mistermoscow|wanna do another?\n|c|☆Smokeydabearrr|Gg\n","uploadtime":1734048956,"views":"39","formatid":"gen9doublescustomgame","rating":null,"private":0,"password":null}