{"id":"gen9doublescustomgame-2148899630","format":"[Gen 9] Doubles Custom Game","players":["Mango Meloetta","je64"],"log":"|j|☆Mango Meloetta\n|j|☆je64\n|t:|1719193197\n|gametype|doubles\n|player|p1|Mango Meloetta|ghetsis-gen5bw|\n|player|p2|je64|266|\n|teamsize|p1|6\n|teamsize|p2|6\n|gen|9\n|tier|[Gen 9] Doubles Custom Game\n|clearpoke\n|poke|p1|Hitmontop, M|\n|poke|p1|Gengar, M|\n|poke|p1|Chien-Pao|\n|poke|p1|Porygon2|\n|poke|p1|Sinistcha|\n|poke|p1|Murkrow, M|\n|poke|p2|Scizor, M|\n|poke|p2|Mew|\n|poke|p2|Kingdra, F|\n|poke|p2|Tornadus, M|\n|poke|p2|Tapu Bulu|\n|poke|p2|Chi-Yu|\n|teampreview\n|j| mistermoscow\n|\n|t:|1719193256\n|start\n|switch|p1a: Haunter|Gengar, M|324/324\n|switch|p1b: Hitmonlee|Hitmontop, M|304/304\n|switch|p2a: Ditto's Daddy|Mew|404/404\n|switch|p2b: Rillabulu|Tapu Bulu|282/282\n|-fieldstart|move: Grassy Terrain|[from] ability: Grassy Surge|[of] p2b: Rillabulu\n|-ability|p1b: Hitmonlee|Intimidate|boost\n|-unboost|p2a: Ditto's Daddy|atk|1\n|-unboost|p2b: Rillabulu|atk|1\n|turn|1\n|\n|t:|1719193310\n|detailschange|p1a: Haunter|Gengar-Mega, M\n|-mega|p1a: Haunter|Gengar|Gengarite\n|move|p2a: Ditto's Daddy|Fake Out|p1b: Hitmonlee\n|-damage|p1b: Hitmonlee|286/304\n|cant|p1b: Hitmonlee|flinch\n|move|p1a: Haunter|Perish Song|p1a: Haunter\n|-start|p1a: Haunter|perish3|[silent]\n|-start|p1b: Hitmonlee|perish3|[silent]\n|-start|p2a: Ditto's Daddy|perish3|[silent]\n|-start|p2b: Rillabulu|perish3|[silent]\n|-fieldactivate|move: Perish Song\n|move|p2b: Rillabulu|High Horsepower|p1a: Haunter\n|-supereffective|p1a: Haunter\n|-damage|p1a: Haunter|138/324\n|\n|-heal|p1a: Haunter|158/324|[from] Grassy Terrain\n|-heal|p1b: Hitmonlee|304/304|[from] Grassy Terrain\n|-start|p1a: Haunter|perish3\n|-start|p2b: Rillabulu|perish3\n|-start|p2a: Ditto's Daddy|perish3\n|-start|p1b: Hitmonlee|perish3\n|upkeep\n|turn|2\n|\n|t:|1719193337\n|switch|p1b: Porygon2|Porygon2|374/374\n|-ability|p1b: Porygon2|Synchronize|[from] ability: Trace|[of] p2a: Ditto's Daddy\n|move|p1a: Haunter|Protect|p1a: Haunter\n|-singleturn|p1a: Haunter|Protect\n|move|p2b: Rillabulu|High Horsepower|p1a: Haunter\n|-activate|p1a: Haunter|move: Protect\n|move|p2a: Ditto's Daddy|Reflect|p2a: Ditto's Daddy\n|-sidestart|p2: je64|Reflect\n|\n|-heal|p1a: Haunter|178/324|[from] Grassy Terrain\n|-start|p1a: Haunter|perish2\n|-start|p2b: Rillabulu|perish2\n|-start|p2a: Ditto's Daddy|perish2\n|upkeep\n|turn|3\n|\n|t:|1719193361\n|switch|p1b: Sinistcha|Sinistcha|346/346\n|-heal|p1a: Haunter|259/324|[from] ability: Hospitality|[of] p1b: Sinistcha\n|move|p1a: Haunter|Disable|p2b: Rillabulu\n|-start|p2b: Rillabulu|Disable|High Horsepower\n|cant|p2b: Rillabulu|Disable|High Horsepower\n|move|p2a: Ditto's Daddy|Light Screen|p2a: Ditto's Daddy\n|-sidestart|p2: je64|move: Light Screen\n|\n|-heal|p1a: Haunter|279/324|[from] Grassy Terrain\n|-start|p1a: Haunter|perish1\n|-start|p2b: Rillabulu|perish1\n|-start|p2a: Ditto's Daddy|perish1\n|upkeep\n|turn|4\n|j| smokeydabearrr\n|\n|t:|1719193380\n|move|p1a: Haunter|Protect|p1a: Haunter\n|-singleturn|p1a: Haunter|Protect\n|move|p1b: Sinistcha|Protect|p1b: Sinistcha\n|-singleturn|p1b: Sinistcha|Protect\n|-activate|p2b: Rillabulu|move: Struggle\n|move|p2b: Rillabulu|Struggle|p1a: Haunter\n|-activate|p1a: Haunter|move: Protect\n|move|p2a: Ditto's Daddy|Tailwind|p2a: Ditto's Daddy\n|-sidestart|p2: je64|move: Tailwind\n|\n|-heal|p1a: Haunter|299/324|[from] Grassy Terrain\n|-start|p2b: Rillabulu|perish0\n|-start|p2a: Ditto's Daddy|perish0\n|-start|p1a: Haunter|perish0\n|faint|p2b: Rillabulu\n|faint|p2a: Ditto's Daddy\n|faint|p1a: Haunter\n|upkeep\n|\n|t:|1719193417\n|switch|p1a: Hitmonlee|Hitmontop, M|304/304\n|switch|p2b: Shi-Yu In Hell|Chi-Yu|252/252\n|switch|p2a: Seman|Kingdra, F|292/292\n|-ability|p2b: Shi-Yu In Hell|Beads of Ruin\n|-ability|p1a: Hitmonlee|Intimidate|boost\n|-unboost|p2a: Seman|atk|1\n|-unboost|p2b: Shi-Yu In Hell|atk|1\n|turn|5\n|\n|t:|1719193439\n|move|p2b: Shi-Yu In Hell|Protect|p2b: Shi-Yu In Hell\n|-singleturn|p2b: Shi-Yu In Hell|Protect\n|move|p1a: Hitmonlee|Fake Out|p2b: Shi-Yu In Hell\n|-activate|p2b: Shi-Yu In Hell|move: Protect\n|move|p2a: Seman|Focus Energy|p2a: Seman\n|-start|p2a: Seman|move: Focus Energy\n|move|p1b: Sinistcha|Matcha Gotcha|p2a: Seman|[spread] \n|-activate|p2b: Shi-Yu In Hell|move: Protect\n|-miss|p1b: Sinistcha|p2a: Seman\n|\n|-fieldend|move: Grassy Terrain\n|upkeep\n|turn|6\n|\n|t:|1719193473\n|-terastallize|p2b: Shi-Yu In Hell|Fire\n|move|p1a: Hitmonlee|Wide Guard|p1a: Hitmonlee\n|-singleturn|p1a: Hitmonlee|Wide Guard\n|move|p2b: Shi-Yu In Hell|Heat Wave|p1b: Sinistcha|[spread] \n|-activate|p1a: Hitmonlee|move: Wide Guard\n|-activate|p1b: Sinistcha|move: Wide Guard\n|move|p2a: Seman|Muddy Water|p1b: Sinistcha|[spread] \n|-activate|p1a: Hitmonlee|move: Wide Guard\n|-activate|p1b: Sinistcha|move: Wide Guard\n|move|p1b: Sinistcha|Matcha Gotcha|p2a: Seman|[spread] p2a,p2b\n|debug|Beads of Ruin SpD drop\n|debug|Spread modifier: 0.75\n|debug|Light Screen weaken\n|debug|Spread modifier: 0.75\n|-resisted|p2b: Shi-Yu In Hell\n|debug|Light Screen weaken\n|-damage|p2a: Seman|214/292\n|-damage|p2b: Shi-Yu In Hell|228/252\n|-status|p2a: Seman|brn\n|\n|-damage|p2a: Seman|196/292 brn|[from] brn\n|upkeep\n|turn|7\n|\n|t:|1719193500\n|switch|p1a: Porygon2|Porygon2|374/374\n|-ability|p1a: Porygon2|Beads of Ruin\n|-ability|p1a: Porygon2|Beads of Ruin|[from] ability: Trace|[of] p2b: Shi-Yu In Hell\n|switch|p1b: Murkrow|Murkrow, M|323/323\n|move|p2b: Shi-Yu In Hell|Dark Pulse|p1b: Murkrow\n|debug|Beads of Ruin SpD drop\n|-resisted|p1b: Murkrow\n|-damage|p1b: Murkrow|59/323\n|-enditem|p1b: Murkrow|Wiki Berry|[eat]\n|-heal|p1b: Murkrow|166/323|[from] item: Wiki Berry\n|-damage|p2b: Shi-Yu In Hell|203/252|[from] item: Life Orb\n|move|p2a: Seman|Draco Meteor|p1a: Porygon2\n|-crit|p1a: Porygon2\n|debug|Sniper boost\n|-damage|p1a: Porygon2|109/374\n|-unboost|p2a: Seman|spa|2\n|\n|-damage|p2a: Seman|178/292 brn|[from] brn\n|-sideend|p2: je64|move: Tailwind\n|upkeep\n|turn|8\n|\n|t:|1719193530\n|move|p1b: Murkrow|Protect|p1b: Murkrow\n|-singleturn|p1b: Murkrow|Protect\n|move|p1a: Porygon2|Protect|p1a: Porygon2\n|-singleturn|p1a: Porygon2|Protect\n|move|p2b: Shi-Yu In Hell|Heat Wave|p1a: Porygon2|[spread] \n|-activate|p1a: Porygon2|move: Protect\n|-activate|p1b: Murkrow|move: Protect\n|move|p2a: Seman|Muddy Water|p1b: Murkrow|[spread] \n|-activate|p1a: Porygon2|move: Protect\n|-activate|p1b: Murkrow|move: Protect\n|\n|-damage|p2a: Seman|160/292 brn|[from] brn\n|upkeep\n|turn|9\n|\n|t:|1719193544\n|move|p2b: Shi-Yu In Hell|Heat Wave|p1b: Murkrow|[spread] p1a,p1b\n|debug|Spread modifier: 0.75\n|debug|Beads of Ruin SpD drop\n|debug|Spread modifier: 0.75\n|-damage|p1a: Porygon2|0 fnt\n|-damage|p1b: Murkrow|0 fnt\n|debug|move failed because it did nothing\n|faint|p1a: Porygon2\n|faint|p1b: Murkrow\n|-damage|p2b: Shi-Yu In Hell|178/252|[from] item: Life Orb\n|move|p2a: Seman|Muddy Water|p1: Porygon2|[notarget]\n|-fail|p2a: Seman\n|\n|-damage|p2a: Seman|142/292 brn|[from] brn\n|-sideend|p2: je64|Reflect\n|upkeep\n|\n|t:|1719193551\n|switch|p1b: Chien-Pao|Chien-Pao|301/301\n|switch|p1a: Hitmonlee|Hitmontop, M|304/304\n|-ability|p1b: Chien-Pao|Sword of Ruin\n|-ability|p1a: Hitmonlee|Intimidate|boost\n|-unboost|p2a: Seman|atk|1\n|-unboost|p2b: Shi-Yu In Hell|atk|1\n|turn|10\n|\n|t:|1719193566\n|-terastallize|p1b: Chien-Pao|Dark\n|move|p2a: Seman|Protect|p2a: Seman\n|-singleturn|p2a: Seman|Protect\n|move|p1a: Hitmonlee|Fake Out|p2b: Shi-Yu In Hell\n|debug|Sword of Ruin Def drop\n|-damage|p2b: Shi-Yu In Hell|111/252\n|move|p1b: Chien-Pao|Crunch|p2a: Seman\n|-activate|p2a: Seman|move: Protect\n|cant|p2b: Shi-Yu In Hell|flinch\n|\n|-damage|p2a: Seman|124/292 brn|[from] brn\n|-sideend|p2: je64|move: Light Screen\n|upkeep\n|turn|11\n|\n|t:|1719193588\n|move|p1a: Hitmonlee|Wide Guard|p1a: Hitmonlee\n|-singleturn|p1a: Hitmonlee|Wide Guard\n|move|p1b: Chien-Pao|Crunch|p2a: Seman\n|debug|Sword of Ruin Def drop\n|-damage|p2a: Seman|0 fnt\n|faint|p2a: Seman\n|move|p2b: Shi-Yu In Hell|Overheat|p1b: Chien-Pao\n|debug|Beads of Ruin SpD drop\n|-damage|p1b: Chien-Pao|0 fnt\n|-unboost|p2b: Shi-Yu In Hell|spa|2\n|faint|p1b: Chien-Pao\n|-damage|p2b: Shi-Yu In Hell|86/252|[from] item: Life Orb\n|\n|upkeep\n|\n|t:|1719193602\n|switch|p1b: Sinistcha|Sinistcha|346/346\n|switch|p2a: ScytherPunk 2077|Scizor, M|336/336\n|turn|12\n|\n|t:|1719193615\n|switch|p2b: Lakitu|Tornadus, M|362/362\n|detailschange|p2a: ScytherPunk 2077|Scizor-Mega, M\n|-mega|p2a: ScytherPunk 2077|Scizor|Scizorite\n|move|p1b: Sinistcha|Protect|p1b: Sinistcha\n|-singleturn|p1b: Sinistcha|Protect\n|move|p2a: ScytherPunk 2077|U-turn|p1b: Sinistcha\n|-activate|p1b: Sinistcha|move: Protect\n|move|p1a: Hitmonlee|Close Combat|p2b: Lakitu\n|-resisted|p2b: Lakitu\n|-damage|p2b: Lakitu|264/362\n|-unboost|p1a: Hitmonlee|def|1\n|-unboost|p1a: Hitmonlee|spd|1\n|\n|upkeep\n|turn|13\n|\n|t:|1719193635\n|move|p2b: Lakitu|Tailwind|p2b: Lakitu\n|-sidestart|p2: je64|move: Tailwind\n|move|p2a: ScytherPunk 2077|U-turn|p1b: Sinistcha\n|debug|Base Power: 70\n|-damage|p1b: Sinistcha|231/346\n|\n|t:|1719193640\n|switch|p2a: Shi-Yu In Hell|Chi-Yu, tera:Fire|86/252|[from] U-turn\n|-ability|p2a: Shi-Yu In Hell|Beads of Ruin\n|move|p1a: Hitmonlee|Close Combat|p2a: Shi-Yu In Hell\n|-damage|p2a: Shi-Yu In Hell|0 fnt\n|-unboost|p1a: Hitmonlee|def|1\n|-unboost|p1a: Hitmonlee|spd|1\n|faint|p2a: Shi-Yu In Hell\n|move|p1b: Sinistcha|Matcha Gotcha|p2b: Lakitu\n|-resisted|p2b: Lakitu\n|-damage|p2b: Lakitu|208/362\n|-heal|p1b: Sinistcha|259/346|[from] drain|[of] p2b: Lakitu\n|debug|Covert Cloak prevent secondary\n|\n|upkeep\n|\n|t:|1719193654\n|switch|p2a: ScytherPunk 2077|Scizor-Mega, M|336/336\n|turn|14\n|\n|t:|1719193672\n|move|p2a: ScytherPunk 2077|Bullet Punch|p1b: Sinistcha\n|debug|Base Power: 40\n|debug|Technician boost\n|-damage|p1b: Sinistcha|165/346\n|move|p2b: Lakitu|Bleakwind Storm|p1a: Hitmonlee|[spread] \n|-miss|p2b: Lakitu|p1a: Hitmonlee\n|-miss|p2b: Lakitu|p1b: Sinistcha\n|move|p1a: Hitmonlee|Close Combat|p2a: ScytherPunk 2077\n|-damage|p2a: ScytherPunk 2077|198/336\n|-unboost|p1a: Hitmonlee|def|1\n|-unboost|p1a: Hitmonlee|spd|1\n|move|p1b: Sinistcha|Matcha Gotcha|p2a: ScytherPunk 2077|[spread] p2a,p2b\n|debug|Spread modifier: 0.75\n|-resisted|p2a: ScytherPunk 2077\n|debug|Spread modifier: 0.75\n|-resisted|p2b: Lakitu\n|-damage|p2a: ScytherPunk 2077|180/336\n|-heal|p1b: Sinistcha|174/346|[from] drain|[of] p2a: ScytherPunk 2077\n|-damage|p2b: Lakitu|169/362\n|-heal|p1b: Sinistcha|194/346|[from] drain|[of] p2b: Lakitu\n|debug|Covert Cloak prevent secondary\n|\n|upkeep\n|turn|15\n|\n|t:|1719193696\n|move|p1a: Hitmonlee|Wide Guard|p1a: Hitmonlee\n|-singleturn|p1a: Hitmonlee|Wide Guard\n|move|p2b: Lakitu|Bleakwind Storm|p1b: Sinistcha|[spread] \n|-activate|p1a: Hitmonlee|move: Wide Guard\n|-activate|p1b: Sinistcha|move: Wide Guard\n|move|p2a: ScytherPunk 2077|U-turn|p1b: Sinistcha\n|debug|Base Power: 70\n|-damage|p1b: Sinistcha|82/346\n|move|p1b: Sinistcha|Matcha Gotcha|p2a: ScytherPunk 2077|[spread] p2a,p2b\n|debug|Spread modifier: 0.75\n|-resisted|p2a: ScytherPunk 2077\n|debug|Spread modifier: 0.75\n|-resisted|p2b: Lakitu\n|-damage|p2a: ScytherPunk 2077|161/336\n|-heal|p1b: Sinistcha|92/346|[from] drain|[of] p2a: ScytherPunk 2077\n|-damage|p2b: Lakitu|131/362\n|-heal|p1b: Sinistcha|111/346|[from] drain|[of] p2b: Lakitu\n|debug|Covert Cloak prevent secondary\n|\n|upkeep\n|turn|16\n|\n|t:|1719193755\n|move|p1a: Hitmonlee|Sucker Punch|p2b: Lakitu\n|-damage|p2b: Lakitu|57/362\n|move|p2b: Lakitu|Bleakwind Storm|p1a: Hitmonlee|[spread] \n|-miss|p2b: Lakitu|p1a: Hitmonlee\n|-miss|p2b: Lakitu|p1b: Sinistcha\n|move|p2a: ScytherPunk 2077|U-turn|p1b: Sinistcha\n|debug|Base Power: 70\n|-damage|p1b: Sinistcha|3/346\n|move|p1b: Sinistcha|Matcha Gotcha|p2b: Lakitu|[spread] p2a,p2b\n|debug|Spread modifier: 0.75\n|-resisted|p2a: ScytherPunk 2077\n|debug|Spread modifier: 0.75\n|-resisted|p2b: Lakitu\n|-damage|p2a: ScytherPunk 2077|140/336\n|-heal|p1b: Sinistcha|14/346|[from] drain|[of] p2a: ScytherPunk 2077\n|-damage|p2b: Lakitu|19/362\n|-heal|p1b: Sinistcha|33/346|[from] drain|[of] p2b: Lakitu\n|-status|p2a: ScytherPunk 2077|brn\n|debug|Covert Cloak prevent secondary\n|\n|-damage|p2a: ScytherPunk 2077|119/336 brn|[from] brn\n|-sideend|p2: je64|move: Tailwind\n|upkeep\n|turn|17\n|\n|t:|1719193786\n|move|p1a: Hitmonlee|Wide Guard|p1a: Hitmonlee\n|-singleturn|p1a: Hitmonlee|Wide Guard\n|move|p2b: Lakitu|Tailwind|p2b: Lakitu\n|-sidestart|p2: je64|move: Tailwind\n|move|p2a: ScytherPunk 2077|U-turn|p1b: Sinistcha\n|debug|Base Power: 70\n|-damage|p1b: Sinistcha|0 fnt\n|faint|p1b: Sinistcha\n|debug|AfterMoveSecondary handler suppressed by Embargo, Klutz or Magic Room\n|\n|-damage|p2a: ScytherPunk 2077|98/336 brn|[from] brn\n|upkeep\n|turn|18\n|\n|t:|1719193803\n|move|p2a: ScytherPunk 2077|Bullet Punch|p1a: Hitmonlee\n|debug|Base Power: 40\n|debug|Technician boost\n|-damage|p1a: Hitmonlee|156/304\n|move|p1a: Hitmonlee|Sucker Punch|p2b: Lakitu\n|-damage|p2b: Lakitu|0 fnt\n|faint|p2b: Lakitu\n|\n|-damage|p2a: ScytherPunk 2077|77/336 brn|[from] brn\n|upkeep\n|turn|19\n|\n|t:|1719193810\n|move|p2a: ScytherPunk 2077|Bullet Punch|p1a: Hitmonlee\n|debug|Base Power: 40\n|debug|Technician boost\n|-damage|p1a: Hitmonlee|0 fnt\n|faint|p1a: Hitmonlee\n|\n|win|je64\n","uploadtime":1719193815,"views":"49","formatid":"gen9doublescustomgame","rating":null,"private":0,"password":null}