{"id":"gen9doublescustomgame-2388832723","format":"[Gen 9] Doubles Custom Game","players":["mistermoscow","Mattmandaman"],"log":"|j|☆mistermoscow\n|j|☆Mattmandaman\n|t:|1750473570\n|gametype|doubles\n|player|p1|mistermoscow|alder|\n|player|p2|Mattmandaman|giovanni|\n|teamsize|p1|6\n|teamsize|p2|6\n|gen|9\n|tier|[Gen 9] Doubles Custom Game\n|clearpoke\n|poke|p1|Clefairy, M|\n|poke|p1|Dugtrio, M|\n|poke|p1|Primeape, M|\n|poke|p1|Dewgong, M|\n|poke|p1|Jolteon, M|\n|poke|p1|Dragonite, M|\n|poke|p2|Onix|\n|poke|p2|Starmie|\n|poke|p2|Nidoking, M|\n|poke|p2|Snorlax|\n|poke|p2|Gengar|\n|poke|p2|Muk|\n|teampreview\n|j| je64\n|\n|t:|1750473747\n|start\n|switch|p1a: Douggie|Dugtrio, M|212/212\n|switch|p1b: Sparky|Jolteon, M|272/272\n|switch|p2a: Onix|Onix|212/212\n|switch|p2b: Gengar|Gengar|262/262\n|-item|p2a: Onix|Air Balloon\n|debug|natural status immunity\n|turn|1\n|\n|t:|1750473781\n|move|p2b: Gengar|Protect|p2b: Gengar\n|-singleturn|p2b: Gengar|Protect\n|move|p1b: Sparky|Reflect|p1b: Sparky\n|-sidestart|p1: mistermoscow|Reflect\n|move|p1a: Douggie|Rock Slide|p2b: Gengar|[spread] p2a\n|-activate|p2b: Gengar|move: Protect\n|debug|Spread modifier: 0.75\n|-resisted|p2a: Onix\n|-damage|p2a: Onix|199/212\n|-enditem|p2a: Onix|Air Balloon\n|move|p2a: Onix|Stealth Rock|p1a: Douggie\n|-sidestart|p1: mistermoscow|move: Stealth Rock\n|\n|upkeep\n|debug|natural status immunity\n|turn|2\n|\n|t:|1750473821\n|move|p1b: Sparky|Electroweb|p2b: Gengar|[spread] p2b\n|-immune|p2a: Onix\n|debug|Spread modifier: 0.75\n|-damage|p2b: Gengar|184/262\n|-unboost|p2b: Gengar|spe|1\n|move|p1a: Douggie|High Horsepower|p2a: Onix\n|-supereffective|p2a: Onix\n|-damage|p2a: Onix|65/212\n|move|p2a: Onix|Body Press|p1a: Douggie\n|debug|Reflect weaken\n|-damage|p1a: Douggie|73/212\n|move|p2b: Gengar|Icy Wind|p1b: Sparky|[spread] p1a,p1b\n|debug|Spread modifier: 0.75\n|-supereffective|p1a: Douggie\n|debug|Spread modifier: 0.75\n|-damage|p1a: Douggie|0 fnt\n|-damage|p1b: Sparky|220/272\n|-unboost|p1b: Sparky|spe|1\n|faint|p1a: Douggie\n|\n|upkeep\n|\n|t:|1750473843\n|switch|p1a: Cliffoord|Clefairy, M|281/281\n|debug|damage event failed\n|turn|3\n|\n|t:|1750473868\n|switch|p2b: Snorlax|Snorlax|484/484\n|move|p1b: Sparky|Light Screen|p1b: Sparky\n|-sidestart|p1: mistermoscow|move: Light Screen\n|move|p1a: Cliffoord|Cosmic Power|p1a: Cliffoord\n|-boost|p1a: Cliffoord|def|1\n|-boost|p1a: Cliffoord|spd|1\n|move|p2a: Onix|Roar|p1a: Cliffoord\n|drag|p1a: Puff Daddy|Dragonite, M|386/386\n|-damage|p1a: Puff Daddy|290/386|[from] Stealth Rock\n|\n|upkeep\n|turn|4\n|\n|t:|1750473921\n|move|p1b: Sparky|Thunder|p2b: Snorlax|[miss]\n|-miss|p1b: Sparky|p2b: Snorlax\n|move|p2a: Onix|Body Press|p1b: Sparky\n|debug|Reflect weaken\n|-damage|p1b: Sparky|89/272\n|move|p1a: Puff Daddy|Tailwind|p1a: Puff Daddy\n|-sidestart|p1: mistermoscow|move: Tailwind\n|move|p2b: Snorlax|Body Slam|p1a: Puff Daddy\n|debug|Reflect weaken\n|-damage|p1a: Puff Daddy|181/386\n|-status|p1a: Puff Daddy|par\n|\n|upkeep\n|turn|5\n|\n|t:|1750473959\n|switch|p1a: Cliffoord|Clefairy, M|281/281\n|debug|damage event failed\n|move|p2a: Onix|Protect|p2a: Onix\n|-singleturn|p2a: Onix|Protect\n|move|p1b: Sparky|Thunder|p2b: Snorlax|[miss]\n|-miss|p1b: Sparky|p2b: Snorlax\n|move|p2b: Snorlax|Body Slam|p1a: Cliffoord\n|debug|Reflect weaken\n|-damage|p1a: Cliffoord|206/281\n|-status|p1a: Cliffoord|par\n|\n|upkeep\n|turn|6\n|\n|t:|1750473987\n|switch|p1b: Dewey|Dewgong, M|384/384\n|-damage|p1b: Dewey|288/384|[from] Stealth Rock\n|cant|p1a: Cliffoord|par\n|move|p2a: Onix|Body Press|p1b: Dewey\n|-supereffective|p1b: Dewey\n|debug|Reflect weaken\n|-damage|p1b: Dewey|105/384\n|move|p2b: Snorlax|Body Slam|p1a: Cliffoord\n|debug|Reflect weaken\n|-damage|p1a: Cliffoord|136/281 par\n|\n|-heal|p1b: Dewey|129/384|[from] item: Leftovers\n|upkeep\n|turn|7\n|\n|t:|1750474028\n|move|p2a: Onix|Protect|p2a: Onix\n|-singleturn|p2a: Onix|Protect\n|move|p1b: Dewey|Fake Out|p2a: Onix\n|-activate|p2a: Onix|move: Protect\n|move|p1a: Cliffoord|Cosmic Power|p1a: Cliffoord\n|-boost|p1a: Cliffoord|def|1\n|-boost|p1a: Cliffoord|spd|1\n|move|p2b: Snorlax|Body Slam|p1a: Cliffoord\n|debug|Reflect weaken\n|-damage|p1a: Cliffoord|90/281 par\n|\n|-heal|p1b: Dewey|153/384|[from] item: Leftovers\n|-sideend|p1: mistermoscow|move: Tailwind\n|upkeep\n|turn|8\n|\n|t:|1750474050\n|move|p1b: Dewey|Ice Shard|p2a: Onix\n|-supereffective|p2a: Onix\n|-damage|p2a: Onix|9/212\n|move|p2a: Onix|Body Press|p1b: Dewey\n|-supereffective|p1b: Dewey\n|debug|Reflect weaken\n|-damage|p1b: Dewey|0 fnt\n|faint|p1b: Dewey\n|move|p2b: Snorlax|Body Slam|p1a: Cliffoord\n|debug|Reflect weaken\n|-damage|p1a: Cliffoord|40/281 par\n|cant|p1a: Cliffoord|par\n|\n|-sideend|p1: mistermoscow|Reflect\n|upkeep\n|\n|t:|1750474064\n|switch|p1b: Puff Daddy|Dragonite, M|181/386 par\n|-damage|p1b: Puff Daddy|85/386 par|[from] Stealth Rock\n|turn|9\n|\n|t:|1750474088\n|cant|p1b: Puff Daddy|par\n|move|p2b: Snorlax|Body Slam|p1a: Cliffoord\n|-damage|p1a: Cliffoord|0 fnt\n|faint|p1a: Cliffoord\n|move|p2a: Onix|Roar|p1b: Puff Daddy\n|drag|p1b: Sparky|Jolteon, M|89/272\n|-damage|p1b: Sparky|55/272|[from] Stealth Rock\n|\n|upkeep\n|\n|t:|1750474096\n|switch|p1a: Puff Daddy|Dragonite, M|85/386 par\n|-damage|p1a: Puff Daddy|0 fnt|[from] Stealth Rock\n|faint|p1a: Puff Daddy\n|\n|t:|1750474100\n|switch|p1a: Apollo|Primeape, M|272/272\n|-damage|p1a: Apollo|255/272|[from] Stealth Rock\n|turn|10\n|\n|t:|1750474116\n|move|p1b: Sparky|Reflect|p1b: Sparky\n|-sidestart|p1: mistermoscow|Reflect\n|move|p2a: Onix|Body Press|p1b: Sparky\n|debug|Reflect weaken\n|-damage|p1b: Sparky|0 fnt\n|faint|p1b: Sparky\n|move|p1a: Apollo|Drain Punch|p2b: Snorlax\n|-supereffective|p2b: Snorlax\n|-damage|p2b: Snorlax|266/484\n|-heal|p1a: Apollo|272/272|[from] drain|[of] p2b: Snorlax\n|move|p2b: Snorlax|Body Slam|p1a: Apollo\n|debug|Reflect weaken\n|-damage|p1a: Apollo|205/272\n|\n|-heal|p2b: Snorlax|296/484|[from] item: Leftovers\n|-sideend|p1: mistermoscow|move: Light Screen\n|upkeep\n|turn|11\n|\n|t:|1750474140\n|move|p2a: Onix|Body Press|p1a: Apollo\n|debug|Reflect weaken\n|-damage|p1a: Apollo|142/272\n|move|p1a: Apollo|Drain Punch|p2b: Snorlax\n|-supereffective|p2b: Snorlax\n|-damage|p2b: Snorlax|62/484\n|-heal|p1a: Apollo|259/272|[from] drain|[of] p2b: Snorlax\n|move|p2b: Snorlax|Body Slam|p1a: Apollo\n|debug|Reflect weaken\n|-damage|p1a: Apollo|185/272\n|\n|-heal|p2b: Snorlax|92/484|[from] item: Leftovers\n|upkeep\n|turn|12\n|\n|t:|1750474155\n|move|p1a: Apollo|Protect|p1a: Apollo\n|-singleturn|p1a: Apollo|Protect\n|move|p2a: Onix|Body Press|p1a: Apollo\n|-activate|p1a: Apollo|move: Protect\n|move|p2b: Snorlax|Body Slam|p1a: Apollo\n|-activate|p1a: Apollo|move: Protect\n|\n|-heal|p2b: Snorlax|122/484|[from] item: Leftovers\n|upkeep\n|turn|13\n|\n|t:|1750474176\n|move|p2a: Onix|Body Press|p1a: Apollo\n|debug|Reflect weaken\n|-damage|p1a: Apollo|128/272\n|move|p1a: Apollo|Drain Punch|p2a: Onix\n|-supereffective|p2a: Onix\n|-damage|p2a: Onix|0 fnt\n|-heal|p1a: Apollo|133/272|[from] drain|[of] p2a: Onix\n|faint|p2a: Onix\n|move|p2b: Snorlax|Body Slam|p1a: Apollo\n|debug|Reflect weaken\n|-damage|p1a: Apollo|64/272\n|\n|-heal|p2b: Snorlax|152/484|[from] item: Leftovers\n|upkeep\n|\n|t:|1750474189\n|switch|p2a: Starmie|Starmie|262/262\n|turn|14\n|\n|t:|1750474194\n|move|p2a: Starmie|Psychic|p1a: Apollo\n|-supereffective|p1a: Apollo\n|-damage|p1a: Apollo|0 fnt\n|faint|p1a: Apollo\n|\n|win|Mattmandaman\n","uploadtime":1750474204,"views":"9","formatid":"gen9doublescustomgame","rating":null,"private":0,"password":null}