{"id":"gen9doublescustomgame-2311110026","format":"[Gen 9] Doubles Custom Game","players":["mistermoscow","mattmandaman"],"log":"|j|☆mistermoscow\n|j|☆mattmandaman\n|t:|1740947771\n|gametype|doubles\n|player|p1|mistermoscow|alder|\n|player|p2|mattmandaman|giovanni|\n|teamsize|p1|6\n|teamsize|p2|6\n|gen|9\n|tier|[Gen 9] Doubles Custom Game\n|clearpoke\n|poke|p1|Nidoking, M|\n|poke|p1|Clefairy, M|\n|poke|p1|Primeape, M|\n|poke|p1|Dewgong, M|\n|poke|p1|Jolteon, M|\n|poke|p1|Dragonite, M|\n|poke|p2|Slowpoke, M|\n|poke|p2|Dodrio, F|\n|poke|p2|Nidoking, M|\n|poke|p2|Starmie|\n|poke|p2|Electrode|\n|poke|p2|Gengar, F|\n|teampreview\n|\n|t:|1740947806\n|start\n|switch|p1a: Sparky|Jolteon, M|271/271\n|switch|p1b: King Nido|Nidoking, M|304/304\n|switch|p2a: Gengar|Gengar, F|262/262\n|switch|p2b: Electrode|Electrode|289/289\n|turn|1\n|\n|t:|1740947834\n|move|p2a: Gengar|Protect|p2a: Gengar\n|-singleturn|p2a: Gengar|Protect\n|move|p2b: Electrode|Metal Sound|p1b: King Nido\n|-unboost|p1b: King Nido|spd|2\n|move|p1b: King Nido|Earth Power|p2b: Electrode\n|-supereffective|p2b: Electrode\n|-damage|p2b: Electrode|0 fnt\n|faint|p2b: Electrode\n|move|p1a: Sparky|Electroweb|p2a: Gengar\n|-activate|p2a: Gengar|move: Protect\n|\n|upkeep\n|\n|t:|1740947855\n|switch|p2b: Nidoking|Nidoking, M|304/304\n|turn|2\n|\n|t:|1740947882\n|move|p2b: Nidoking|Earth Power|p1a: Sparky\n|-supereffective|p1a: Sparky\n|-damage|p1a: Sparky|0 fnt\n|faint|p1a: Sparky\n|move|p1b: King Nido|Earth Power|p2a: Gengar\n|-supereffective|p2a: Gengar\n|-damage|p2a: Gengar|0 fnt\n|faint|p2a: Gengar\n|\n|upkeep\n|\n|t:|1740947900\n|switch|p1a: Clifford|Clefairy, M|282/282\n|switch|p2a: Dodrio|Dodrio, F|262/262\n|turn|3\n|\n|t:|1740947926\n|move|p1a: Clifford|Follow Me|p1a: Clifford\n|-singleturn|p1a: Clifford|move: Follow Me\n|move|p1b: King Nido|Earth Power|p2b: Nidoking\n|-supereffective|p2b: Nidoking\n|-damage|p2b: Nidoking|0 fnt\n|faint|p2b: Nidoking\n|move|p2a: Dodrio|Tailwind|p2a: Dodrio\n|-sidestart|p2: mattmandaman|move: Tailwind\n|\n|upkeep\n|\n|t:|1740947931\n|switch|p2b: Slowpoke|Slowpoke, M|384/384\n|turn|4\n|\n|t:|1740947948\n|switch|p1b: Puff Daddy|Dragonite, M|324/324\n|move|p2a: Dodrio|Drill Peck|p1a: Clifford\n|-damage|p1a: Clifford|197/282\n|move|p2b: Slowpoke|Psychic Terrain|p2b: Slowpoke\n|-fieldstart|move: Psychic Terrain\n|move|p1a: Clifford|Teleport|p1a: Clifford\n|\n|t:|1740947956\n|switch|p1a: King Nido|Nidoking, M|304/304|[from] Teleport\n|\n|upkeep\n|turn|5\n|\n|t:|1740948000\n|switch|p1a: Clifford|Clefairy, M|197/282\n|move|p2a: Dodrio|Protect|p2a: Dodrio\n|-singleturn|p2a: Dodrio|Protect\n|move|p1b: Puff Daddy|Dragon Dance|p1b: Puff Daddy\n|-boost|p1b: Puff Daddy|atk|1\n|-boost|p1b: Puff Daddy|spe|1\n|move|p2b: Slowpoke|Teleport|p2b: Slowpoke\n|\n|t:|1740948009\n|switch|p2b: Starmie|Starmie|262/262|[from] Teleport\n|\n|upkeep\n|turn|6\n|\n|t:|1740948030\n|move|p2b: Starmie|Expanding Force|p1a: Clifford|[spread] p1a,p1b\n|debug|psychic terrain boost\n|debug|terrain buff\n|debug|Spread modifier: 0.75\n|debug|psychic terrain boost\n|debug|terrain buff\n|debug|Spread modifier: 0.75\n|debug|Friend Guard weaken\n|-damage|p1a: Clifford|11/282\n|-damage|p1b: Puff Daddy|142/324\n|move|p2a: Dodrio|Drill Peck|p1b: Puff Daddy\n|debug|Friend Guard weaken\n|-damage|p1b: Puff Daddy|52/324\n|move|p1b: Puff Daddy|Dragon Claw|p2b: Starmie\n|-crit|p2b: Starmie\n|-damage|p2b: Starmie|0 fnt\n|faint|p2b: Starmie\n|-damage|p1b: Puff Daddy|20/324|[from] item: Life Orb\n|move|p1a: Clifford|Seismic Toss|p2a: Dodrio\n|-damage|p2a: Dodrio|162/262\n|\n|-sideend|p2: mattmandaman|move: Tailwind\n|upkeep\n|\n|t:|1740948039\n|switch|p2b: Slowpoke|Slowpoke, M|384/384\n|turn|7\n|\n|t:|1740948080\n|move|p1b: Puff Daddy|Dragon Claw|p2a: Dodrio\n|-crit|p2a: Dodrio\n|-damage|p2a: Dodrio|0 fnt\n|faint|p2a: Dodrio\n|-damage|p1b: Puff Daddy|0 fnt|[from] item: Life Orb\n|faint|p1b: Puff Daddy\n|move|p1a: Clifford|Wish|p1a: Clifford\n|move|p2b: Slowpoke|Expanding Force|p1a: Clifford\n|debug|psychic terrain boost\n|debug|terrain buff\n|-damage|p1a: Clifford|0 fnt\n|faint|p1a: Clifford\n|\n|upkeep\n|\n|t:|1740948105\n|switch|p1b: King Nido|Nidoking, M|304/304\n|switch|p1a: Dewey|Dewgong, M|384/384\n|turn|8\n|\n|t:|1740948114\n|move|p1b: King Nido|Thunderbolt|p2b: Slowpoke\n|-supereffective|p2b: Slowpoke\n|-damage|p2b: Slowpoke|66/384\n|move|p1a: Dewey|Knock Off|p2b: Slowpoke\n|-supereffective|p2b: Slowpoke\n|-damage|p2b: Slowpoke|0 fnt\n|-enditem|p2b: Slowpoke|Terrain Extender|[from] move: Knock Off|[of] p1a: Dewey\n|faint|p2b: Slowpoke\n|\n|win|mistermoscow\n|c|☆mistermoscow|gg\n|c|☆mattmandaman|gg\n","uploadtime":1740948124,"views":"13","formatid":"gen9doublescustomgame","rating":null,"private":0,"password":null}