{"id":"gen9doublescustomgame-2292168960","format":"[Gen 9] Doubles Custom Game","players":["mistermoscow","Mattmandaman"],"log":"|j|☆mistermoscow\n|j|☆Mattmandaman\n|t:|1738373925\n|gametype|doubles\n|player|p1|mistermoscow|alder|\n|player|p2|Mattmandaman|giovanni|\n|teamsize|p1|6\n|teamsize|p2|6\n|gen|9\n|tier|[Gen 9] Doubles Custom Game\n|clearpoke\n|poke|p1|Victreebel, M|\n|poke|p1|Dewgong, M|\n|poke|p1|Nidoking, M|\n|poke|p1|Poliwrath, F|\n|poke|p1|Gengar, F|\n|poke|p1|Dragonite, M|\n|poke|p2|Machamp, F|\n|poke|p2|Starmie|\n|poke|p2|Chansey, F|\n|poke|p2|Nidoking, M|\n|poke|p2|Gengar, M|\n|poke|p2|Muk, F|\n|teampreview\n|\n|t:|1738373957\n|start\n|switch|p1a: Puff Daddy|Dragonite, M|323/323\n|switch|p1b: Gang Gang|Gengar, F|262/262\n|switch|p2a: Starmie|Starmie|262/262\n|switch|p2b: Muk|Muk, F|414/414\n|turn|1\n|\n|t:|1738373998\n|move|p1b: Gang Gang|Protect|p1b: Gang Gang\n|-singleturn|p1b: Gang Gang|Protect\n|move|p2a: Starmie|Icy Wind|p1a: Puff Daddy|[spread] p1a\n|-activate|p1b: Gang Gang|move: Protect\n|debug|Spread modifier: 0.75\n|-supereffective|p1a: Puff Daddy\n|debug|Multiscale weaken\n|-damage|p1a: Puff Daddy|243/323\n|debug|move failed because it did nothing\n|move|p1a: Puff Daddy|Dragon Claw|p2a: Starmie\n|-damage|p2a: Starmie|73/262\n|move|p2b: Muk|Poison Jab|p1a: Puff Daddy\n|-crit|p1a: Puff Daddy\n|-damage|p1a: Puff Daddy|39/323\n|-status|p1a: Puff Daddy|psn\n|\n|-damage|p1a: Puff Daddy|0 fnt|[from] psn\n|faint|p1a: Puff Daddy\n|upkeep\n|c|☆mistermoscow|Weak\n|c|☆Mattmandaman|yea that was rough\n|\n|t:|1738374033\n|switch|p1a: King Nido|Nidoking, M|304/304\n|turn|2\n|\n|t:|1738374080\n|switch|p2a: Chansey|Chansey, F|704/704\n|move|p1a: King Nido|Earth Power|p2a: Chansey\n|-damage|p2a: Chansey|605/704\n|move|p1b: Gang Gang|Will-O-Wisp|p2b: Muk\n|-status|p2b: Muk|brn\n|move|p2b: Muk|Ice Punch|p1a: King Nido\n|-supereffective|p1a: King Nido\n|-damage|p1a: King Nido|190/304\n|debug|natural status immunity\n|debug|immune to status\n|\n|-damage|p2b: Muk|389/414 brn|[from] brn\n|upkeep\n|turn|3\n|\n|t:|1738374104\n|switch|p1b: Victor|Victreebel, M|364/364\n|move|p2b: Muk|Protect|p2b: Muk\n|-singleturn|p2b: Muk|Protect\n|move|p1a: King Nido|Earth Power|p2b: Muk\n|-activate|p2b: Muk|move: Protect\n|move|p2a: Chansey|Seismic Toss|p1a: King Nido\n|-damage|p1a: King Nido|90/304\n|\n|-heal|p2b: Muk|414/414 brn|[from] item: Black Sludge\n|-damage|p2b: Muk|389/414 brn|[from] brn\n|upkeep\n|turn|4\n|\n|t:|1738374129\n|switch|p1a: Polly|Poliwrath, F|322/322\n|move|p1b: Victor|Swords Dance|p1b: Victor\n|-boost|p1b: Victor|atk|2\n|move|p2a: Chansey|Seismic Toss|p1a: Polly\n|-damage|p1a: Polly|222/322\n|move|p2b: Muk|Ice Punch|p1b: Victor\n|-supereffective|p1b: Victor\n|-damage|p1b: Victor|236/364\n|\n|-heal|p2b: Muk|414/414 brn|[from] item: Black Sludge\n|-damage|p2b: Muk|389/414 brn|[from] brn\n|upkeep\n|turn|5\n|\n|t:|1738374156\n|move|p1b: Victor|Protect|p1b: Victor\n|-singleturn|p1b: Victor|Protect\n|move|p2b: Muk|Poison Jab|p1a: Polly\n|-damage|p1a: Polly|164/322\n|-status|p1a: Polly|psn|[from] ability: Poison Touch|[of] p2b: Muk\n|move|p1a: Polly|Circle Throw|p2b: Muk\n|-resisted|p2b: Muk\n|-damage|p2b: Muk|326/414 brn\n|drag|p2b: Nidoking|Nidoking, M|304/304\n|move|p2a: Chansey|Teleport|p2a: Chansey\n|\n|t:|1738374185\n|switch|p2a: Gengar|Gengar, M|262/262|[from] Teleport\n|\n|-damage|p1a: Polly|124/322 psn|[from] psn\n|upkeep\n|turn|6\n|\n|t:|1738374219\n|move|p1b: Victor|Sucker Punch|p2a: Gengar\n|-supereffective|p2a: Gengar\n|-enditem|p2a: Gengar|Focus Sash\n|-damage|p2a: Gengar|1/262\n|move|p2b: Nidoking|Ice Beam|p1b: Victor\n|-supereffective|p1b: Victor\n|-damage|p1b: Victor|0 fnt\n|faint|p1b: Victor\n|move|p2a: Gengar|Sludge Bomb|p1a: Polly\n|-damage|p1a: Polly|0 fnt\n|debug|move failed because it did nothing\n|faint|p1a: Polly\n|\n|upkeep\n|\n|t:|1738374236\n|switch|p1a: Gang Gang|Gengar, F|262/262\n|switch|p1b: Dewey|Dewgong, M|384/384\n|turn|7\n|\n|t:|1738374260\n|switch|p2b: Chansey|Chansey, F|605/704\n|move|p1b: Dewey|Ice Shard|p2b: Chansey\n|-damage|p2b: Chansey|530/704\n|move|p1a: Gang Gang|Icy Wind|p2a: Gengar|[spread] p2a,p2b\n|debug|Spread modifier: 0.75\n|debug|Spread modifier: 0.75\n|-damage|p2a: Gengar|0 fnt\n|-damage|p2b: Chansey|504/704\n|-unboost|p2b: Chansey|spe|1\n|faint|p2a: Gengar\n|\n|upkeep\n|\n|t:|1738374268\n|switch|p2a: Muk|Muk, F|326/414 brn\n|turn|8\n|\n|t:|1738374291\n|move|p1a: Gang Gang|Shadow Ball|p2a: Muk\n|-damage|p2a: Muk|196/414 brn\n|move|p1b: Dewey|Flip Turn|p2a: Muk\n|-damage|p2a: Muk|88/414 brn\n|\n|t:|1738374298\n|switch|p1b: King Nido|Nidoking, M|90/304|[from] Flip Turn\n|move|p2a: Muk|Poison Jab|p1b: King Nido\n|-resisted|p1b: King Nido\n|-damage|p1b: King Nido|69/304\n|debug|natural status immunity\n|debug|immune to status\n|move|p2b: Chansey|Thunder Wave|p1a: Gang Gang\n|-status|p1a: Gang Gang|par\n|\n|-heal|p2a: Muk|113/414 brn|[from] item: Black Sludge\n|-damage|p2a: Muk|88/414 brn|[from] brn\n|upkeep\n|turn|9\n|\n|t:|1738374349\n|move|p2a: Muk|Shadow Sneak|p1a: Gang Gang\n|-supereffective|p1a: Gang Gang\n|-damage|p1a: Gang Gang|188/262 par\n|move|p1b: King Nido|Sludge Wave|p2a: Muk|[spread] p1a,p2a,p2b\n|debug|Spread modifier: 0.75\n|-resisted|p1a: Gang Gang\n|debug|Spread modifier: 0.75\n|-resisted|p2a: Muk\n|debug|Spread modifier: 0.75\n|-damage|p1a: Gang Gang|146/262 par\n|-damage|p2a: Muk|15/414 brn\n|-damage|p2b: Chansey|431/704\n|move|p1a: Gang Gang|Shadow Ball|p2a: Muk\n|-damage|p2a: Muk|0 fnt\n|faint|p2a: Muk\n|move|p2b: Chansey|Seismic Toss|p1b: King Nido\n|-damage|p1b: King Nido|0 fnt\n|faint|p1b: King Nido\n|\n|upkeep\n|\n|t:|1738374369\n|switch|p1b: Dewey|Dewgong, M|384/384\n|switch|p2a: Machamp|Machamp, F|384/384\n|turn|10\n|\n|t:|1738374393\n|move|p1b: Dewey|Fake Out|p2a: Machamp\n|-damage|p2a: Machamp|341/384\n|move|p1a: Gang Gang|Shadow Ball|p2a: Machamp\n|-damage|p2a: Machamp|185/384\n|cant|p2a: Machamp|flinch\n|move|p2b: Chansey|Seismic Toss|p1b: Dewey\n|-damage|p1b: Dewey|284/384\n|\n|-heal|p1b: Dewey|308/384|[from] item: Leftovers\n|upkeep\n|turn|11\n|\n|t:|1738374416\n|move|p1a: Gang Gang|Protect|p1a: Gang Gang\n|-singleturn|p1a: Gang Gang|Protect\n|move|p1b: Dewey|Flip Turn|p2a: Machamp\n|-damage|p2a: Machamp|91/384\n|move|p2a: Machamp|Dynamic Punch|p1b: Dewey\n|debug|Punching Glove boost\n|-supereffective|p1b: Dewey\n|-damage|p1b: Dewey|0 fnt\n|debug|move failed because it did nothing\n|faint|p1b: Dewey\n|move|p2b: Chansey|Thunder Wave|p1a: Gang Gang\n|-activate|p1a: Gang Gang|move: Protect\n|\n|upkeep\n|turn|12\n|\n|t:|1738374441\n|cant|p1a: Gang Gang|par\n|move|p2a: Machamp|Stone Edge|p1a: Gang Gang\n|-damage|p1a: Gang Gang|0 fnt\n|faint|p1a: Gang Gang\n|\n|win|Mattmandaman\n|c|☆mistermoscow|Gg\n|c|☆Mattmandaman|gg\n|c|☆mistermoscow|Another?\n|c|☆Mattmandaman|surely\n","uploadtime":1738374455,"views":"21","formatid":"gen9doublescustomgame","rating":null,"private":0,"password":null}