{"id":"gen9championsdoublescustomgame-2666003563","format":"[Gen 9 Champions] Doubles Custom Game","players":["mistermoscow","Jamochi"],"log":"|j|☆mistermoscow\n|j|☆Jamochi\n|t:|1786932207\n|gametype|doubles\n|player|p1|mistermoscow|benga|\n|player|p2|Jamochi|li|\n|gen|9\n|tier|[Gen 9 Champions] Doubles Custom Game\n|clearpoke\n|poke|p1|Venusaur, L50, M|\n|poke|p1|Ninetales-Alola, L50, F|\n|poke|p1|Zapdos-Galar, L50|\n|poke|p1|Magearna, L50|\n|poke|p1|Ursaluna, L50, M|\n|poke|p1|Chi-Yu, L50|\n|poke|p2|Dragonite, L50|\n|poke|p2|Cresselia, L50|\n|poke|p2|Celesteela, L50|\n|poke|p2|Landorus-Therian, L50|\n|poke|p2|Brute Bonnet, L50|\n|poke|p2|Tapu Lele, L50|\n|teampreview\n|c|☆Jamochi|its onnn\n|c|☆Jamochi|its awnnn!~!\n|j| MattcanDaPan\n|c|☆mistermoscow|izzz oonnn!!!!!\n|c|☆Jamochi|ITS AWWNN\n|\n|t:|1786932272\n|teamsize|p1|6\n|teamsize|p2|6\n|start\n|switch|p1a: Princess Sparkle|Ninetales-Alola, L50, F|180/180\n|switch|p1b: Chip|Chi-Yu, L50|130/130\n|switch|p2a: Celesteela|Celesteela, L50|204/204\n|switch|p2b: Landorus|Landorus-Therian, L50|196/196\n|-weather|Snowscape|[from] ability: Snow Warning|[of] p1a: Princess Sparkle\n|-ability|p1b: Chip|Beads of Ruin\n|-ability|p2b: Landorus|Intimidate|boost\n|-unboost|p1a: Princess Sparkle|atk|1\n|-unboost|p1b: Chip|atk|1\n|turn|1\n|\n|t:|1786932311\n|move|p1a: Princess Sparkle|Aurora Veil|p1a: Princess Sparkle\n|-sidestart|p1: mistermoscow|move: Aurora Veil\n|move|p1b: Chip|Heat Wave|p2b: Landorus|[spread] p2a,p2b\n|debug|Beads of Ruin SpD drop\n|debug|Spread modifier: 0.75\n|-supereffective|p2a: Celesteela|1\n|-crit|p2a: Celesteela\n|debug|Beads of Ruin SpD drop\n|debug|Spread modifier: 0.75\n|-damage|p2a: Celesteela|0 fnt\n|-damage|p2b: Landorus|44/196\n|faint|p2a: Celesteela\n|-damage|p1b: Chip|117/130|[from] item: Life Orb\n|move|p2b: Landorus|Earthquake|p1a: Princess Sparkle|[spread] p1a,p1b\n|debug|Spread modifier: 0.75\n|debug|Aurora Veil weaken\n|debug|Spread modifier: 0.75\n|-supereffective|p1b: Chip|1\n|debug|Aurora Veil weaken\n|-damage|p1a: Princess Sparkle|145/180\n|-damage|p1b: Chip|17/130\n|\n|-weather|Snowscape|[upkeep]\n|upkeep\n|c|☆Jamochi|F lol\n|\n|t:|1786932334\n|switch|p2a: Dragonite|Dragonite, L50|168/168\n|turn|2\n|\n|t:|1786932356\n|switch|p1b: Daniel|Zapdos-Galar, L50|197/197\n|switch|p2b: Tapu Lele|Tapu Lele, L50|177/177\n|-fieldstart|move: Psychic Terrain|[from] ability: Psychic Surge|[of] p2b: Tapu Lele\n|detailschange|p2a: Dragonite|Dragonite-Mega, L50\n|-mega|p2a: Dragonite|Dragonite|Dragoninite\n|move|p1a: Princess Sparkle|Icy Wind|p2b: Tapu Lele|[spread] p2a,p2b\n|debug|Spread modifier: 0.75\n|-supereffective|p2a: Dragonite|2\n|debug|Multiscale weaken\n|debug|Spread modifier: 0.75\n|-damage|p2a: Dragonite|132/168\n|-damage|p2b: Tapu Lele|156/177\n|-unboost|p2a: Dragonite|spe|1\n|-unboost|p2b: Tapu Lele|spe|1\n|move|p2a: Dragonite|Earthquake|p1b: Daniel|[spread] p2b,p1a\n|-immune|p1b: Daniel\n|debug|Spread modifier: 0.75\n|debug|Spread modifier: 0.75\n|debug|Aurora Veil weaken\n|-damage|p2b: Tapu Lele|93/177\n|-damage|p1a: Princess Sparkle|115/180\n|\n|-weather|Snowscape|[upkeep]\n|upkeep\n|turn|3\n|\n|t:|1786932417\n|switch|p1a: Banjo|Ursaluna, L50, M|237/237\n|move|p1b: Daniel|Tailwind|p1b: Daniel\n|-sidestart|p1: mistermoscow|move: Tailwind\n|move|p2b: Tapu Lele|Toxic|p1a: Banjo\n|-status|p1a: Banjo|tox\n|move|p2a: Dragonite|Thunder Punch|p1b: Daniel\n|-supereffective|p1b: Daniel|1\n|debug|Aurora Veil weaken\n|-damage|p1b: Daniel|129/197\n|debug|Covert Cloak prevent secondary\n|\n|-weather|Snowscape|[upkeep]\n|-damage|p1a: Banjo|223/237 tox|[from] psn\n|upkeep\n|turn|4\n|\n|t:|1786932457\n|switch|p2a: Cresselia|Cresselia, L50|227/227\n|move|p1b: Daniel|Coaching|p1a: Banjo\n|-boost|p1a: Banjo|atk|1\n|-boost|p1a: Banjo|def|1\n|-enditem|p2b: Tapu Lele|Mirror Herb\n|-boost|p2b: Tapu Lele|atk|1|[from] item: Mirror Herb\n|-boost|p2b: Tapu Lele|def|1|[from] item: Mirror Herb\n|move|p1a: Banjo|Facade|p2b: Tapu Lele\n|-damage|p2b: Tapu Lele|0 fnt\n|faint|p2b: Tapu Lele\n|\n|-weather|Snowscape|[upkeep]\n|-damage|p1a: Banjo|195/237 tox|[from] psn\n|upkeep\n|\n|t:|1786932506\n|switch|p2b: Brute Bonnet|Brute Bonnet, L50|218/218\n|-enditem|p2b: Brute Bonnet|Booster Energy\n|-activate|p2b: Brute Bonnet|ability: Protosynthesis|[fromitem]\n|-start|p2b: Brute Bonnet|protosynthesisatk\n|turn|5\n|\n|t:|1786932525\n|move|p1b: Daniel|Thunderous Kick|p2b: Brute Bonnet\n|-supereffective|p2b: Brute Bonnet|1\n|-damage|p2b: Brute Bonnet|74/218\n|-unboost|p2b: Brute Bonnet|def|1\n|move|p1a: Banjo|Facade|p2a: Cresselia\n|-crit|p2a: Cresselia\n|-damage|p2a: Cresselia|0 fnt\n|faint|p2a: Cresselia\n|move|p2b: Brute Bonnet|Spore|p1b: Daniel\n|-status|p1b: Daniel|slp|[from] move: Spore\n|\n|-weather|none\n|-damage|p1a: Banjo|153/237 tox|[from] psn\n|upkeep\n|c|☆Jamochi|OOF\n|c|☆Jamochi|THE CRITS\n|\n|t:|1786932542\n|switch|p2a: Dragonite|Dragonite-Mega, L50|132/168\n|turn|6\n|\n|t:|1786932570\n|move|p2b: Brute Bonnet|Rage Powder|p2b: Brute Bonnet\n|-singleturn|p2b: Brute Bonnet|move: Rage Powder\n|cant|p1b: Daniel|slp\n|move|p2a: Dragonite|Dragon Dance|p2a: Dragonite\n|-boost|p2a: Dragonite|atk|1\n|-boost|p2a: Dragonite|spe|1\n|move|p1a: Banjo|Ice Punch|p2b: Brute Bonnet\n|debug|Rage Powder redirected target of move\n|-supereffective|p2b: Brute Bonnet|1\n|-damage|p2b: Brute Bonnet|0 fnt\n|faint|p2b: Brute Bonnet\n|-end|p2b: Brute Bonnet|Protosynthesis|[silent]\n|\n|-damage|p1a: Banjo|97/237 tox|[from] psn\n|-sideend|p1: mistermoscow|move: Tailwind\n|-fieldend|move: Psychic Terrain\n|upkeep\n|c| MattcanDaPan|rough\n|\n|t:|1786932584\n|switch|p2b: Landorus|Landorus-Therian, L50|44/196\n|-ability|p2b: Landorus|Intimidate|boost\n|-unboost|p1a: Banjo|atk|1\n|-unboost|p1b: Daniel|atk|1\n|-ability|p1b: Daniel|Defiant|boost\n|-boost|p1b: Daniel|atk|2\n|turn|7\n|\n|t:|1786932604\n|move|p1a: Banjo|Protect|p1a: Banjo\n|-singleturn|p1a: Banjo|Protect\n|move|p2a: Dragonite|Extreme Speed|p1a: Banjo\n|-activate|p1a: Banjo|move: Protect\n|-curestatus|p1b: Daniel|slp|[msg]\n|move|p1b: Daniel|Tailwind|p1b: Daniel\n|-sidestart|p1: mistermoscow|move: Tailwind\n|move|p2b: Landorus|Rock Slide|p1b: Daniel|[spread] p1b\n|-activate|p1a: Banjo|move: Protect\n|debug|Spread modifier: 0.75\n|debug|Aurora Veil weaken\n|-damage|p1b: Daniel|104/197\n|debug|Covert Cloak prevent secondary\n|\n|-damage|p1a: Banjo|27/237 tox|[from] psn\n|upkeep\n|turn|8\n|\n|t:|1786932666\n|switch|p1a: Princess Sparkle|Ninetales-Alola, L50, F|115/180\n|-weather|Snowscape|[from] ability: Snow Warning|[of] p1a: Princess Sparkle\n|move|p2a: Dragonite|Extreme Speed|p1a: Princess Sparkle\n|debug|Aurora Veil weaken\n|-damage|p1a: Princess Sparkle|67/180\n|move|p1b: Daniel|Thunderous Kick|p2b: Landorus\n|-resisted|p2b: Landorus|1\n|-damage|p2b: Landorus|5/196\n|-unboost|p2b: Landorus|def|1\n|-damage|p1b: Daniel|72/197|[from] item: Rocky Helmet|[of] p2b: Landorus\n|move|p2b: Landorus|Rock Slide|p1b: Daniel|[spread] p1a,p1b\n|debug|Spread modifier: 0.75\n|-supereffective|p1a: Princess Sparkle|1\n|debug|Aurora Veil weaken\n|debug|Spread modifier: 0.75\n|debug|Aurora Veil weaken\n|-damage|p1a: Princess Sparkle|30/180\n|-damage|p1b: Daniel|47/197\n|debug|Covert Cloak prevent secondary\n|\n|-weather|Snowscape|[upkeep]\n|-sideend|p1: mistermoscow|move: Aurora Veil\n|upkeep\n|turn|9\n|\n|t:|1786932709\n|switch|p1b: Mags|Magearna, L50|157/157\n|move|p2a: Dragonite|Extreme Speed|p1a: Princess Sparkle\n|-damage|p1a: Princess Sparkle|0 fnt\n|faint|p1a: Princess Sparkle\n|-ability|p1b: Mags|Soul-Heart|boost\n|-boost|p1b: Mags|spa|1\n|move|p2b: Landorus|Rock Slide|p1b: Mags\n|-resisted|p1b: Mags|1\n|-damage|p1b: Mags|141/157\n|\n|-weather|Snowscape|[upkeep]\n|-heal|p1b: Mags|150/157|[from] item: Leftovers\n|upkeep\n|\n|t:|1786932726\n|switch|p1a: Chip|Chi-Yu, L50|17/130\n|-ability|p1a: Chip|Beads of Ruin\n|turn|10\n|\n|t:|1786932735\n|move|p1a: Chip|Protect|p1a: Chip\n|-singleturn|p1a: Chip|Protect\n|move|p2a: Dragonite|Earthquake|p1a: Chip|[spread] p1b\n|-activate|p1a: Chip|move: Protect\n|-immune|p2b: Landorus\n|debug|Spread modifier: 0.75\n|-supereffective|p1b: Mags|1\n|-damage|p1b: Mags|42/157\n|move|p1b: Mags|Dazzling Gleam|p2b: Landorus|[spread] p2a,p2b\n|debug|Beads of Ruin SpD drop\n|debug|Spread modifier: 0.75\n|-supereffective|p2a: Dragonite|1\n|debug|Beads of Ruin SpD drop\n|debug|Spread modifier: 0.75\n|-damage|p2a: Dragonite|0 fnt\n|-damage|p2b: Landorus|0 fnt\n|faint|p2a: Dragonite\n|-ability|p1b: Mags|Soul-Heart|boost\n|-boost|p1b: Mags|spa|1\n|faint|p2b: Landorus\n|\n|win|mistermoscow\n|c|☆mistermoscow|ggss\n|c|☆Jamochi|ggggs\n|c|☆Jamochi|what's the next round?\n|c|☆mistermoscow|you vs matt\n","uploadtime":1786932758,"views":"1","formatid":"gen9championsdoublescustomgame","rating":null,"private":0,"password":null}