{"id":"gen9doublescustomgame-2102821282","format":"[Gen 9] Doubles Custom Game","players":["je64","mattmandaman"],"log":"|uhtml|medal-msg|<div class=\"broadcast-blue\">Curious what those medals under the avatar are? PS now has Ladder Seasons! For more information, check out the <a href=\"https://www.smogon.com/forums/threads/3740067/\">thread on Smogon.</a></div>\n|uhtml|medal-msg|<div class=\"broadcast-blue\">Curious what those medals under the avatar are? PS now has Ladder Seasons! For more information, check out the <a href=\"https://www.smogon.com/forums/threads/3740067/\">thread on Smogon.</a></div>\n|j|☆je64\n|j|☆mattmandaman\n|t:|1713046513\n|gametype|doubles\n|player|p1|je64|265|\n|player|p2|mattmandaman|giovanni|\n|teamsize|p1|6\n|teamsize|p2|6\n|gen|9\n|tier|[Gen 9] Doubles Custom Game\n|clearpoke\n|poke|p1|Mew|\n|poke|p1|Scizor, M|\n|poke|p1|Jirachi|\n|poke|p1|Tapu Fini|\n|poke|p1|Ursaluna-Bloodmoon, M|\n|poke|p1|Chi-Yu|\n|poke|p2|Deoxys-Defense|\n|poke|p2|Ting-Lu|\n|poke|p2|Marshadow|\n|poke|p2|Kangaskhan, F|\n|poke|p2|Kartana|\n|poke|p2|Thundurus, M|\n|teampreview\n|j| mistermoscow\n|\n|t:|1713046584\n|start\n|switch|p1a: Ditto's Daddy|Mew|404/404\n|switch|p1b: Steve Stolen Star|Jirachi|404/404\n|switch|p2a: Kangaskhan|Kangaskhan, F|414/414\n|switch|p2b: Kartana|Kartana|260/260\n|turn|1\n|\n|t:|1713046608\n|detailschange|p2a: Kangaskhan|Kangaskhan-Mega, F\n|-mega|p2a: Kangaskhan|Kangaskhan|Kangaskhanite\n|move|p2a: Kangaskhan|Fake Out|p1a: Ditto's Daddy\n|-damage|p1a: Ditto's Daddy|334/404\n|debug|Parental Bond modifier: 0.25\n|-damage|p1a: Ditto's Daddy|319/404\n|debug|move failed because it did nothing\n|-hitcount|p1a: Ditto's Daddy|2\n|move|p2b: Kartana|Knock Off|p1b: Steve Stolen Star\n|-supereffective|p1b: Steve Stolen Star\n|-damage|p1b: Steve Stolen Star|184/404\n|-enditem|p1b: Steve Stolen Star|Sitrus Berry|[from] move: Knock Off|[of] p2b: Kartana\n|cant|p1a: Ditto's Daddy|flinch\n|move|p1b: Steve Stolen Star|Trick Room|p1b: Steve Stolen Star\n|-fieldstart|move: Trick Room|[of] p1b: Steve Stolen Star\n|\n|upkeep\n|turn|2\n|\n|t:|1713046675\n|switch|p1b: ScytherPunk 2077|Scizor, M|344/344\n|switch|p2a: Deoxys|Deoxys-Defense|304/304\n|-ability|p2a: Deoxys|Pressure\n|switch|p2b: Ting-Lu|Ting-Lu|514/514\n|-ability|p2b: Ting-Lu|Vessel of Ruin\n|move|p1a: Ditto's Daddy|Will-O-Wisp|p2b: Ting-Lu\n|-status|p2b: Ting-Lu|brn\n|\n|-damage|p2b: Ting-Lu|482/514 brn|[from] brn\n|upkeep\n|turn|3\n|\n|t:|1713046724\n|detailschange|p1b: ScytherPunk 2077|Scizor-Mega, M\n|-mega|p1b: ScytherPunk 2077|Scizor|Scizorite\n|move|p2b: Ting-Lu|Stealth Rock|p1a: Ditto's Daddy\n|-sidestart|p1: je64|move: Stealth Rock\n|move|p1b: ScytherPunk 2077|Dual Wingbeat|p2b: Ting-Lu\n|debug|Base Power: 40\n|debug|Technician boost\n|-crit|p2b: Ting-Lu\n|-damage|p2b: Ting-Lu|392/514 brn\n|debug|Base Power: 40\n|debug|Technician boost\n|-damage|p2b: Ting-Lu|328/514 brn\n|-hitcount|p2b: Ting-Lu|2\n|move|p1a: Ditto's Daddy|Coaching|p1b: ScytherPunk 2077\n|-boost|p1b: ScytherPunk 2077|atk|1\n|-boost|p1b: ScytherPunk 2077|def|1\n|move|p2a: Deoxys|Thunder Wave|p1b: ScytherPunk 2077\n|-status|p1b: ScytherPunk 2077|par\n|\n|-heal|p2b: Ting-Lu|360/514 brn|[from] item: Leftovers\n|-damage|p2b: Ting-Lu|328/514 brn|[from] brn\n|upkeep\n|turn|4\n|\n|t:|1713046772\n|-terastallize|p2b: Ting-Lu|Poison\n|move|p1b: ScytherPunk 2077|Dual Wingbeat|p2b: Ting-Lu\n|debug|Base Power: 40\n|debug|Technician boost\n|-damage|p2b: Ting-Lu|230/514 brn\n|debug|Base Power: 40\n|debug|Technician boost\n|-damage|p2b: Ting-Lu|135/514 brn\n|-hitcount|p2b: Ting-Lu|2\n|move|p1a: Ditto's Daddy|Pollen Puff|p2b: Ting-Lu\n|debug|Vessel of Ruin SpA drop\n|-resisted|p2b: Ting-Lu\n|-damage|p2b: Ting-Lu|107/514 brn\n|move|p2a: Deoxys|Thunder Wave|p1a: Ditto's Daddy\n|-status|p1a: Ditto's Daddy|par\n|-activate|p1a: Ditto's Daddy|ability: Synchronize\n|-status|p2a: Deoxys|par\n|move|p2b: Ting-Lu|Whirlwind|p1b: ScytherPunk 2077\n|drag|p1b: Shi-Yu In Hell|Chi-Yu|252/252\n|-damage|p1b: Shi-Yu In Hell|189/252|[from] Stealth Rock\n|-ability|p1b: Shi-Yu In Hell|Beads of Ruin\n|\n|-heal|p2b: Ting-Lu|139/514 brn|[from] item: Leftovers\n|-damage|p2b: Ting-Lu|107/514 brn|[from] brn\n|upkeep\n|turn|5\n|j| Mango Meloetta\n|\n|t:|1713046815\n|switch|p1b: ScytherPunk 2077|Scizor-Mega, M|344/344 par\n|-damage|p1b: ScytherPunk 2077|301/344 par|[from] Stealth Rock\n|cant|p1a: Ditto's Daddy|par\n|move|p2a: Deoxys|Teleport|p2a: Deoxys\n|\n|t:|1713046831\n|switch|p2a: Marshadow|Marshadow|384/384|[from] Teleport\n|move|p2b: Ting-Lu|Whirlwind|p1b: ScytherPunk 2077\n|drag|p1b: Voodoo Easter|Tapu Fini|344/344\n|-damage|p1b: Voodoo Easter|301/344|[from] Stealth Rock\n|-fieldstart|move: Misty Terrain|[from] ability: Misty Surge|[of] p1b: Voodoo Easter\n|\n|-heal|p2b: Ting-Lu|139/514 brn|[from] item: Leftovers\n|-heal|p1b: Voodoo Easter|322/344|[from] item: Leftovers\n|-damage|p2b: Ting-Lu|107/514 brn|[from] brn\n|-fieldend|move: Trick Room\n|upkeep\n|turn|6\n|\n|t:|1713046864\n|switch|p2b: Deoxys|Deoxys-Defense|304/304 par\n|-ability|p2b: Deoxys|Pressure\n|move|p2a: Marshadow|Spectral Thief|p1a: Ditto's Daddy\n|debug|Base Power: 90\n|-supereffective|p1a: Ditto's Daddy\n|-damage|p1a: Ditto's Daddy|35/404 par\n|move|p1b: Voodoo Easter|Muddy Water|p2a: Marshadow|[spread] p2b\n|-miss|p1b: Voodoo Easter|p2a: Marshadow\n|debug|Spread modifier: 0.75\n|-damage|p2b: Deoxys|256/304 par\n|move|p1a: Ditto's Daddy|Will-O-Wisp|p2a: Marshadow\n|-activate|p2a: Marshadow|move: Misty Terrain\n|debug|set status [brn] interrupted\n|debug|move failed because it did nothing\n|\n|-heal|p1b: Voodoo Easter|343/344|[from] item: Leftovers\n|upkeep\n|turn|7\n|\n|t:|1713046930\n|move|p2a: Marshadow|Drain Punch|p1a: Ditto's Daddy\n|debug|Base Power: 75\n|-resisted|p1a: Ditto's Daddy\n|-damage|p1a: Ditto's Daddy|0 fnt\n|faint|p1a: Ditto's Daddy\n|move|p1b: Voodoo Easter|Moonblast|p2a: Marshadow\n|-supereffective|p2a: Marshadow\n|-damage|p2a: Marshadow|210/384\n|move|p2b: Deoxys|Teleport|p2b: Deoxys\n|\n|t:|1713046955\n|switch|p2b: Kartana|Kartana|260/260|[from] Teleport\n|\n|-heal|p1b: Voodoo Easter|344/344|[from] item: Leftovers\n|upkeep\n|\n|t:|1713046961\n|switch|p1a: Shi-Yu In Hell|Chi-Yu|189/252\n|-damage|p1a: Shi-Yu In Hell|126/252|[from] Stealth Rock\n|-ability|p1a: Shi-Yu In Hell|Beads of Ruin\n|turn|8\n|\n|t:|1713047015\n|switch|p1b: ScytherPunk 2077|Scizor-Mega, M|301/344 par\n|-damage|p1b: ScytherPunk 2077|258/344 par|[from] Stealth Rock\n|move|p2b: Kartana|Protect|p2b: Kartana\n|-singleturn|p2b: Kartana|Protect\n|move|p1a: Shi-Yu In Hell|Heat Wave|p2a: Marshadow|[spread] p2a\n|-activate|p2b: Kartana|move: Protect\n|debug|Beads of Ruin SpD drop\n|debug|Spread modifier: 0.75\n|-damage|p2a: Marshadow|63/384\n|move|p2a: Marshadow|Drain Punch|p1a: Shi-Yu In Hell\n|debug|Base Power: 75\n|-supereffective|p1a: Shi-Yu In Hell\n|-damage|p1a: Shi-Yu In Hell|0 fnt\n|-heal|p2a: Marshadow|126/384|[from] drain|[of] p1a: Shi-Yu In Hell\n|faint|p1a: Shi-Yu In Hell\n|\n|upkeep\n|\n|t:|1713047044\n|switch|p1a: Steve Stolen Star|Jirachi|184/404\n|-damage|p1a: Steve Stolen Star|159/404|[from] Stealth Rock\n|turn|9\n|\n|t:|1713047096\n|move|p2a: Marshadow|Shadow Sneak|p1a: Steve Stolen Star\n|debug|Base Power: 40\n|debug|Technician boost\n|-supereffective|p1a: Steve Stolen Star\n|-damage|p1a: Steve Stolen Star|0 fnt\n|faint|p1a: Steve Stolen Star\n|move|p2b: Kartana|Knock Off|p1b: ScytherPunk 2077\n|-damage|p1b: ScytherPunk 2077|180/344 par\n|move|p1b: ScytherPunk 2077|Swords Dance|p1b: ScytherPunk 2077\n|-boost|p1b: ScytherPunk 2077|atk|2\n|\n|-fieldend|Misty Terrain\n|upkeep\n|\n|t:|1713047132\n|switch|p1a: Yāoguài 妖怪|Ursaluna-Bloodmoon, M|430/430\n|-damage|p1a: Yāoguài 妖怪|404/430|[from] Stealth Rock\n|turn|10\n|\n|t:|1713047199\n|-terastallize|p1a: Yāoguài 妖怪|Normal\n|move|p2a: Marshadow|Shadow Sneak|p1b: ScytherPunk 2077\n|debug|Base Power: 40\n|debug|Technician boost\n|-damage|p1b: ScytherPunk 2077|89/344 par\n|move|p1b: ScytherPunk 2077|Bullet Punch|p2a: Marshadow\n|debug|Base Power: 40\n|debug|Technician boost\n|-damage|p2a: Marshadow|0 fnt\n|faint|p2a: Marshadow\n|move|p2b: Kartana|Sacred Sword|p1b: ScytherPunk 2077\n|debug|Negating (sp)def boost/penalty.\n|-damage|p1b: ScytherPunk 2077|0 fnt\n|faint|p1b: ScytherPunk 2077\n|-ability|p2b: Kartana|Beast Boost|boost\n|-boost|p2b: Kartana|atk|1\n|move|p1a: Yāoguài 妖怪|Hyper Voice|p2b: Kartana\n|-resisted|p2b: Kartana\n|-enditem|p2b: Kartana|Focus Sash\n|-damage|p2b: Kartana|1/260\n|-enditem|p1a: Yāoguài 妖怪|Throat Spray\n|-boost|p1a: Yāoguài 妖怪|spa|1|[from] item: Throat Spray\n|\n|upkeep\n|\n|t:|1713047224\n|switch|p2a: Thundurus|Thundurus, M|300/300\n|switch|p1b: Voodoo Easter|Tapu Fini|344/344\n|-damage|p1b: Voodoo Easter|301/344|[from] Stealth Rock\n|-fieldstart|move: Misty Terrain|[from] ability: Misty Surge|[of] p1b: Voodoo Easter\n|turn|11\n|\n|t:|1713047267\n|move|p2b: Kartana|Protect|p2b: Kartana\n|-singleturn|p2b: Kartana|Protect\n|move|p2a: Thundurus|Leer|p1b: Voodoo Easter|[spread] p1a,p1b\n|-unboost|p1a: Yāoguài 妖怪|def|1\n|-unboost|p1b: Voodoo Easter|def|1\n|move|p1b: Voodoo Easter|Muddy Water|p2b: Kartana|[spread] \n|-activate|p2b: Kartana|move: Protect\n|-miss|p1b: Voodoo Easter|p2a: Thundurus\n|move|p1a: Yāoguài 妖怪|Hyper Voice|p2a: Thundurus|[spread] p2a\n|-activate|p2b: Kartana|move: Protect\n|debug|Spread modifier: 0.75\n|-damage|p2a: Thundurus|0 fnt\n|faint|p2a: Thundurus\n|\n|-heal|p1b: Voodoo Easter|322/344|[from] item: Leftovers\n|upkeep\n|\n|t:|1713047287\n|switch|p2a: Kangaskhan|Kangaskhan-Mega, F|414/414\n|turn|12\n|\n|t:|1713047305\n|move|p1a: Yāoguài 妖怪|Protect|p1a: Yāoguài 妖怪\n|-singleturn|p1a: Yāoguài 妖怪|Protect\n|move|p2a: Kangaskhan|Fake Out|p1a: Yāoguài 妖怪\n|-activate|p1a: Yāoguài 妖怪|move: Protect\n|move|p2b: Kartana|Leaf Blade|p1b: Voodoo Easter\n|-supereffective|p1b: Voodoo Easter\n|-damage|p1b: Voodoo Easter|0 fnt\n|faint|p1b: Voodoo Easter\n|-ability|p2b: Kartana|Beast Boost|boost\n|-boost|p2b: Kartana|atk|1\n|\n|upkeep\n|turn|13\n|\n|t:|1713047324\n|move|p2b: Kartana|Leaf Blade|p1a: Yāoguài 妖怪\n|-damage|p1a: Yāoguài 妖怪|0 fnt\n|faint|p1a: Yāoguài 妖怪\n|\n|win|mattmandaman\n","uploadtime":1713047330,"views":"28","formatid":"gen9doublescustomgame","rating":null,"private":0,"password":null}