{"id":"gen9doublescustomgame-2102810070","format":"[Gen 9] Doubles Custom Game","players":["je64","Mango Meloetta"],"log":"|uhtml|medal-msg|<div class=\"broadcast-blue\">Curious what those medals under the avatar are? PS now has Ladder Seasons! For more information, check out the <a href=\"https://www.smogon.com/forums/threads/3740067/\">thread on Smogon.</a></div>\n|uhtml|medal-msg|<div class=\"broadcast-blue\">Curious what those medals under the avatar are? PS now has Ladder Seasons! For more information, check out the <a href=\"https://www.smogon.com/forums/threads/3740067/\">thread on Smogon.</a></div>\n|j|☆je64\n|j|☆Mango Meloetta\n|t:|1713045231\n|gametype|doubles\n|player|p1|je64|265|\n|player|p2|Mango Meloetta|li|\n|teamsize|p1|6\n|teamsize|p2|6\n|gen|9\n|tier|[Gen 9] Doubles Custom Game\n|clearpoke\n|poke|p1|Mew|\n|poke|p1|Scizor, M|\n|poke|p1|Jirachi|\n|poke|p1|Tapu Fini|\n|poke|p1|Ursaluna-Bloodmoon, M|\n|poke|p1|Chi-Yu|\n|poke|p2|Gengar, M|\n|poke|p2|Murkrow, M|\n|poke|p2|Porygon2|\n|poke|p2|Heatran, F|\n|poke|p2|Zygarde|\n|poke|p2|Chien-Pao|\n|teampreview\n|j| mattmandaman\n|j| mistermoscow\n|\n|t:|1713045319\n|start\n|switch|p1a: Ditto's Daddy|Mew|404/404\n|switch|p1b: Voodoo Easter|Tapu Fini|344/344\n|switch|p2a: Heat Ran|Heatran, F|386/386\n|switch|p2b: Muckracker|Murkrow, M|324/324\n|-fieldstart|move: Misty Terrain|[from] ability: Misty Surge|[of] p1b: Voodoo Easter\n|turn|1\n|\n|t:|1713045362\n|switch|p2a: Porous Gone|Porygon2|374/374\n|-ability|p2a: Porous Gone|Download|boost\n|-boost|p2a: Porous Gone|atk|1\n|move|p2b: Muckracker|Taunt|p1a: Ditto's Daddy\n|-start|p1a: Ditto's Daddy|move: Taunt\n|-enditem|p1a: Ditto's Daddy|Mental Herb\n|-end|p1a: Ditto's Daddy|move: Taunt\n|move|p1b: Voodoo Easter|Muddy Water|p2b: Muckracker|[spread] p2a\n|-miss|p1b: Voodoo Easter|p2b: Muckracker\n|debug|Spread modifier: 0.75\n|-damage|p2a: Porous Gone|325/374\n|move|p1a: Ditto's Daddy|Trick Room|p1a: Ditto's Daddy\n|-fieldstart|move: Trick Room|[of] p1a: Ditto's Daddy\n|\n|upkeep\n|turn|2\n|\n|t:|1713045393\n|switch|p1a: Yāoguài 妖怪|Ursaluna-Bloodmoon, M|430/430\n|move|p2b: Muckracker|Taunt|p1b: Voodoo Easter\n|-start|p1b: Voodoo Easter|move: Taunt\n|move|p2a: Porous Gone|Reflect|p2a: Porous Gone\n|-sidestart|p2: Mango Meloetta|Reflect\n|move|p1b: Voodoo Easter|Moonblast|p2b: Muckracker\n|-supereffective|p2b: Muckracker\n|-damage|p2b: Muckracker|0 fnt\n|faint|p2b: Muckracker\n|\n|upkeep\n|\n|t:|1713045439\n|switch|p2b: Heat Ran|Heatran, F|386/386\n|turn|3\n|\n|t:|1713045465\n|-terastallize|p1a: Yāoguài 妖怪|Normal\n|-terastallize|p2b: Heat Ran|Grass\n|move|p1a: Yāoguài 妖怪|Hyper Voice|p2b: Heat Ran|[spread] p2a,p2b\n|debug|Spread modifier: 0.75\n|debug|Spread modifier: 0.75\n|-damage|p2a: Porous Gone|225/374\n|-damage|p2b: Heat Ran|270/386\n|-enditem|p1a: Yāoguài 妖怪|Throat Spray\n|-boost|p1a: Yāoguài 妖怪|spa|1|[from] item: Throat Spray\n|move|p2a: Porous Gone|Foul Play|p1a: Yāoguài 妖怪\n|-damage|p1a: Yāoguài 妖怪|391/430\n|move|p1b: Voodoo Easter|Nature's Madness|p2a: Porous Gone\n|-damage|p2a: Porous Gone|113/374\n|move|p2b: Heat Ran|Flash Cannon|p1b: Voodoo Easter\n|-damage|p1b: Voodoo Easter|209/344\n|\n|-heal|p1b: Voodoo Easter|230/344|[from] item: Leftovers\n|upkeep\n|turn|4\n|\n|t:|1713045515\n|switch|p1b: Shi-Yu In Hell|Chi-Yu|252/252\n|-ability|p1b: Shi-Yu In Hell|Beads of Ruin\n|move|p1a: Yāoguài 妖怪|Hyper Voice|p2b: Heat Ran|[spread] p2a,p2b\n|debug|Beads of Ruin SpD drop\n|debug|Spread modifier: 0.75\n|debug|Beads of Ruin SpD drop\n|debug|Spread modifier: 0.75\n|-damage|p2a: Porous Gone|0 fnt\n|-damage|p2b: Heat Ran|50/386\n|faint|p2a: Porous Gone\n|move|p2b: Heat Ran|Tera Blast|p1b: Shi-Yu In Hell|[anim] Tera Blast Grass\n|-resisted|p1b: Shi-Yu In Hell\n|-damage|p1b: Shi-Yu In Hell|189/252\n|\n|upkeep\n|\n|t:|1713045523\n|switch|p2a: Goonatar|Gengar, M|262/262\n|turn|5\n|\n|t:|1713045551\n|detailschange|p2a: Goonatar|Gengar-Mega, M\n|-mega|p2a: Goonatar|Gengar|Gengarite\n|move|p1a: Yāoguài 妖怪|Hyper Voice|p2b: Heat Ran|[spread] p2a,p2b\n|debug|Beads of Ruin SpD drop\n|debug|Spread modifier: 0.75\n|debug|Beads of Ruin SpD drop\n|debug|Spread modifier: 0.75\n|-damage|p2a: Goonatar|0 fnt\n|-damage|p2b: Heat Ran|0 fnt\n|faint|p2a: Goonatar\n|faint|p2b: Heat Ran\n|move|p1b: Shi-Yu In Hell|Heat Wave|p2: Goonatar|[notarget]\n|-fail|p1b: Shi-Yu In Hell\n|\n|-fieldend|move: Trick Room\n|-fieldend|Misty Terrain\n|upkeep\n|\n|t:|1713045557\n|switch|p2a: My Guard|Zygarde|420/420\n|switch|p2b: Kung Pao Chicken|Chien-Pao|301/301\n|-ability|p2b: Kung Pao Chicken|Sword of Ruin\n|-ability|p2a: My Guard|Aura Break\n|turn|6\n|\n|t:|1713045571\n|move|p2b: Kung Pao Chicken|Protect|p2b: Kung Pao Chicken\n|-singleturn|p2b: Kung Pao Chicken|Protect\n|move|p1b: Shi-Yu In Hell|Heat Wave|p2a: My Guard|[spread] p2a\n|-activate|p2b: Kung Pao Chicken|move: Protect\n|debug|Beads of Ruin SpD drop\n|debug|Spread modifier: 0.75\n|-resisted|p2a: My Guard\n|-damage|p2a: My Guard|328/420\n|move|p2a: My Guard|Dragon Dance|p2a: My Guard\n|-boost|p2a: My Guard|atk|1\n|-boost|p2a: My Guard|spe|1\n|move|p1a: Yāoguài 妖怪|Hyper Voice|p2a: My Guard|[spread] p2a\n|-activate|p2b: Kung Pao Chicken|move: Protect\n|debug|Beads of Ruin SpD drop\n|debug|Spread modifier: 0.75\n|-damage|p2a: My Guard|0 fnt\n|faint|p2a: My Guard\n|\n|-sideend|p2: Mango Meloetta|Reflect\n|upkeep\n|turn|7\n|\n|t:|1713045595\n|move|p2b: Kung Pao Chicken|Sucker Punch|p1a: Yāoguài 妖怪\n|debug|Sword of Ruin Def drop\n|-damage|p1a: Yāoguài 妖怪|244/430\n|move|p1b: Shi-Yu In Hell|Heat Wave|p2b: Kung Pao Chicken\n|debug|Beads of Ruin SpD drop\n|-supereffective|p2b: Kung Pao Chicken\n|-enditem|p2b: Kung Pao Chicken|Focus Sash\n|-damage|p2b: Kung Pao Chicken|1/301\n|move|p1a: Yāoguài 妖怪|Hyper Voice|p2b: Kung Pao Chicken\n|debug|Beads of Ruin SpD drop\n|-damage|p2b: Kung Pao Chicken|0 fnt\n|faint|p2b: Kung Pao Chicken\n|\n|win|je64\n|c|☆Mango Meloetta|gggg\n","uploadtime":1713045605,"views":"39","formatid":"gen9doublescustomgame","rating":null,"private":0,"password":null}