{"id":"gen9doublescustomgame-2359326493","format":"[Gen 9] Doubles Custom Game","players":["mistermoscow","Mango Meloetta"],"log":"|j|☆mistermoscow\n|j|☆Mango Meloetta\n|t:|1746672186\n|gametype|doubles\n|player|p1|mistermoscow|alder|\n|player|p2|Mango Meloetta|li|\n|teamsize|p1|6\n|teamsize|p2|6\n|gen|9\n|tier|[Gen 9] Doubles Custom Game\n|clearpoke\n|poke|p1|Nidoking, M|\n|poke|p1|Primeape, M|\n|poke|p1|Dewgong, M|\n|poke|p1|Mr. Mime, M|\n|poke|p1|Jolteon, M|\n|poke|p1|Dragonite, M|\n|poke|p2|Poliwrath, M|\n|poke|p2|Golduck, M|\n|poke|p2|Cloyster, M|\n|poke|p2|Snorlax, F|\n|poke|p2|Sandslash, F|\n|poke|p2|Electrode|\n|teampreview\n|\n|t:|1746672231\n|start\n|switch|p1a: Mimsy|Mr. Mime, M|284/284\n|switch|p1b: Apollo|Primeape, M|334/334\n|switch|p2a: Pride|Cloyster, M|303/303\n|switch|p2b: Gluttony|Snorlax, F|524/524\n|turn|1\n|\n|t:|1746672273\n|move|p1a: Mimsy|Fake Out|p2b: Gluttony\n|-damage|p2b: Gluttony|501/524\n|move|p1b: Apollo|Bulk Up|p1b: Apollo\n|-boost|p1b: Apollo|atk|1\n|-boost|p1b: Apollo|def|1\n|move|p2a: Pride|Icicle Spear|p1b: Apollo\n|-damage|p1b: Apollo|294/334\n|-damage|p1b: Apollo|252/334\n|-damage|p1b: Apollo|213/334\n|-damage|p1b: Apollo|173/334\n|-damage|p1b: Apollo|133/334\n|-hitcount|p1b: Apollo|5\n|cant|p2b: Gluttony|flinch\n|\n|upkeep\n|turn|2\n|c|☆mistermoscow|you just boosted rage fist to 300bp lol\n|\n|t:|1746672325\n|move|p1b: Apollo|Rage Fist|p2a: Pride\n|-damage|p2a: Pride|93/303\n|move|p2a: Pride|Icicle Spear|p1b: Apollo\n|-damage|p1b: Apollo|91/334\n|-damage|p1b: Apollo|52/334\n|-damage|p1b: Apollo|12/334\n|-damage|p1b: Apollo|0 fnt\n|faint|p1b: Apollo\n|-hitcount|p1: Apollo|4\n|move|p2b: Gluttony|Double-Edge|p1a: Mimsy\n|-crit|p1a: Mimsy\n|-damage|p1a: Mimsy|0 fnt\n|faint|p1a: Mimsy\n|-damage|p2b: Gluttony|407/524|[from] Recoil\n|\n|upkeep\n|c|☆mistermoscow|noooo\n|c|☆mistermoscow|damn\n|c|☆Mango Meloetta|dangggg haha\n|c|☆Mango Meloetta|sheeeet\n|c|☆Mango Meloetta|300 bp is insanity\n|\n|t:|1746672364\n|switch|p1b: Sparky|Jolteon, M|272/272\n|switch|p1a: Dewey|Dewgong, M|353/353\n|turn|3\n|\n|t:|1746672379\n|switch|p2a: Envy|Electrode|324/324\n|move|p1a: Dewey|Fake Out|p2b: Gluttony\n|-damage|p2b: Gluttony|356/524\n|move|p1b: Sparky|Electroweb|p2a: Envy|[spread] p2a,p2b\n|debug|Spread modifier: 0.75\n|-resisted|p2a: Envy\n|-crit|p2a: Envy\n|debug|Spread modifier: 0.75\n|-damage|p2a: Envy|269/324\n|-damage|p2b: Gluttony|295/524\n|-unboost|p2a: Envy|spe|1\n|-unboost|p2b: Gluttony|spe|1\n|cant|p2b: Gluttony|flinch\n|\n|upkeep\n|turn|4\n|\n|t:|1746672418\n|move|p2a: Envy|Sucker Punch|p1b: Sparky\n|-damage|p1b: Sparky|224/272\n|move|p1b: Sparky|Electroweb|p2b: Gluttony|[spread] p2a,p2b\n|debug|Spread modifier: 0.75\n|-resisted|p2a: Envy\n|debug|Spread modifier: 0.75\n|-damage|p2a: Envy|236/324\n|-damage|p2b: Gluttony|231/524\n|-unboost|p2a: Envy|spe|1\n|-unboost|p2b: Gluttony|spe|1\n|-enditem|p2b: Gluttony|Aguav Berry|[eat]\n|-heal|p2b: Gluttony|405/524|[from] item: Aguav Berry\n|move|p1a: Dewey|Flip Turn|p2a: Envy\n|-damage|p2a: Envy|163/324\n|-damage|p1a: Dewey|295/353|[from] item: Rocky Helmet|[of] p2a: Envy\n|\n|t:|1746672436\n|switch|p1a: King Nido|Nidoking, M|303/303|[from] Flip Turn\n|move|p2b: Gluttony|Double-Edge|p1b: Sparky\n|-damage|p1b: Sparky|0 fnt\n|faint|p1b: Sparky\n|-damage|p2b: Gluttony|331/524|[from] Recoil\n|\n|upkeep\n|\n|t:|1746672450\n|switch|p1b: Dewey|Dewgong, M|295/353\n|turn|5\n|\n|t:|1746672485\n|move|p1a: King Nido|Sludge Wave|p2b: Gluttony|[spread] p1b,p2a,p2b\n|debug|Spread modifier: 0.75\n|debug|Spread modifier: 0.75\n|debug|Spread modifier: 0.75\n|-damage|p1b: Dewey|159/353\n|-damage|p2a: Envy|18/324\n|-damage|p2b: Gluttony|210/524\n|move|p1b: Dewey|Flip Turn|p2b: Gluttony\n|-damage|p2b: Gluttony|98/524\n|\n|t:|1746672491\n|switch|p1b: Puff Daddy|Dragonite, M|386/386|[from] Flip Turn\n|move|p2a: Envy|Thunder|p1b: Puff Daddy\n|debug|Multiscale weaken\n|-damage|p1b: Puff Daddy|333/386\n|-status|p1b: Puff Daddy|par\n|move|p2b: Gluttony|Ice Punch|p1a: King Nido\n|-supereffective|p1a: King Nido\n|-damage|p1a: King Nido|79/303\n|\n|upkeep\n|turn|6\n|\n|t:|1746672513\n|move|p2a: Envy|Sucker Punch|p1a: King Nido\n|-damage|p1a: King Nido|39/303\n|move|p1a: King Nido|Sludge Wave|p2b: Gluttony|[spread] p1b,p2a,p2b\n|debug|Spread modifier: 0.75\n|debug|Spread modifier: 0.75\n|-crit|p2a: Envy\n|debug|Spread modifier: 0.75\n|-damage|p1b: Puff Daddy|194/386 par\n|-damage|p2a: Envy|0 fnt\n|-damage|p2b: Gluttony|0 fnt\n|faint|p2a: Envy\n|faint|p2b: Gluttony\n|move|p1b: Puff Daddy|Dragon Dance|p1b: Puff Daddy\n|-boost|p1b: Puff Daddy|atk|1\n|-boost|p1b: Puff Daddy|spe|1\n|\n|upkeep\n|\n|t:|1746672541\n|switch|p2a: Pride|Cloyster, M|93/303\n|switch|p2b: Greed|Golduck, M|301/301\n|turn|7\n|\n|t:|1746672560\n|switch|p1b: Dewey|Dewgong, M|159/353\n|move|p2a: Pride|Ice Shard|p1b: Dewey\n|debug|Thick Fat weaken\n|-resisted|p1b: Dewey\n|-damage|p1b: Dewey|146/353\n|move|p1a: King Nido|Sludge Wave|p2b: Greed|[spread] p1b,p2a,p2b\n|debug|Spread modifier: 0.75\n|debug|Spread modifier: 0.75\n|debug|Spread modifier: 0.75\n|-damage|p1b: Dewey|4/353\n|-damage|p2a: Pride|0 fnt\n|-damage|p2b: Greed|151/301\n|faint|p2a: Pride\n|move|p2b: Greed|Psychic|p1a: King Nido\n|-supereffective|p1a: King Nido\n|-damage|p1a: King Nido|0 fnt\n|faint|p1a: King Nido\n|\n|upkeep\n|\n|t:|1746672574\n|switch|p1a: Puff Daddy|Dragonite, M|194/386 par\n|switch|p2a: Sloth|Sandslash, F|354/354\n|turn|8\n|\n|t:|1746672584\n|move|p1b: Dewey|Fake Out|p2b: Greed\n|-damage|p2b: Greed|105/301\n|cant|p2b: Greed|flinch\n|move|p2a: Sloth|Knock Off|p1a: Puff Daddy\n|-damage|p1a: Puff Daddy|83/386 par\n|-enditem|p1a: Puff Daddy|Clear Amulet|[from] move: Knock Off|[of] p2a: Sloth\n|move|p1a: Puff Daddy|Dragon Dance|p1a: Puff Daddy\n|-boost|p1a: Puff Daddy|atk|1\n|-boost|p1a: Puff Daddy|spe|1\n|\n|upkeep\n|turn|9\n|\n|t:|1746672623\n|move|p1a: Puff Daddy|Extreme Speed|p2b: Greed\n|-damage|p2b: Greed|0 fnt\n|faint|p2b: Greed\n|move|p1b: Dewey|Ice Spinner|p2a: Sloth\n|-supereffective|p2a: Sloth\n|-damage|p2a: Sloth|144/354\n|move|p2a: Sloth|Drill Run|p1b: Dewey\n|-damage|p1b: Dewey|0 fnt\n|faint|p1b: Dewey\n|\n|upkeep\n|\n|t:|1746672637\n|switch|p2b: Wrath|Poliwrath, M|371/371\n|turn|10\n|\n|t:|1746672647\n|move|p1a: Puff Daddy|Extreme Speed|p2a: Sloth\n|-damage|p2a: Sloth|4/354\n|move|p2b: Wrath|Liquidation|p1a: Puff Daddy\n|-resisted|p1a: Puff Daddy\n|-damage|p1a: Puff Daddy|18/386 par\n|move|p2a: Sloth|Poison Jab|p1a: Puff Daddy\n|-damage|p1a: Puff Daddy|0 fnt\n|faint|p1a: Puff Daddy\n|\n|win|Mango Meloetta\n|c|☆Mango Meloetta|gggg\n|c|☆Mango Meloetta|well played\n|c|☆mistermoscow|gg\n","uploadtime":1746672657,"views":"10","formatid":"gen9doublescustomgame","rating":null,"private":0,"password":null}