{"id":"gen9doublescustomgame-2328063793","format":"[Gen 9] Doubles Custom Game","players":["mistermoscow","mattmandaman"],"log":"|j|☆mistermoscow\n|j|☆mattmandaman\n|t:|1742955844\n|gametype|doubles\n|player|p1|mistermoscow|alder|\n|player|p2|mattmandaman|giovanni|\n|teamsize|p1|6\n|teamsize|p2|6\n|gen|9\n|tier|[Gen 9] Doubles Custom Game\n|clearpoke\n|poke|p1|Nidoking, M|\n|poke|p1|Clefairy, M|\n|poke|p1|Primeape, M|\n|poke|p1|Dewgong, M|\n|poke|p1|Mr. Mime, M|\n|poke|p1|Jolteon, M|\n|poke|p2|Slowpoke, M|\n|poke|p2|Clefairy, M|\n|poke|p2|Marowak, M|\n|poke|p2|Gengar, M|\n|poke|p2|Snorlax, M|\n|poke|p2|Muk, M|\n|teampreview\n|\n|t:|1742955877\n|start\n|switch|p1a: King Nido|Nidoking, M|304/304\n|switch|p1b: Clifford|Clefairy, M|282/282\n|switch|p2a: Gengar|Gengar, M|262/262\n|switch|p2b: Muk|Muk, M|397/397\n|turn|1\n|\n|t:|1742955934\n|switch|p1b: Apollo|Primeape, M|271/271\n|move|p1a: King Nido|Earth Power|p2b: Muk\n|-supereffective|p2b: Muk\n|-damage|p2b: Muk|77/397\n|move|p2b: Muk|Poison Jab|p1b: Apollo\n|-damage|p1b: Apollo|156/271\n|move|p2a: Gengar|Trick Room|p2a: Gengar\n|-fieldstart|move: Trick Room|[of] p2a: Gengar\n|\n|-heal|p2b: Muk|101/397|[from] item: Black Sludge\n|upkeep\n|turn|2\n|\n|t:|1742955973\n|switch|p1b: Dewey|Dewgong, M|384/384\n|move|p2b: Muk|Ice Punch|p1a: King Nido\n|-supereffective|p1a: King Nido\n|-damage|p1a: King Nido|84/304\n|-status|p1a: King Nido|frz\n|move|p2a: Gengar|Will-O-Wisp|p1b: Dewey|[miss]\n|-miss|p2a: Gengar|p1b: Dewey\n|cant|p1a: King Nido|frz\n|\n|-heal|p2b: Muk|125/397|[from] item: Black Sludge\n|upkeep\n|turn|3\n|c|☆mattmandaman|ouch\n|\n|t:|1742956019\n|switch|p2a: Snorlax|Snorlax, M|490/490\n|move|p2b: Muk|Poison Jab|p1b: Dewey\n|-damage|p1b: Dewey|216/384\n|move|p1b: Dewey|Knock Off|p2b: Muk\n|-damage|p2b: Muk|25/397\n|-enditem|p2b: Muk|Black Sludge|[from] move: Knock Off|[of] p1b: Dewey\n|cant|p1a: King Nido|frz\n|\n|-heal|p1b: Dewey|240/384|[from] item: Leftovers\n|upkeep\n|turn|4\n|\n|t:|1742956047\n|switch|p1a: Clifford|Clefairy, M|282/282\n|move|p2a: Snorlax|Belly Drum|p2a: Snorlax\n|-damage|p2a: Snorlax|245/490\n|-setboost|p2a: Snorlax|atk|6|[from] move: Belly Drum\n|-enditem|p2a: Snorlax|Figy Berry|[eat]\n|-heal|p2a: Snorlax|408/490|[from] item: Figy Berry\n|move|p2b: Muk|Poison Jab|p1b: Dewey\n|debug|Friend Guard weaken\n|-damage|p1b: Dewey|120/384\n|-status|p1b: Dewey|psn\n|move|p1b: Dewey|Knock Off|p2a: Snorlax\n|-damage|p2a: Snorlax|346/490\n|\n|-heal|p1b: Dewey|144/384 psn|[from] item: Leftovers\n|-damage|p1b: Dewey|96/384 psn|[from] psn\n|upkeep\n|turn|5\n|\n|t:|1742956086\n|switch|p2b: Slowpoke|Slowpoke, M|384/384\n|switch|p1b: King Nido|Nidoking, M|84/304 frz\n|move|p2a: Snorlax|Rock Slide|p1b: King Nido|[spread] p1a\n|-miss|p2a: Snorlax|p1b: King Nido\n|debug|Spread modifier: 0.75\n|-damage|p1a: Clifford|99/282\n|cant|p1a: Clifford|flinch\n|\n|-fieldend|move: Trick Room\n|upkeep\n|turn|6\n|\n|t:|1742956122\n|cant|p1b: King Nido|frz\n|move|p1a: Clifford|Wish|p1a: Clifford\n|move|p2a: Snorlax|Rock Slide|p1a: Clifford|[spread] p1a,p1b\n|debug|Spread modifier: 0.75\n|debug|Spread modifier: 0.75\n|-resisted|p1b: King Nido\n|debug|Friend Guard weaken\n|-damage|p1a: Clifford|0 fnt\n|-damage|p1b: King Nido|0 fnt\n|faint|p1a: Clifford\n|faint|p1b: King Nido\n|move|p2b: Slowpoke|Trick Room|p2b: Slowpoke\n|-fieldstart|move: Trick Room|[of] p2b: Slowpoke\n|\n|upkeep\n|\n|t:|1742956151\n|switch|p1a: Apollo|Primeape, M|156/271\n|switch|p1b: Mimsy|Mr. Mime, M|222/222\n|turn|7\n|\n|t:|1742956173\n|move|p2a: Snorlax|Protect|p2a: Snorlax\n|-singleturn|p2a: Snorlax|Protect\n|move|p1b: Mimsy|Fake Out|p2a: Snorlax\n|-activate|p2a: Snorlax|move: Protect\n|move|p1a: Apollo|Rage Fist|p2b: Slowpoke\n|-supereffective|p2b: Slowpoke\n|-damage|p2b: Slowpoke|208/384\n|move|p2b: Slowpoke|Teleport|p2b: Slowpoke\n|\n|t:|1742956190\n|switch|p2b: Marowak|Marowak, M|324/324|[from] Teleport\n|\n|-heal|p1a: Apollo|271/271|[from] move: Wish|[wisher] Clifford\n|upkeep\n|turn|8\n|\n|t:|1742956209\n|move|p1b: Mimsy|Follow Me|p1b: Mimsy\n|-singleturn|p1b: Mimsy|move: Follow Me\n|move|p2a: Snorlax|Body Slam|p1b: Mimsy\n|debug|Follow Me redirected target of move\n|-damage|p1b: Mimsy|0 fnt\n|faint|p1b: Mimsy\n|move|p2b: Marowak|Bonemerang|p1a: Apollo\n|-damage|p1a: Apollo|150/271\n|-damage|p1a: Apollo|38/271\n|-hitcount|p1a: Apollo|2\n|move|p1a: Apollo|Drain Punch|p2a: Snorlax\n|-supereffective|p2a: Snorlax\n|-damage|p2a: Snorlax|68/490\n|-heal|p1a: Apollo|177/271|[from] drain|[of] p2a: Snorlax\n|\n|upkeep\n|\n|t:|1742956222\n|switch|p1b: Dewey|Dewgong, M|96/384 psn\n|turn|9\n|\n|t:|1742956262\n|move|p2a: Snorlax|Protect|p2a: Snorlax\n|-singleturn|p2a: Snorlax|Protect\n|move|p1b: Dewey|Fake Out|p2b: Marowak\n|-damage|p2b: Marowak|294/324\n|cant|p2b: Marowak|flinch\n|move|p1a: Apollo|Drain Punch|p2a: Snorlax\n|-activate|p2a: Snorlax|move: Protect\n|\n|-heal|p1b: Dewey|120/384 psn|[from] item: Leftovers\n|-damage|p1b: Dewey|72/384 psn|[from] psn\n|upkeep\n|turn|10\n|\n|t:|1742956289\n|switch|p2b: Gengar|Gengar, M|262/262\n|move|p2a: Snorlax|Body Slam|p1a: Apollo\n|-damage|p1a: Apollo|0 fnt\n|faint|p1a: Apollo\n|move|p1b: Dewey|Ice Spinner|p2b: Gengar\n|-damage|p2b: Gengar|102/262\n|\n|-heal|p1b: Dewey|96/384 psn|[from] item: Leftovers\n|-damage|p1b: Dewey|48/384 psn|[from] psn\n|-fieldend|move: Trick Room\n|upkeep\n|\n|t:|1742956299\n|switch|p1a: Sparky|Jolteon, M|271/271\n|turn|11\n|\n|t:|1742956311\n|move|p1a: Sparky|Electroweb|p2a: Snorlax|[spread] p2a,p2b\n|debug|Spread modifier: 0.75\n|-crit|p2a: Snorlax\n|debug|Spread modifier: 0.75\n|-damage|p2a: Snorlax|0 fnt\n|-damage|p2b: Gengar|0 fnt\n|faint|p2a: Snorlax\n|faint|p2b: Gengar\n|-damage|p1a: Sparky|244/271|[from] item: Life Orb\n|move|p1b: Dewey|Flip Turn|p2: Snorlax|[notarget]\n|-fail|p1b: Dewey\n|\n|-heal|p1b: Dewey|72/384 psn|[from] item: Leftovers\n|-damage|p1b: Dewey|24/384 psn|[from] psn\n|upkeep\n|\n|t:|1742956323\n|switch|p2b: Clefairy|Clefairy, M|344/344\n|switch|p2a: Muk|Muk, M|25/397\n|turn|12\n|\n|t:|1742956343\n|move|p1a: Sparky|Protect|p1a: Sparky\n|-singleturn|p1a: Sparky|Protect\n|move|p2a: Muk|Shadow Sneak|p1b: Dewey\n|-damage|p1b: Dewey|0 fnt\n|faint|p1b: Dewey\n|move|p2b: Clefairy|Moonblast|p1a: Sparky\n|-activate|p1a: Sparky|move: Protect\n|\n|upkeep\n|turn|13\n|-message|mistermoscow forfeited.\n|\n|win|mattmandaman\n|c|☆mistermoscow|boo\n|l|☆mistermoscow\n|player|p1|\n","uploadtime":1742956352,"views":"15","formatid":"gen9doublescustomgame","rating":null,"private":0,"password":null}