{"id":"gen9doublescustomgame-2102813793","format":"[Gen 9] Doubles Custom Game","players":["mistermoscow","Mango Meloetta"],"log":"|uhtml|medal-msg|<div class=\"broadcast-blue\">Curious what those medals under the avatar are? PS now has Ladder Seasons! For more information, check out the <a href=\"https://www.smogon.com/forums/threads/3740067/\">thread on Smogon.</a></div>\n|uhtml|medal-msg|<div class=\"broadcast-blue\">Curious what those medals under the avatar are? PS now has Ladder Seasons! For more information, check out the <a href=\"https://www.smogon.com/forums/threads/3740067/\">thread on Smogon.</a></div>\n|j|☆mistermoscow\n|j|☆Mango Meloetta\n|t:|1713045654\n|gametype|doubles\n|player|p1|mistermoscow|alder|\n|player|p2|Mango Meloetta|li|\n|teamsize|p1|6\n|teamsize|p2|6\n|gen|9\n|tier|[Gen 9] Doubles Custom Game\n|clearpoke\n|poke|p1|Iron Bundle|\n|poke|p1|Tapu Koko|\n|poke|p1|Ninetales-Alola, F|\n|poke|p1|Incineroar, F|\n|poke|p1|Landorus, M|\n|poke|p1|Basculegion, M|\n|poke|p2|Gengar, M|\n|poke|p2|Murkrow, M|\n|poke|p2|Porygon2|\n|poke|p2|Heatran, M|\n|poke|p2|Zygarde|\n|poke|p2|Chien-Pao|\n|teampreview\n|j| je64\n|j| mattmandaman\n|\n|t:|1713045721\n|start\n|switch|p1a: Cindy|Incineroar, F|331/331\n|switch|p1b: Princess Buttercup|Ninetales-Alola, F|350/350\n|switch|p2a: Porous Gone|Porygon2|374/374\n|switch|p2b: Muckracker|Murkrow, M|324/324\n|-weather|Snow|[from] ability: Snow Warning|[of] p1b: Princess Buttercup\n|-ability|p1a: Cindy|Intimidate|boost\n|-unboost|p2a: Porous Gone|atk|1\n|-unboost|p2b: Muckracker|atk|1\n|-ability|p2a: Porous Gone|Download|boost\n|-boost|p2a: Porous Gone|atk|1\n|turn|1\n|\n|t:|1713045758\n|move|p1a: Cindy|Fake Out|p2b: Muckracker\n|-damage|p2b: Muckracker|251/324\n|cant|p2b: Muckracker|flinch\n|move|p1b: Princess Buttercup|Aurora Veil|p1b: Princess Buttercup\n|-sidestart|p1: mistermoscow|move: Aurora Veil\n|move|p2a: Porous Gone|Reflect|p2a: Porous Gone\n|-sidestart|p2: Mango Meloetta|Reflect\n|\n|-weather|Snow|[upkeep]\n|upkeep\n|turn|2\n|\n|t:|1713045814\n|switch|p1a: Static|Tapu Koko|344/344\n|-fieldstart|move: Electric Terrain|[from] ability: Electric Surge|[of] p1a: Static\n|move|p2b: Muckracker|Tailwind|p2b: Muckracker\n|-sidestart|p2: Mango Meloetta|move: Tailwind\n|move|p1b: Princess Buttercup|Encore|p2a: Porous Gone\n|-start|p2a: Porous Gone|Encore\n|move|p2a: Porous Gone|Reflect||[still]\n|-fail|p2a: Porous Gone\n|debug|move failed because it did nothing\n|\n|-weather|Snow|[upkeep]\n|upkeep\n|turn|3\n|\n|t:|1713045856\n|switch|p2b: My Guard|Zygarde|420/420\n|-ability|p2b: My Guard|Aura Break\n|switch|p2a: Kung Pao Chicken|Chien-Pao|301/301\n|-ability|p2a: Kung Pao Chicken|Sword of Ruin\n|move|p1a: Static|Volt Switch|p2a: Kung Pao Chicken\n|debug|electric terrain boost\n|-damage|p2a: Kung Pao Chicken|147/301\n|\n|t:|1713045867\n|switch|p1a: Iron Bunduru|Iron Bundle|253/253|[from] Volt Switch\n|-activate|p1a: Iron Bunduru|ability: Quark Drive\n|-start|p1a: Iron Bunduru|quarkdrivespe\n|debug|Quark Drive spe boost\n|move|p1b: Princess Buttercup|Icy Wind|p2a: Kung Pao Chicken|[spread] p2a,p2b\n|debug|Spread modifier: 0.75\n|-resisted|p2a: Kung Pao Chicken\n|debug|Spread modifier: 0.75\n|-supereffective|p2b: My Guard\n|-damage|p2a: Kung Pao Chicken|117/301\n|-damage|p2b: My Guard|264/420\n|-unboost|p2a: Kung Pao Chicken|spe|1\n|-unboost|p2b: My Guard|spe|1\n|\n|debug|Quark Drive spe boost\n|-weather|Snow|[upkeep]\n|-heal|p2b: My Guard|290/420|[from] item: Leftovers\n|upkeep\n|turn|4\n|debug|Quark Drive spe boost\n|debug|Quark Drive spe boost\n|\n|t:|1713045893\n|switch|p1b: Cindy|Incineroar, F|331/331\n|-ability|p1b: Cindy|Intimidate|boost\n|-unboost|p2a: Kung Pao Chicken|atk|1\n|-unboost|p2b: My Guard|atk|1\n|-terastallize|p2b: My Guard|Poison\n|debug|Quark Drive spe boost\n|debug|Quark Drive spe boost\n|move|p2a: Kung Pao Chicken|Protect|p2a: Kung Pao Chicken\n|-singleturn|p2a: Kung Pao Chicken|Protect\n|debug|Quark Drive spe boost\n|debug|Quark Drive spe boost\n|move|p1a: Iron Bunduru|Blizzard|p2a: Kung Pao Chicken|[spread] p2b\n|-activate|p2a: Kung Pao Chicken|move: Protect\n|debug|Spread modifier: 0.75\n|-damage|p2b: My Guard|140/420\n|debug|Quark Drive spe boost\n|move|p2b: My Guard|Dragon Dance|p2b: My Guard\n|-boost|p2b: My Guard|atk|1\n|-boost|p2b: My Guard|spe|1\n|\n|debug|Quark Drive spe boost\n|-weather|Snow|[upkeep]\n|-heal|p2b: My Guard|166/420|[from] item: Leftovers\n|upkeep\n|turn|5\n|debug|Quark Drive spe boost\n|debug|Quark Drive spe boost\n|\n|t:|1713045920\n|debug|Quark Drive spe boost\n|debug|Quark Drive spe boost\n|move|p1b: Cindy|Fake Out|p2b: My Guard\n|debug|Sword of Ruin Def drop\n|debug|Reflect weaken\n|-damage|p2b: My Guard|129/420\n|debug|Quark Drive spe boost\n|debug|Quark Drive spe boost\n|move|p2a: Kung Pao Chicken|Sucker Punch|p1a: Iron Bunduru\n|debug|Sword of Ruin Def drop\n|debug|Aurora Veil weaken\n|-damage|p1a: Iron Bunduru|209/253\n|debug|Quark Drive spe boost\n|debug|Quark Drive spe boost\n|move|p1a: Iron Bunduru|Blizzard|p2a: Kung Pao Chicken|[spread] p2a,p2b\n|debug|Spread modifier: 0.75\n|-resisted|p2a: Kung Pao Chicken\n|debug|Spread modifier: 0.75\n|-damage|p2a: Kung Pao Chicken|15/301\n|-damage|p2b: My Guard|0 fnt\n|faint|p2b: My Guard\n|debug|Quark Drive spe boost\n|\n|debug|Quark Drive spe boost\n|-weather|none\n|-sideend|p2: Mango Meloetta|Reflect\n|-sideend|p2: Mango Meloetta|move: Tailwind\n|-sideend|p1: mistermoscow|move: Aurora Veil\n|upkeep\n|debug|Quark Drive spe boost\n|\n|t:|1713045930\n|switch|p2b: Muckracker|Murkrow, M|251/324\n|turn|6\n|debug|Quark Drive spe boost\n|debug|Quark Drive spe boost\n|\n|t:|1713045945\n|switch|p1b: Princess Buttercup|Ninetales-Alola, F|350/350\n|-weather|Snow|[from] ability: Snow Warning|[of] p1b: Princess Buttercup\n|debug|Quark Drive spe boost\n|debug|Quark Drive spe boost\n|move|p2b: Muckracker|Tailwind|p2b: Muckracker\n|-sidestart|p2: Mango Meloetta|move: Tailwind\n|debug|Quark Drive spe boost\n|debug|Quark Drive spe boost\n|move|p1a: Iron Bunduru|Icy Wind|p2b: Muckracker|[spread] p2a,p2b\n|debug|Spread modifier: 0.75\n|-resisted|p2a: Kung Pao Chicken\n|debug|Spread modifier: 0.75\n|-supereffective|p2b: Muckracker\n|-damage|p2a: Kung Pao Chicken|0 fnt\n|-damage|p2b: Muckracker|35/324\n|-unboost|p2b: Muckracker|spe|1\n|faint|p2a: Kung Pao Chicken\n|debug|Quark Drive spe boost\n|\n|debug|Quark Drive spe boost\n|-weather|Snow|[upkeep]\n|-fieldend|move: Electric Terrain\n|-end|p1a: Iron Bunduru|Quark Drive\n|upkeep\n|\n|t:|1713045955\n|switch|p2a: Heat Ran|Heatran, M|386/386\n|turn|7\n|\n|t:|1713045975\n|-end|p1a: Iron Bunduru|Quark Drive|[silent]\n|switch|p1a: Cindy|Incineroar, F|331/331\n|-ability|p1a: Cindy|Intimidate|boost\n|-unboost|p2a: Heat Ran|atk|1\n|-unboost|p2b: Muckracker|atk|1\n|move|p2b: Muckracker|Taunt|p1b: Princess Buttercup\n|-start|p1b: Princess Buttercup|move: Taunt\n|-enditem|p1b: Princess Buttercup|Mental Herb\n|-end|p1b: Princess Buttercup|move: Taunt\n|move|p2a: Heat Ran|Heat Wave|p1a: Cindy|[spread] p1a\n|-miss|p2a: Heat Ran|p1b: Princess Buttercup\n|debug|Spread modifier: 0.75\n|-resisted|p1a: Cindy\n|-damage|p1a: Cindy|260/331\n|move|p1b: Princess Buttercup|Aurora Veil|p1b: Princess Buttercup\n|-sidestart|p1: mistermoscow|move: Aurora Veil\n|\n|-weather|Snow|[upkeep]\n|upkeep\n|turn|8\n|\n|t:|1713046017\n|move|p1a: Cindy|Fake Out|p2b: Muckracker\n|-damage|p2b: Muckracker|0 fnt\n|debug|move failed because it did nothing\n|faint|p2b: Muckracker\n|move|p2a: Heat Ran|Earth Power|p1a: Cindy\n|-supereffective|p1a: Cindy\n|debug|Aurora Veil weaken\n|-damage|p1a: Cindy|96/331\n|-unboost|p1a: Cindy|spd|1\n|move|p1b: Princess Buttercup|Disable|p2a: Heat Ran\n|-start|p2a: Heat Ran|Disable|Earth Power\n|\n|-weather|Snow|[upkeep]\n|upkeep\n|\n|t:|1713046024\n|switch|p2b: Porous Gone|Porygon2|374/374\n|-ability|p2b: Porous Gone|Download|boost\n|-boost|p2b: Porous Gone|spa|1\n|turn|9\n|\n|t:|1713046060\n|switch|p1a: God|Landorus, M|319/319\n|move|p2a: Heat Ran|Flash Cannon|p1b: Princess Buttercup\n|-supereffective|p1b: Princess Buttercup\n|debug|Aurora Veil weaken\n|-damage|p1b: Princess Buttercup|0 fnt\n|faint|p1b: Princess Buttercup\n|move|p2b: Porous Gone|Reflect|p2b: Porous Gone\n|-sidestart|p2: Mango Meloetta|Reflect\n|\n|-weather|Snow|[upkeep]\n|-sideend|p2: Mango Meloetta|move: Tailwind\n|upkeep\n|\n|t:|1713046070\n|switch|p1b: Static|Tapu Koko|344/344\n|-fieldstart|move: Electric Terrain|[from] ability: Electric Surge|[of] p1b: Static\n|turn|10\n|\n|t:|1713046113\n|move|p1b: Static|Nature's Madness|p2b: Porous Gone\n|-damage|p2b: Porous Gone|187/374\n|move|p1a: God|Sludge Bomb|p2a: Heat Ran\n|-immune|p2a: Heat Ran\n|move|p2a: Heat Ran|Flash Cannon|p1b: Static\n|debug|Aurora Veil weaken\n|-damage|p1b: Static|213/344\n|move|p2b: Porous Gone|Icy Wind|p1b: Static|[spread] p1a,p1b\n|debug|Spread modifier: 0.75\n|-supereffective|p1a: God\n|debug|Aurora Veil weaken\n|debug|Spread modifier: 0.75\n|debug|Aurora Veil weaken\n|-damage|p1a: God|148/319\n|-damage|p1b: Static|172/344\n|-unboost|p1a: God|spe|1\n|-unboost|p1b: Static|spe|1\n|\n|-weather|none\n|upkeep\n|turn|11\n|\n|t:|1713046141\n|switch|p1b: Cindy|Incineroar, F|96/331\n|-ability|p1b: Cindy|Intimidate|boost\n|-unboost|p2a: Heat Ran|atk|1\n|-unboost|p2b: Porous Gone|atk|1\n|move|p1a: God|Protect|p1a: God\n|-singleturn|p1a: God|Protect\n|move|p2a: Heat Ran|Flash Cannon|p1b: Cindy\n|-resisted|p1b: Cindy\n|debug|Aurora Veil weaken\n|-damage|p1b: Cindy|43/331\n|move|p2b: Porous Gone|Icy Wind|p1a: God|[spread] p1b\n|-activate|p1a: God|move: Protect\n|debug|Spread modifier: 0.75\n|-resisted|p1b: Cindy\n|debug|Aurora Veil weaken\n|-damage|p1b: Cindy|26/331\n|-unboost|p1b: Cindy|spe|1\n|\n|-sideend|p1: mistermoscow|move: Aurora Veil\n|upkeep\n|turn|12\n|\n|t:|1713046172\n|switch|p1a: Iron Bunduru|Iron Bundle|209/253\n|-activate|p1a: Iron Bunduru|ability: Quark Drive\n|-start|p1a: Iron Bunduru|quarkdrivespe\n|debug|Quark Drive spe boost\n|move|p1b: Cindy|Fake Out|p2a: Heat Ran\n|-resisted|p2a: Heat Ran\n|debug|Reflect weaken\n|-damage|p2a: Heat Ran|371/386\n|debug|Quark Drive spe boost\n|cant|p2a: Heat Ran|flinch\n|debug|Quark Drive spe boost\n|move|p2b: Porous Gone|Icy Wind|p1b: Cindy|[spread] p1a,p1b\n|debug|Spread modifier: 0.75\n|-resisted|p1a: Iron Bunduru\n|debug|Spread modifier: 0.75\n|-resisted|p1b: Cindy\n|-damage|p1a: Iron Bunduru|189/253\n|-damage|p1b: Cindy|0 fnt\n|debug|Covert Cloak prevent secondary\n|faint|p1b: Cindy\n|\n|debug|Quark Drive spe boost\n|-end|p2a: Heat Ran|Disable\n|upkeep\n|debug|Quark Drive spe boost\n|\n|t:|1713046201\n|switch|p1b: Death Fish|Basculegion, M|381/381\n|turn|13\n|debug|Quark Drive spe boost\n|debug|Quark Drive spe boost\n|\n|t:|1713046227\n|debug|Quark Drive spe boost\n|debug|Quark Drive spe boost\n|move|p1a: Iron Bunduru|Icy Wind|p2a: Heat Ran|[spread] p2a,p2b\n|debug|Spread modifier: 0.75\n|-resisted|p2a: Heat Ran\n|debug|Spread modifier: 0.75\n|-damage|p2a: Heat Ran|359/386\n|-damage|p2b: Porous Gone|145/374\n|-unboost|p2a: Heat Ran|spe|1\n|-unboost|p2b: Porous Gone|spe|1\n|debug|Quark Drive spe boost\n|move|p1b: Death Fish|Wave Crash|p2a: Heat Ran\n|-supereffective|p2a: Heat Ran\n|debug|Reflect weaken\n|-damage|p2a: Heat Ran|0 fnt\n|faint|p2a: Heat Ran\n|-damage|p1b: Death Fish|263/381|[from] Recoil\n|debug|Quark Drive spe boost\n|move|p2b: Porous Gone|Foul Play|p1b: Death Fish\n|-supereffective|p1b: Death Fish\n|-damage|p1b: Death Fish|0 fnt\n|faint|p1b: Death Fish\n|\n|debug|Quark Drive spe boost\n|-sideend|p2: Mango Meloetta|Reflect\n|upkeep\n|debug|Quark Drive spe boost\n|\n|t:|1713046245\n|switch|p1b: God|Landorus, M|148/319\n|switch|p2a: Goonatar|Gengar, M|262/262\n|turn|14\n|debug|Quark Drive spe boost\n|debug|Quark Drive spe boost\n|\n|t:|1713046255\n|detailschange|p2a: Goonatar|Gengar-Mega, M\n|-mega|p2a: Goonatar|Gengar|Gengarite\n|debug|Quark Drive spe boost\n|debug|Quark Drive spe boost\n|move|p1b: God|Protect|p1b: God\n|-singleturn|p1b: God|Protect\n|debug|Quark Drive spe boost\n|debug|Quark Drive spe boost\n|move|p1a: Iron Bunduru|Icy Wind|p2a: Goonatar|[spread] p2a,p2b\n|debug|Spread modifier: 0.75\n|debug|Spread modifier: 0.75\n|-damage|p2a: Goonatar|186/262\n|-damage|p2b: Porous Gone|103/374\n|-unboost|p2a: Goonatar|spe|1\n|-unboost|p2b: Porous Gone|spe|1\n|debug|Quark Drive spe boost\n|move|p2a: Goonatar|Icy Wind|p1b: God|[spread] p1a\n|-activate|p1b: God|move: Protect\n|debug|Spread modifier: 0.75\n|-resisted|p1a: Iron Bunduru\n|-damage|p1a: Iron Bunduru|167/253\n|debug|Covert Cloak prevent secondary\n|debug|Quark Drive spe boost\n|move|p2b: Porous Gone|Icy Wind|p1b: God|[spread] p1a\n|-activate|p1b: God|move: Protect\n|debug|Spread modifier: 0.75\n|-resisted|p1a: Iron Bunduru\n|-damage|p1a: Iron Bunduru|149/253\n|debug|Covert Cloak prevent secondary\n|\n|debug|Quark Drive spe boost\n|-fieldend|move: Electric Terrain\n|-end|p1a: Iron Bunduru|Quark Drive\n|upkeep\n|turn|15\n|\n|t:|1713046308\n|move|p1a: Iron Bunduru|Icy Wind|p2b: Porous Gone|[spread] p2a,p2b\n|debug|Spread modifier: 0.75\n|debug|Spread modifier: 0.75\n|-damage|p2a: Goonatar|110/262\n|-damage|p2b: Porous Gone|67/374\n|-unboost|p2a: Goonatar|spe|1\n|-unboost|p2b: Porous Gone|spe|1\n|move|p1b: God|Earth Power|p2a: Goonatar\n|-supereffective|p2a: Goonatar\n|-damage|p2a: Goonatar|0 fnt\n|faint|p2a: Goonatar\n|move|p2b: Porous Gone|Icy Wind|p1a: Iron Bunduru|[spread] p1a,p1b\n|debug|Spread modifier: 0.75\n|-resisted|p1a: Iron Bunduru\n|debug|Spread modifier: 0.75\n|-supereffective|p1b: God\n|-damage|p1a: Iron Bunduru|130/253\n|-damage|p1b: God|0 fnt\n|debug|Covert Cloak prevent secondary\n|faint|p1b: God\n|\n|upkeep\n|\n|t:|1713046322\n|switch|p1b: Static|Tapu Koko|172/344\n|-fieldstart|move: Electric Terrain|[from] ability: Electric Surge|[of] p1b: Static\n|-activate|p1a: Iron Bunduru|ability: Quark Drive\n|-start|p1a: Iron Bunduru|quarkdrivespe\n|turn|16\n|debug|Quark Drive spe boost\n|debug|Quark Drive spe boost\n|\n|t:|1713046335\n|debug|Quark Drive spe boost\n|debug|Quark Drive spe boost\n|move|p1a: Iron Bunduru|Icy Wind|p2b: Porous Gone\n|-damage|p2b: Porous Gone|13/374\n|-unboost|p2b: Porous Gone|spe|1\n|debug|Quark Drive spe boost\n|move|p1b: Static|Volt Switch|p2b: Porous Gone\n|debug|electric terrain boost\n|-damage|p2b: Porous Gone|0 fnt\n|faint|p2b: Porous Gone\n|\n|win|mistermoscow\n","uploadtime":1713046343,"views":"30","formatid":"gen9doublescustomgame","rating":null,"private":0,"password":null}