{"id":"gen9championsdoublescustomgame-2666028964","format":"[Gen 9 Champions] Doubles Custom Game","players":["mistermoscow","mattmandaman"],"log":"|j|☆mistermoscow\n|j|☆mattmandaman\n|t:|1786936458\n|gametype|doubles\n|player|p1|mistermoscow|benga|\n|player|p2|mattmandaman|unknown|\n|gen|9\n|tier|[Gen 9 Champions] Doubles Custom Game\n|clearpoke\n|poke|p1|Venusaur, L50, M|\n|poke|p1|Ninetales-Alola, L50, F|\n|poke|p1|Zapdos-Galar, L50|\n|poke|p1|Magearna, L50|\n|poke|p1|Ursaluna, L50, M|\n|poke|p1|Chi-Yu, L50|\n|poke|p2|Rillaboom, L50|\n|poke|p2|Zygarde, L50|\n|poke|p2|Entei, L50|\n|poke|p2|Tornadus, L50, M|\n|poke|p2|Chien-Pao, L50|\n|poke|p2|Iron Hands, L50|\n|teampreview\n|j| Jamochi\n|\n|t:|1786936486\n|teamsize|p1|6\n|teamsize|p2|6\n|start\n|switch|p1a: Chip|Chi-Yu, L50|130/130\n|switch|p1b: Princess Sparkle|Ninetales-Alola, L50, F|180/180\n|switch|p2a: Tornadus|Tornadus, L50, M|178/178\n|switch|p2b: Entei|Entei, L50|192/192\n|-weather|Snowscape|[from] ability: Snow Warning|[of] p1b: Princess Sparkle\n|-ability|p1a: Chip|Beads of Ruin\n|turn|1\n|\n|t:|1786936519\n|move|p1b: Princess Sparkle|Helping Hand|p1a: Chip\n|-singleturn|p1a: Chip|Helping Hand|[of] p1b: Princess Sparkle\n|move|p2a: Tornadus|Tailwind|p2a: Tornadus\n|-sidestart|p2: mattmandaman|move: Tailwind\n|move|p2b: Entei|Sacred Fire|p1b: Princess Sparkle\n|-supereffective|p1b: Princess Sparkle|1\n|-damage|p1b: Princess Sparkle|0 fnt\n|faint|p1b: Princess Sparkle\n|move|p1a: Chip|Dark Pulse|p2b: Entei\n|debug|Boosting from Helping Hand: 1.5\n|debug|Beads of Ruin SpD drop\n|-damage|p2b: Entei|0 fnt\n|faint|p2b: Entei\n|-damage|p1a: Chip|117/130|[from] item: Life Orb\n|\n|-weather|Snowscape|[upkeep]\n|upkeep\n|\n|t:|1786936543\n|switch|p1b: Vinny|Venusaur, L50, M|187/187\n|switch|p2b: Zygarde|Zygarde, L50|185/185\n|-ability|p2b: Zygarde|Aura Break\n|turn|2\n|\n|t:|1786936562\n|detailschange|p1b: Vinny|Venusaur-Mega, L50, M\n|-mega|p1b: Vinny|Venusaur|Venusaurite\n|move|p1a: Chip|Protect|p1a: Chip\n|-singleturn|p1a: Chip|Protect\n|move|p2a: Tornadus|Bleakwind Storm|p1a: Chip|[spread] p1b\n|-activate|p1a: Chip|move: Protect\n|debug|Beads of Ruin SpD drop\n|debug|Spread modifier: 0.75\n|-supereffective|p1b: Vinny|1\n|-damage|p1b: Vinny|55/187\n|-unboost|p1b: Vinny|spe|1\n|move|p2b: Zygarde|Thousand Arrows|p1b: Vinny|[spread] p1b\n|-activate|p1a: Chip|move: Protect\n|debug|Spread modifier: 0.75\n|-damage|p1b: Vinny|0 fnt\n|faint|p1b: Vinny\n|\n|-weather|Snowscape|[upkeep]\n|upkeep\n|\n|t:|1786936595\n|switch|p1b: Daniel|Zapdos-Galar, L50|197/197\n|turn|3\n|\n|t:|1786936602\n|switch|p1a: Banjo|Ursaluna, L50, M|237/237\n|move|p2a: Tornadus|Bleakwind Storm|p1a: Banjo|[spread] p1b\n|-miss|p2a: Tornadus|p1a: Banjo\n|debug|Spread modifier: 0.75\n|-supereffective|p1b: Daniel|1\n|-damage|p1b: Daniel|71/197\n|debug|Covert Cloak prevent secondary\n|move|p2b: Zygarde|Thousand Arrows|p1b: Daniel|[spread] p1a,p1b\n|debug|Spread modifier: 0.75\n|debug|Spread modifier: 0.75\n|-damage|p1a: Banjo|159/237\n|-damage|p1b: Daniel|0 fnt\n|faint|p1b: Daniel\n|\n|-weather|Snowscape|[upkeep]\n|-status|p1a: Banjo|brn|[from] item: Flame Orb\n|upkeep\n|\n|t:|1786936616\n|switch|p1b: Chip|Chi-Yu, L50|117/130\n|-ability|p1b: Chip|Beads of Ruin\n|turn|4\n|\n|t:|1786936633\n|move|p1b: Chip|Protect|p1b: Chip\n|-singleturn|p1b: Chip|Protect\n|move|p2a: Tornadus|Bleakwind Storm|p1b: Chip|[spread] p1a\n|-activate|p1b: Chip|move: Protect\n|debug|Beads of Ruin SpD drop\n|debug|Spread modifier: 0.75\n|-damage|p1a: Banjo|93/237 brn\n|move|p2b: Zygarde|Thousand Arrows|p1a: Banjo|[spread] p1a\n|-activate|p1b: Chip|move: Protect\n|debug|Spread modifier: 0.75\n|-damage|p1a: Banjo|12/237 brn\n|move|p1a: Banjo|Ice Punch|p2a: Tornadus\n|-supereffective|p2a: Tornadus|1\n|-damage|p2a: Tornadus|0 fnt\n|debug|Covert Cloak prevent secondary\n|faint|p2a: Tornadus\n|\n|-weather|Snowscape|[upkeep]\n|-damage|p1a: Banjo|0 fnt|[from] brn\n|faint|p1a: Banjo\n|-sideend|p2: mattmandaman|move: Tailwind\n|upkeep\n|\n|t:|1786936652\n|switch|p2a: Iron Hands|Iron Hands, L50|261/261\n|switch|p1a: Mags|Magearna, L50|157/157\n|turn|5\n|\n|t:|1786936669\n|move|p2a: Iron Hands|Fake Out|p1b: Chip\n|-damage|p1b: Chip|88/130\n|cant|p1b: Chip|flinch\n|move|p2b: Zygarde|Thousand Arrows|p1a: Mags|[spread] p1a,p1b\n|debug|Spread modifier: 0.75\n|-supereffective|p1a: Mags|1\n|debug|Spread modifier: 0.75\n|-supereffective|p1b: Chip|1\n|-damage|p1a: Mags|37/157\n|-damage|p1b: Chip|0 fnt\n|faint|p1b: Chip\n|-ability|p1a: Mags|Soul-Heart|boost\n|-boost|p1a: Mags|spa|1\n|move|p1a: Mags|Dazzling Gleam|p2a: Iron Hands|[spread] p2a,p2b\n|debug|Spread modifier: 0.75\n|-supereffective|p2a: Iron Hands|1\n|debug|Spread modifier: 0.75\n|-supereffective|p2b: Zygarde|1\n|-damage|p2a: Iron Hands|87/261\n|-damage|p2b: Zygarde|0 fnt\n|faint|p2b: Zygarde\n|-ability|p1a: Mags|Soul-Heart|boost\n|-boost|p1a: Mags|spa|1\n|\n|-weather|none\n|-heal|p1a: Mags|46/157|[from] item: Leftovers\n|-heal|p2a: Iron Hands|103/261|[from] item: Leftovers\n|upkeep\n|\n|t:|1786936694\n|switch|p2b: Rillaboom|Rillaboom, L50|207/207\n|-fieldstart|move: Grassy Terrain|[from] ability: Grassy Surge|[of] p2b: Rillaboom\n|turn|6\n|\n|t:|1786936699\n|-end|p2a: Iron Hands|Quark Drive|[silent]\n|switch|p2a: Chien-Pao|Chien-Pao, L50|157/157\n|-ability|p2a: Chien-Pao|Sword of Ruin\n|move|p1a: Mags|Protect|p1a: Mags\n|-singleturn|p1a: Mags|Protect\n|move|p2b: Rillaboom|Fake Out|p1a: Mags\n|-activate|p1a: Mags|move: Protect\n|\n|-heal|p1a: Mags|55/157|[from] Grassy Terrain\n|-heal|p1a: Mags|64/157|[from] item: Leftovers\n|upkeep\n|turn|7\n|\n|t:|1786936716\n|move|p2a: Chien-Pao|Crunch|p1a: Mags\n|debug|Sword of Ruin Def drop\n|-resisted|p1a: Mags|1\n|-damage|p1a: Mags|28/157\n|move|p2b: Rillaboom|High Horsepower|p1a: Mags\n|debug|Sword of Ruin Def drop\n|-supereffective|p1a: Mags|1\n|-damage|p1a: Mags|0 fnt\n|faint|p1a: Mags\n|\n|win|mattmandaman\n|c|☆mistermoscow|lame af\n","uploadtime":1786936733,"views":"5","formatid":"gen9championsdoublescustomgame","rating":null,"private":0,"password":null}