{"id":"gen9doublescustomgame-2274021897","format":"[Gen 9] Doubles Custom Game","players":["je64","mistermoscow"],"log":"|j|☆je64\n|j|☆mistermoscow\n|t:|1735867446\n|gametype|doubles\n|player|p1|je64|102|\n|player|p2|mistermoscow|alder|\n|teamsize|p1|6\n|teamsize|p2|6\n|gen|9\n|tier|[Gen 9] Doubles Custom Game\n|clearpoke\n|poke|p1|Kadabra, M|\n|poke|p1|Gyarados, M|\n|poke|p1|Magmar, M|\n|poke|p1|Electabuzz, F|\n|poke|p1|Rhydon, F|\n|poke|p1|Articuno|\n|poke|p2|Butterfree, F|\n|poke|p2|Clefairy, M|\n|poke|p2|Poliwrath, F|\n|poke|p2|Victreebel, M|\n|poke|p2|Porygon|\n|poke|p2|Snorlax, M|\n|teampreview\n|\n|t:|1735867479\n|start\n|switch|p1a: K.Dot|Kadabra, M|221/221\n|switch|p1b: Myagmar|Magmar, M|271/271\n|switch|p2a: Pogo Jr|Porygon|271/271\n|switch|p2b: Clifford|Clefairy, M|344/344\n|-ability|p2a: Pogo Jr|Download|boost\n|-boost|p2a: Pogo Jr|atk|1\n|turn|1\n|\n|t:|1735867508\n|move|p1a: K.Dot|Calm Mind|p1a: K.Dot\n|-boost|p1a: K.Dot|spa|1\n|-boost|p1a: K.Dot|spd|1\n|move|p1b: Myagmar|Overheat|p2a: Pogo Jr\n|debug|Friend Guard weaken\n|-damage|p2a: Pogo Jr|87/271\n|-unboost|p1b: Myagmar|spa|2\n|move|p2a: Pogo Jr|Icy Wind|p1b: Myagmar|[spread] p1a,p1b\n|debug|Spread modifier: 0.75\n|debug|Spread modifier: 0.75\n|-resisted|p1b: Myagmar\n|-damage|p1a: K.Dot|182/221\n|-damage|p1b: Myagmar|247/271\n|-unboost|p1a: K.Dot|spe|1\n|-unboost|p1b: Myagmar|spe|1\n|move|p2b: Clifford|Minimize|p2b: Clifford\n|-boost|p2b: Clifford|evasion|2\n|\n|upkeep\n|turn|2\n|\n|t:|1735867648\n|switch|p1b: Articuno|Articuno|384/384\n|switch|p2a: Polly|Poliwrath, F|384/384\n|move|p2b: Clifford|Follow Me|p2b: Clifford\n|-singleturn|p2b: Clifford|move: Follow Me\n|move|p1a: K.Dot|Dazzling Gleam|p2a: Polly|[spread] p2a,p2b\n|debug|Spread modifier: 0.75\n|-supereffective|p2a: Polly\n|debug|Friend Guard weaken\n|debug|Spread modifier: 0.75\n|-damage|p2a: Polly|181/384\n|-damage|p2b: Clifford|232/344\n|debug|damage event failed\n|\n|-heal|p2a: Polly|205/384|[from] item: Leftovers\n|upkeep\n|turn|3\n|\n|t:|1735867705\n|switch|p2a: Purple Haze|Butterfree, F|262/262\n|move|p1a: K.Dot|Dazzling Gleam|p2a: Purple Haze|[spread] p2a,p2b\n|debug|Spread modifier: 0.75\n|debug|Friend Guard weaken\n|debug|Spread modifier: 0.75\n|-damage|p2a: Purple Haze|139/262\n|-damage|p2b: Clifford|110/344\n|debug|damage event failed\n|move|p1b: Articuno|Snowscape|p1b: Articuno\n|-weather|Snow\n|move|p2b: Clifford|Minimize|p2b: Clifford\n|-boost|p2b: Clifford|evasion|2\n|\n|-weather|Snow|[upkeep]\n|upkeep\n|turn|4\n|\n|t:|1735867728\n|move|p2a: Purple Haze|Sleep Powder|p1b: Articuno\n|debug|compoundeyes - enhancing accuracy\n|debug|Snow Cloak - decreasing accuracy\n|-status|p1b: Articuno|slp|[from] move: Sleep Powder\n|move|p1a: K.Dot|Calm Mind|p1a: K.Dot\n|-boost|p1a: K.Dot|spa|1\n|-boost|p1a: K.Dot|spd|1\n|cant|p1b: Articuno|slp\n|move|p2b: Clifford|Minimize|p2b: Clifford\n|-boost|p2b: Clifford|evasion|2\n|\n|-weather|Snow|[upkeep]\n|upkeep\n|turn|5\n|\n|t:|1735867752\n|switch|p2a: Victor|Victreebel, M|301/301\n|move|p1a: K.Dot|Protect|p1a: K.Dot\n|-singleturn|p1a: K.Dot|Protect\n|move|p2b: Clifford|Follow Me|p2b: Clifford\n|-singleturn|p2b: Clifford|move: Follow Me\n|cant|p1b: Articuno|slp\n|\n|-weather|Snow|[upkeep]\n|upkeep\n|turn|6\n|\n|t:|1735867779\n|move|p2b: Clifford|Follow Me|p2b: Clifford\n|-singleturn|p2b: Clifford|move: Follow Me\n|move|p2a: Victor|Swords Dance|p2a: Victor\n|-boost|p2a: Victor|atk|2\n|move|p1a: K.Dot|Psychic|p2b: Clifford|[miss]\n|debug|Follow Me redirected target of move\n|-miss|p1a: K.Dot|p2b: Clifford\n|-curestatus|p1b: Articuno|slp|[msg]\n|move|p1b: Articuno|Blizzard|p2b: Clifford|[spread] p2a,p2b\n|debug|Spread modifier: 0.75\n|-supereffective|p2a: Victor\n|debug|Friend Guard weaken\n|debug|Spread modifier: 0.75\n|-damage|p2a: Victor|133/301\n|-damage|p2b: Clifford|37/344\n|\n|-weather|Snow|[upkeep]\n|upkeep\n|turn|7\n|\n|t:|1735867835\n|move|p2a: Victor|Protect|p2a: Victor\n|-singleturn|p2a: Victor|Protect\n|move|p1a: K.Dot|Protect|p1a: K.Dot\n|-singleturn|p1a: K.Dot|Protect\n|move|p1b: Articuno|Blizzard|p2a: Victor|[spread] p2b\n|-activate|p2a: Victor|move: Protect\n|debug|Spread modifier: 0.75\n|-damage|p2b: Clifford|0 fnt\n|faint|p2b: Clifford\n|\n|-weather|none\n|upkeep\n|\n|t:|1735867853\n|switch|p2b: Purple Haze|Butterfree, F|139/262\n|turn|8\n|\n|t:|1735867870\n|move|p2a: Victor|Sucker Punch|p1a: K.Dot\n|-supereffective|p1a: K.Dot\n|-damage|p1a: K.Dot|0 fnt\n|faint|p1a: K.Dot\n|-damage|p2a: Victor|103/301|[from] item: Life Orb\n|move|p2b: Purple Haze|Pollen Puff|p2a: Victor\n|debug|compoundeyes - enhancing accuracy\n|-heal|p2a: Victor|253/301\n|move|p1b: Articuno|Blizzard|p2b: Purple Haze|[spread] p2a,p2b\n|debug|Spread modifier: 0.75\n|-supereffective|p2a: Victor\n|debug|Spread modifier: 0.75\n|-supereffective|p2b: Purple Haze\n|-damage|p2a: Victor|29/301\n|-damage|p2b: Purple Haze|0 fnt\n|faint|p2b: Purple Haze\n|\n|upkeep\n|\n|t:|1735867924\n|switch|p1a: Gyarados|Gyarados, M|331/331\n|switch|p2b: Polly|Poliwrath, F|205/384\n|-ability|p1a: Gyarados|Intimidate|boost\n|-unboost|p2a: Victor|atk|1\n|-unboost|p2b: Polly|atk|1\n|turn|9\n|\n|t:|1735867948\n|move|p2a: Victor|Protect|p2a: Victor\n|-singleturn|p2a: Victor|Protect\n|move|p1a: Gyarados|Earthquake|p2b: Polly|[spread] p2b\n|-activate|p2a: Victor|move: Protect\n|-immune|p1b: Articuno\n|debug|Spread modifier: 0.75\n|-damage|p2b: Polly|116/384\n|move|p1b: Articuno|Snowscape|p1b: Articuno\n|-weather|Snow\n|move|p2b: Polly|Coaching|p2a: Victor\n|-boost|p2a: Victor|atk|1\n|-boost|p2a: Victor|def|1\n|\n|-weather|Snow|[upkeep]\n|-heal|p2b: Polly|140/384|[from] item: Leftovers\n|upkeep\n|turn|10\n|\n|t:|1735867988\n|move|p2a: Victor|Sucker Punch|p1b: Articuno\n|debug|Snow Cloak - decreasing accuracy\n|-damage|p1b: Articuno|275/384\n|-damage|p2a: Victor|0 fnt|[from] item: Life Orb\n|faint|p2a: Victor\n|move|p1a: Gyarados|Earthquake|p2b: Polly|[spread] p2b\n|-immune|p1b: Articuno\n|debug|Spread modifier: 0.75\n|-damage|p2b: Polly|49/384\n|move|p1b: Articuno|Blizzard|p2b: Polly\n|-resisted|p2b: Polly\n|-damage|p2b: Polly|0 fnt\n|faint|p2b: Polly\n|\n|-weather|Snow|[upkeep]\n|-heal|p1b: Articuno|299/384|[from] item: Leftovers\n|upkeep\n|\n|t:|1735868005\n|switch|p2a: Pogo Jr|Porygon|87/271\n|switch|p2b: Snax|Snorlax, M|524/524\n|-ability|p2a: Pogo Jr|Download|boost\n|-boost|p2a: Pogo Jr|atk|1\n|turn|11\n|\n|t:|1735868024\n|move|p1a: Gyarados|Waterfall|p2b: Snax\n|-damage|p2b: Snax|392/524\n|move|p1b: Articuno|Sheer Cold|p2b: Snax\n|-damage|p2b: Snax|0 fnt\n|faint|p2b: Snax\n|-ohko\n|move|p2a: Pogo Jr|Icy Wind|p1a: Gyarados|[spread] p1a,p1b\n|debug|Snow Cloak - decreasing accuracy\n|debug|Spread modifier: 0.75\n|debug|Spread modifier: 0.75\n|-damage|p1a: Gyarados|291/331\n|-damage|p1b: Articuno|268/384\n|-unboost|p1a: Gyarados|spe|1\n|-unboost|p1b: Articuno|spe|1\n|\n|-weather|Snow|[upkeep]\n|-heal|p1b: Articuno|292/384|[from] item: Leftovers\n|upkeep\n|turn|12\n|\n|t:|1735868043\n|move|p1a: Gyarados|Protect|p1a: Gyarados\n|-singleturn|p1a: Gyarados|Protect\n|move|p1b: Articuno|Sheer Cold|p2a: Pogo Jr\n|-damage|p2a: Pogo Jr|0 fnt\n|faint|p2a: Pogo Jr\n|-ohko\n|\n|win|je64\n","uploadtime":1735868054,"views":"10","formatid":"gen9doublescustomgame","rating":null,"private":0,"password":null}