{"id":"gen9doublescustomgame-2304216049","format":"[Gen 9] Doubles Custom Game","players":["Mango Meloetta","mistermoscow"],"log":"|j|☆Mango Meloetta\n|j|☆mistermoscow\n|t:|1740023521\n|gametype|doubles\n|player|p1|Mango Meloetta|li|\n|player|p2|mistermoscow|169|\n|teamsize|p1|6\n|teamsize|p2|6\n|gen|9\n|tier|[Gen 9] Doubles Custom Game\n|clearpoke\n|poke|p1|Poliwrath, M|\n|poke|p1|Golduck, F|\n|poke|p1|Cloyster, F|\n|poke|p1|Snorlax, F|\n|poke|p1|Sandslash, M|\n|poke|p1|Electrode|\n|poke|p2|Nidoking, M|\n|poke|p2|Primeape, M|\n|poke|p2|Victreebel, M|\n|poke|p2|Exeggutor, M|\n|poke|p2|Mr. Mime, F|\n|poke|p2|Flareon, F|\n|teampreview\n|\n|t:|1740023598\n|start\n|switch|p1a: Pride|Cloyster, F|303/303\n|switch|p1b: Gluttony|Snorlax, F|524/524\n|switch|p2a: Eggman|Exeggutor, M|394/394\n|switch|p2b: Mrs. Mr. Mime|Mr. Mime, F|284/284\n|turn|1\n|\n|t:|1740023635\n|switch|p2a: Fluffy|Flareon, F|272/272\n|move|p1a: Pride|Icicle Spear|p2a: Fluffy\n|-resisted|p2a: Fluffy\n|-damage|p2a: Fluffy|241/272\n|-resisted|p2a: Fluffy\n|-damage|p2a: Fluffy|211/272\n|-resisted|p2a: Fluffy\n|-damage|p2a: Fluffy|177/272\n|-resisted|p2a: Fluffy\n|-damage|p2a: Fluffy|143/272\n|-resisted|p2a: Fluffy\n|-damage|p2a: Fluffy|110/272\n|-hitcount|p2a: Fluffy|5\n|move|p1b: Gluttony|Ice Punch|p2a: Fluffy\n|-resisted|p2a: Fluffy\n|-damage|p2a: Fluffy|67/272\n|-status|p2a: Fluffy|frz\n|move|p2b: Mrs. Mr. Mime|Trick Room|p2b: Mrs. Mr. Mime\n|-fieldstart|move: Trick Room|[of] p2b: Mrs. Mr. Mime\n|\n|upkeep\n|turn|2\n|\n|t:|1740023688\n|cant|p2a: Fluffy|frz\n|move|p1b: Gluttony|Double-Edge|p2b: Mrs. Mr. Mime\n|-damage|p2b: Mrs. Mr. Mime|86/284\n|-damage|p1b: Gluttony|459/524|[from] Recoil\n|move|p2b: Mrs. Mr. Mime|Psychic Terrain|p2b: Mrs. Mr. Mime\n|-fieldstart|move: Psychic Terrain\n|move|p1a: Pride|Icicle Spear|p2a: Fluffy\n|-resisted|p2a: Fluffy\n|-damage|p2a: Fluffy|36/272 frz\n|-resisted|p2a: Fluffy\n|-damage|p2a: Fluffy|3/272 frz\n|-resisted|p2a: Fluffy\n|-crit|p2a: Fluffy\n|-damage|p2a: Fluffy|0 fnt\n|faint|p2a: Fluffy\n|-hitcount|p2: Fluffy|3\n|\n|upkeep\n|\n|t:|1740023726\n|switch|p2a: Eggman|Exeggutor, M|394/394\n|turn|3\n|\n|t:|1740023756\n|move|p1b: Gluttony|Double-Edge|p2b: Mrs. Mr. Mime\n|-damage|p2b: Mrs. Mr. Mime|0 fnt\n|faint|p2b: Mrs. Mr. Mime\n|-damage|p1b: Gluttony|431/524|[from] Recoil\n|move|p2a: Eggman|Expanding Force|p1b: Gluttony|[spread] p1a,p1b\n|debug|psychic terrain boost\n|debug|terrain buff\n|debug|Spread modifier: 0.75\n|debug|psychic terrain boost\n|debug|terrain buff\n|debug|Spread modifier: 0.75\n|-damage|p1a: Pride|0 fnt\n|-damage|p1b: Gluttony|236/524\n|-enditem|p1b: Gluttony|Aguav Berry|[eat]\n|-heal|p1b: Gluttony|410/524|[from] item: Aguav Berry\n|faint|p1a: Pride\n|\n|upkeep\n|\n|t:|1740023784\n|switch|p2b: Apollo|Primeape, M|303/303\n|switch|p1a: Envy|Electrode|324/324\n|turn|4\n|\n|t:|1740023831\n|move|p2a: Eggman|Protect|p2a: Eggman\n|-singleturn|p2a: Eggman|Protect\n|move|p1a: Envy|Sucker Punch||[still]\n|-fail|p1a: Envy\n|move|p1b: Gluttony|Double-Edge|p2a: Eggman\n|-activate|p2a: Eggman|move: Protect\n|move|p2b: Apollo|Drain Punch|p1b: Gluttony\n|-supereffective|p1b: Gluttony\n|-damage|p1b: Gluttony|50/524\n|\n|upkeep\n|turn|5\n|\n|t:|1740023856\n|move|p1a: Envy|Sucker Punch|p2a: Eggman\n|-activate|p2a: Eggman|move: Psychic Terrain\n|move|p1b: Gluttony|Double-Edge|p2a: Eggman\n|-damage|p2a: Eggman|135/394\n|-enditem|p2a: Eggman|Sitrus Berry|[eat]\n|-heal|p2a: Eggman|233/394|[from] item: Sitrus Berry\n|-damage|p1b: Gluttony|0 fnt|[from] Recoil\n|faint|p1b: Gluttony\n|move|p2a: Eggman|Expanding Force|p1a: Envy\n|debug|psychic terrain boost\n|debug|terrain buff\n|-crit|p1a: Envy\n|-damage|p1a: Envy|0 fnt\n|faint|p1a: Envy\n|move|p2b: Apollo|Drain Punch|p1: Envy|[notarget]\n|-fail|p2b: Apollo\n|\n|-fieldend|move: Trick Room\n|-item|p2a: Eggman|Sitrus Berry|[from] ability: Harvest\n|upkeep\n|c|☆Mango Meloetta|oof i forgot haha\n|\n|t:|1740023871\n|switch|p1a: Greed|Golduck, F|301/301\n|switch|p1b: Sloth|Sandslash, M|354/354\n|turn|6\n|\n|t:|1740023912\n|move|p1a: Greed|Rain Dance|p1a: Greed\n|-weather|RainDance\n|move|p2b: Apollo|Drain Punch|p1a: Greed\n|-damage|p1a: Greed|139/301\n|move|p1b: Sloth|Knock Off|p2a: Eggman\n|-supereffective|p2a: Eggman\n|-damage|p2a: Eggman|0 fnt\n|-enditem|p2a: Eggman|Sitrus Berry|[from] move: Knock Off|[of] p1b: Sloth\n|faint|p2a: Eggman\n|\n|-weather|RainDance|[upkeep]\n|-fieldend|move: Psychic Terrain\n|upkeep\n|\n|t:|1740023928\n|switch|p2a: Victor|Victreebel, M|364/364\n|turn|7\n|\n|t:|1740023949\n|move|p1a: Greed|Psychic|p2a: Victor\n|-supereffective|p2a: Victor\n|-damage|p2a: Victor|116/364\n|-enditem|p2a: Victor|Aguav Berry|[eat]\n|-heal|p2a: Victor|237/364|[from] item: Aguav Berry\n|move|p2b: Apollo|Drain Punch|p1a: Greed\n|-damage|p1a: Greed|0 fnt\n|faint|p1a: Greed\n|move|p1b: Sloth|Knock Off|p2b: Apollo\n|-resisted|p2b: Apollo\n|-damage|p2b: Apollo|249/303\n|-enditem|p2b: Apollo|Eviolite|[from] move: Knock Off|[of] p1b: Sloth\n|move|p2a: Victor|Sunny Day|p2a: Victor\n|-weather|SunnyDay\n|\n|-weather|SunnyDay|[upkeep]\n|upkeep\n|\n|t:|1740023959\n|switch|p1a: Wrath|Poliwrath, M|371/371\n|turn|8\n|\n|t:|1740023987\n|move|p1a: Wrath|Bulk Up|p1a: Wrath\n|-boost|p1a: Wrath|atk|1\n|-boost|p1a: Wrath|def|1\n|move|p2b: Apollo|Rage Fist|p1a: Wrath\n|-damage|p1a: Wrath|292/371\n|move|p1b: Sloth|Leech Life|p2a: Victor\n|-damage|p2a: Victor|120/364\n|move|p2a: Victor|Leaf Blade|p1b: Sloth\n|-supereffective|p1b: Sloth\n|-damage|p1b: Sloth|66/354\n|\n|-weather|SunnyDay|[upkeep]\n|-heal|p1a: Wrath|315/371|[from] item: Leftovers\n|upkeep\n|turn|9\n|\n|t:|1740024025\n|move|p2b: Apollo|Drain Punch|p1b: Sloth\n|-damage|p1b: Sloth|0 fnt\n|-heal|p2b: Apollo|282/303|[from] drain|[of] p1b: Sloth\n|faint|p1b: Sloth\n|move|p2a: Victor|Leaf Blade|p1a: Wrath\n|-supereffective|p1a: Wrath\n|-damage|p1a: Wrath|103/371\n|move|p1a: Wrath|Circle Throw|p2a: Victor\n|-resisted|p2a: Victor\n|-damage|p2a: Victor|20/364\n|drag|p2a: King Nido|Nidoking, M|366/366\n|\n|-weather|SunnyDay|[upkeep]\n|-heal|p1a: Wrath|126/371|[from] item: Leftovers\n|upkeep\n|turn|10\n|\n|t:|1740024052\n|move|p1a: Wrath|Liquidation|p2a: King Nido\n|debug|Sunny Day water suppress\n|-supereffective|p2a: King Nido\n|-damage|p2a: King Nido|124/366\n|move|p2b: Apollo|Rage Fist|p1a: Wrath\n|-damage|p1a: Wrath|52/371\n|move|p2a: King Nido|Poison Jab|p1a: Wrath\n|-damage|p1a: Wrath|0 fnt\n|faint|p1a: Wrath\n|\n|win|mistermoscow\n|c|☆mistermoscow|gg\n|c|☆Mango Meloetta|ggg\n|c|☆Mango Meloetta|well played\n|c|☆mistermoscow|indeed\n|c|☆Mango Meloetta|aight i gotta bounce I'll upload this one though haha\n","uploadtime":1740024096,"views":"17","formatid":"gen9doublescustomgame","rating":null,"private":0,"password":null}