{"id":"gen9doublescustomgame-2399249665","format":"[Gen 9] Doubles Custom Game","players":["mistermoscow","mattmandaman"],"log":"|badge|p2|bronze|gen9doublesou|100-6\n|uhtml|medal-msg|<div class=\"broadcast-blue\">Curious what those medals under the avatar are? PS now has Ladder Seasons! For more information, check out the <a href=\"https://www.smogon.com/forums/threads/3740067/\">thread on Smogon.</a></div>\n|j|☆mistermoscow\n|j|☆mattmandaman\n|t:|1752004356\n|gametype|doubles\n|player|p1|mistermoscow|alder|\n|player|p2|mattmandaman|giovanni|\n|gen|9\n|tier|[Gen 9] Doubles Custom Game\n|clearpoke\n|poke|p1|Clefairy, M|\n|poke|p1|Dugtrio, M|\n|poke|p1|Primeape, M|\n|poke|p1|Dewgong, M|\n|poke|p1|Jolteon, M|\n|poke|p1|Dragonite, M|\n|poke|p2|Gengar|\n|poke|p2|Starmie|\n|poke|p2|Chansey, F|\n|poke|p2|Nidoking, M|\n|poke|p2|Snorlax|\n|poke|p2|Pinsir|\n|teampreview\n|\n|t:|1752004408\n|teamsize|p1|6\n|teamsize|p2|6\n|start\n|switch|p1a: Douggie|Dugtrio, M|212/212\n|switch|p1b: Sparky|Jolteon, M|272/272\n|switch|p2a: Gengar|Gengar|262/262\n|switch|p2b: Nidoking|Nidoking, M|304/304\n|debug|natural status immunity\n|turn|1\n|\n|t:|1752004425\n|move|p2b: Nidoking|Earth Power|p1b: Sparky\n|-supereffective|p1b: Sparky\n|-damage|p1b: Sparky|0 fnt\n|faint|p1b: Sparky\n|move|p1a: Douggie|High Horsepower|p2b: Nidoking\n|-supereffective|p2b: Nidoking\n|-damage|p2b: Nidoking|0 fnt\n|faint|p2b: Nidoking\n|move|p2a: Gengar|Will-O-Wisp|p1a: Douggie\n|-status|p1a: Douggie|brn\n|\n|-damage|p1a: Douggie|199/212 brn|[from] brn\n|upkeep\n|\n|t:|1752004450\n|switch|p1b: Cliffoord|Clefairy, M|281/281\n|switch|p2b: Starmie|Starmie|262/262\n|debug|natural status immunity\n|turn|2\n|\n|t:|1752004462\n|move|p1a: Douggie|Rock Slide|p2a: Gengar|[spread] p2a,p2b\n|debug|Spread modifier: 0.75\n|debug|Spread modifier: 0.75\n|-damage|p2a: Gengar|223/262\n|-damage|p2b: Starmie|233/262\n|-start|p1a: Douggie|Disable|Rock Slide|[from] ability: Cursed Body|[of] p2a: Gengar\n|move|p2b: Starmie|Icy Wind|p1b: Cliffoord|[spread] p1a,p1b\n|debug|Spread modifier: 0.75\n|-supereffective|p1a: Douggie\n|debug|Spread modifier: 0.75\n|-damage|p1a: Douggie|49/212 brn\n|-damage|p1b: Cliffoord|237/281\n|-unboost|p1a: Douggie|spe|1\n|-unboost|p1b: Cliffoord|spe|1\n|move|p2a: Gengar|Sludge Bomb|p1b: Cliffoord\n|-supereffective|p1b: Cliffoord\n|-damage|p1b: Cliffoord|13/281\n|-status|p1b: Cliffoord|psn\n|move|p1b: Cliffoord|Cosmic Power|p1b: Cliffoord\n|-boost|p1b: Cliffoord|def|1\n|-boost|p1b: Cliffoord|spd|1\n|\n|debug|damage event failed\n|-damage|p1a: Douggie|36/212 brn|[from] brn\n|upkeep\n|debug|natural status immunity\n|turn|3\n|\n|t:|1752004511\n|switch|p1a: Apollo|Primeape, M|272/272\n|move|p1b: Cliffoord|Follow Me|p1b: Cliffoord\n|-singleturn|p1b: Cliffoord|move: Follow Me\n|move|p2b: Starmie|Icy Wind|p1a: Apollo|[spread] p1b\n|-miss|p2b: Starmie|p1a: Apollo\n|debug|Spread modifier: 0.75\n|-damage|p1b: Cliffoord|0 fnt\n|faint|p1b: Cliffoord\n|move|p2a: Gengar|Sludge Bomb|p1a: Apollo\n|-damage|p1a: Apollo|169/272\n|\n|upkeep\n|\n|t:|1752004532\n|switch|p1b: Douggie|Dugtrio, M|36/212 brn\n|debug|natural status immunity\n|turn|4\n|\n|t:|1752004560\n|move|p1a: Apollo|Protect|p1a: Apollo\n|-singleturn|p1a: Apollo|Protect\n|move|p1b: Douggie|Memento|p2b: Starmie\n|-unboost|p2b: Starmie|atk|2\n|-unboost|p2b: Starmie|spa|2\n|faint|p1b: Douggie\n|move|p2b: Starmie|Icy Wind|p1a: Apollo\n|-activate|p1a: Apollo|move: Protect\n|move|p2a: Gengar|Will-O-Wisp|p1a: Apollo\n|-activate|p1a: Apollo|move: Protect\n|\n|upkeep\n|\n|t:|1752004581\n|switch|p1b: Dewey|Dewgong, M|384/384\n|turn|5\n|\n|t:|1752004617\n|switch|p2b: Pinsir|Pinsir|334/334\n|move|p1b: Dewey|Fake Out|p2b: Pinsir\n|-damage|p2b: Pinsir|299/334\n|move|p2a: Gengar|Will-O-Wisp|p1a: Apollo\n|-status|p1a: Apollo|brn\n|move|p1a: Apollo|Rage Fist|p2a: Gengar\n|-supereffective|p2a: Gengar\n|-damage|p2a: Gengar|93/262\n|\n|-damage|p1a: Apollo|152/272 brn|[from] brn\n|upkeep\n|turn|6\n|\n|t:|1752004659\n|move|p2a: Gengar|Psychic|p1a: Apollo\n|-supereffective|p1a: Apollo\n|-damage|p1a: Apollo|2/272 brn\n|move|p1a: Apollo|Facade|p2b: Pinsir\n|-damage|p2b: Pinsir|165/334\n|move|p2b: Pinsir|Close Combat|p1b: Dewey\n|-supereffective|p1b: Dewey\n|-damage|p1b: Dewey|38/384\n|-unboost|p2b: Pinsir|def|1\n|-unboost|p2b: Pinsir|spd|1\n|move|p1b: Dewey|Knock Off|p2a: Gengar\n|-supereffective|p2a: Gengar\n|-damage|p2a: Gengar|0 fnt\n|-enditem|p2a: Gengar|Focus Sash|[from] move: Knock Off|[of] p1b: Dewey\n|faint|p2a: Gengar\n|\n|-heal|p1b: Dewey|62/384|[from] item: Leftovers\n|-damage|p1a: Apollo|0 fnt|[from] brn\n|faint|p1a: Apollo\n|upkeep\n|\n|t:|1752004677\n|switch|p2a: Starmie|Starmie|233/262\n|switch|p1a: Puff Daddy|Dragonite, M|386/386\n|turn|7\n|\n|t:|1752004688\n|move|p1a: Puff Daddy|Protect|p1a: Puff Daddy\n|-singleturn|p1a: Puff Daddy|Protect\n|move|p2a: Starmie|Ice Beam|p1a: Puff Daddy\n|-activate|p1a: Puff Daddy|move: Protect\n|move|p2b: Pinsir|X-Scissor|p1b: Dewey\n|-damage|p1b: Dewey|0 fnt\n|faint|p1b: Dewey\n|-ability|p2b: Pinsir|Moxie|boost\n|-boost|p2b: Pinsir|atk|1\n|\n|upkeep\n|turn|8\n|\n|t:|1752004702\n|move|p1a: Puff Daddy|Extreme Speed|p2b: Pinsir\n|-damage|p2b: Pinsir|0 fnt\n|faint|p2b: Pinsir\n|-damage|p1a: Puff Daddy|348/386|[from] item: Life Orb\n|move|p2a: Starmie|Ice Beam|p1a: Puff Daddy\n|-supereffective|p1a: Puff Daddy\n|-damage|p1a: Puff Daddy|0 fnt\n|faint|p1a: Puff Daddy\n|\n|win|mattmandaman\n","uploadtime":1752004711,"views":"14","formatid":"gen9doublescustomgame","rating":null,"private":0,"password":null}