{"id":"gen9doublescustomgame-2406302758","format":"[Gen 9] Doubles Custom Game","players":["mistermoscow","Mattmandaman"],"log":"|j|☆mistermoscow\n|j|☆Mattmandaman\n|t:|1753058795\n|gametype|doubles\n|player|p1|mistermoscow|alder|\n|player|p2|Mattmandaman|giovanni|\n|gen|9\n|tier|[Gen 9] Doubles Custom Game\n|clearpoke\n|poke|p1|Nidoking, M|\n|poke|p1|Primeape, M|\n|poke|p1|Dewgong, M|\n|poke|p1|Mr. Mime, M|\n|poke|p1|Jolteon, M|\n|poke|p1|Dragonite|\n|poke|p2|Gengar|\n|poke|p2|Starmie|\n|poke|p2|Chansey, F|\n|poke|p2|Nidoking, M|\n|poke|p2|Snorlax|\n|poke|p2|Pinsir|\n|teampreview\n|\n|t:|1753058861\n|teamsize|p1|6\n|teamsize|p2|6\n|start\n|switch|p1a: Sparky|Jolteon, M|272/272\n|switch|p1b: Mimsy|Mr. Mime, M|284/284\n|switch|p2a: Pinsir|Pinsir|334/334\n|switch|p2b: Gengar|Gengar|262/262\n|turn|1\n|\n|t:|1753058902\n|move|p1b: Mimsy|Fake Out|p2a: Pinsir\n|-damage|p2a: Pinsir|317/334\n|move|p1a: Sparky|Light Screen|p1a: Sparky\n|-sidestart|p1: mistermoscow|move: Light Screen\n|move|p2b: Gengar|Sludge Bomb|p1b: Mimsy\n|-supereffective|p1b: Mimsy\n|debug|Filter neutralize\n|debug|Light Screen weaken\n|-damage|p1b: Mimsy|152/284\n|cant|p2a: Pinsir|flinch\n|\n|-heal|p1b: Mimsy|169/284|[from] item: Leftovers\n|upkeep\n|turn|2\n|\n|t:|1753058932\n|move|p1a: Sparky|Electroweb|p2b: Gengar|[spread] p2a,p2b\n|debug|Spread modifier: 0.75\n|debug|Spread modifier: 0.75\n|-damage|p2a: Pinsir|259/334\n|-damage|p2b: Gengar|177/262\n|-unboost|p2a: Pinsir|spe|1\n|-unboost|p2b: Gengar|spe|1\n|move|p2b: Gengar|Sludge Bomb|p1b: Mimsy\n|-supereffective|p1b: Mimsy\n|debug|Filter neutralize\n|debug|Light Screen weaken\n|-damage|p1b: Mimsy|30/284\n|move|p1b: Mimsy|Psyshock|p2b: Gengar\n|-supereffective|p2b: Gengar\n|-damage|p2b: Gengar|0 fnt\n|faint|p2b: Gengar\n|move|p2a: Pinsir|Earthquake|p1a: Sparky|[spread] p1a,p1b\n|debug|Spread modifier: 0.75\n|-supereffective|p1a: Sparky\n|debug|Spread modifier: 0.75\n|-damage|p1a: Sparky|4/272\n|-damage|p1b: Mimsy|0 fnt\n|faint|p1b: Mimsy\n|-ability|p2a: Pinsir|Moxie|boost\n|-boost|p2a: Pinsir|atk|1\n|\n|upkeep\n|\n|t:|1753058965\n|switch|p2b: Snorlax|Snorlax|479/479\n|switch|p1b: Puff Daddy|Dragonite|386/386\n|turn|3\n|\n|t:|1753058983\n|move|p1a: Sparky|Reflect|p1a: Sparky\n|-sidestart|p1: mistermoscow|Reflect\n|move|p1b: Puff Daddy|Dragon Dance|p1b: Puff Daddy\n|-boost|p1b: Puff Daddy|atk|1\n|-boost|p1b: Puff Daddy|spe|1\n|move|p2a: Pinsir|Knock Off|p1b: Puff Daddy\n|debug|Multiscale weaken\n|debug|Reflect weaken\n|-damage|p1b: Puff Daddy|323/386\n|-enditem|p1b: Puff Daddy|Clear Amulet|[from] move: Knock Off|[of] p2a: Pinsir\n|move|p2b: Snorlax|Rock Slide|p1b: Puff Daddy|[spread] p1a,p1b\n|debug|Spread modifier: 0.75\n|debug|Reflect weaken\n|debug|Spread modifier: 0.75\n|-supereffective|p1b: Puff Daddy\n|debug|Reflect weaken\n|-damage|p1a: Sparky|0 fnt\n|-damage|p1b: Puff Daddy|231/386\n|faint|p1a: Sparky\n|\n|upkeep\n|\n|t:|1753058997\n|switch|p1a: Apollo|Primeape, M|334/334\n|turn|4\n|\n|t:|1753059011\n|move|p1b: Puff Daddy|Dual Wingbeat|p2a: Pinsir\n|-supereffective|p2a: Pinsir\n|-damage|p2a: Pinsir|37/334\n|-supereffective|p2a: Pinsir\n|-damage|p2a: Pinsir|0 fnt\n|faint|p2a: Pinsir\n|-hitcount|p2: Pinsir|2\n|move|p1a: Apollo|Bulk Up|p1a: Apollo\n|-boost|p1a: Apollo|atk|1\n|-boost|p1a: Apollo|def|1\n|move|p2b: Snorlax|Body Slam|p1b: Puff Daddy\n|debug|Reflect weaken\n|-damage|p1b: Puff Daddy|125/386\n|\n|upkeep\n|\n|t:|1753059021\n|switch|p2a: Nidoking|Nidoking, M|304/304\n|turn|5\n|\n|t:|1753059045\n|switch|p2b: Starmie|Starmie|262/262\n|move|p1b: Puff Daddy|Extreme Speed|p2a: Nidoking\n|-damage|p2a: Nidoking|109/304\n|move|p2a: Nidoking|Ice Beam|p1b: Puff Daddy\n|-supereffective|p1b: Puff Daddy\n|debug|Light Screen weaken\n|-damage|p1b: Puff Daddy|0 fnt\n|faint|p1b: Puff Daddy\n|move|p1a: Apollo|Bulk Up|p1a: Apollo\n|-boost|p1a: Apollo|atk|1\n|-boost|p1a: Apollo|def|1\n|\n|upkeep\n|\n|t:|1753059060\n|switch|p1b: King Nido|Nidoking, M|303/303\n|turn|6\n|\n|t:|1753059087\n|switch|p2b: Snorlax|Snorlax|479/479\n|move|p2a: Nidoking|Ice Beam|p1b: King Nido\n|-supereffective|p1b: King Nido\n|debug|Light Screen weaken\n|-damage|p1b: King Nido|104/303\n|move|p1b: King Nido|Thunder|p2b: Snorlax\n|-damage|p2b: Snorlax|364/479\n|move|p1a: Apollo|Rage Fist|p2b: Snorlax\n|-immune|p2b: Snorlax\n|\n|-heal|p2b: Snorlax|393/479|[from] item: Leftovers\n|upkeep\n|turn|7\n|\n|t:|1753059112\n|switch|p1b: Dewey|Dewgong, M|353/353\n|move|p2a: Nidoking|Ice Beam|p1b: Dewey\n|debug|Thick Fat weaken\n|-resisted|p1b: Dewey\n|debug|Light Screen weaken\n|-damage|p1b: Dewey|344/353\n|move|p1a: Apollo|Drain Punch|p2a: Nidoking\n|-resisted|p2a: Nidoking\n|-damage|p2a: Nidoking|4/304\n|move|p2b: Snorlax|Body Slam|p1a: Apollo\n|debug|Reflect weaken\n|-damage|p1a: Apollo|280/334\n|\n|-heal|p2b: Snorlax|422/479|[from] item: Leftovers\n|upkeep\n|turn|8\n|\n|t:|1753059139\n|move|p2b: Snorlax|Protect|p2b: Snorlax\n|-singleturn|p2b: Snorlax|Protect\n|move|p2a: Nidoking|Ice Beam|p1b: Dewey\n|debug|Thick Fat weaken\n|-resisted|p1b: Dewey\n|debug|Light Screen weaken\n|-damage|p1b: Dewey|333/353\n|move|p1a: Apollo|Drain Punch|p2b: Snorlax\n|-activate|p2b: Snorlax|move: Protect\n|move|p1b: Dewey|Knock Off|p2a: Nidoking\n|-damage|p2a: Nidoking|0 fnt\n|-enditem|p2a: Nidoking|Choice Scarf|[from] move: Knock Off|[of] p1b: Dewey\n|faint|p2a: Nidoking\n|\n|-heal|p2b: Snorlax|451/479|[from] item: Leftovers\n|-sideend|p1: mistermoscow|move: Light Screen\n|upkeep\n|\n|t:|1753059149\n|switch|p2a: Starmie|Starmie|262/262\n|turn|9\n|\n|t:|1753059167\n|move|p2a: Starmie|Expanding Force|p1a: Apollo\n|-supereffective|p1a: Apollo\n|-damage|p1a: Apollo|70/334\n|move|p1a: Apollo|Drain Punch|p2b: Snorlax\n|-supereffective|p2b: Snorlax\n|-damage|p2b: Snorlax|0 fnt\n|-heal|p1a: Apollo|296/334|[from] drain|[of] p2b: Snorlax\n|faint|p2b: Snorlax\n|move|p1b: Dewey|Knock Off|p2a: Starmie\n|-supereffective|p2a: Starmie\n|-damage|p2a: Starmie|52/262\n|-enditem|p2a: Starmie|Choice Specs|[from] move: Knock Off|[of] p1b: Dewey\n|\n|upkeep\n|\n|t:|1753059170\n|switch|p2b: Chansey|Chansey, F|704/704\n|turn|10\n|\n|t:|1753059187\n|move|p2a: Starmie|Expanding Force|p1a: Apollo\n|-supereffective|p1a: Apollo\n|-damage|p1a: Apollo|150/334\n|move|p1a: Apollo|Drain Punch|p2b: Chansey\n|-supereffective|p2b: Chansey\n|-damage|p2b: Chansey|158/704\n|-heal|p1a: Apollo|334/334|[from] drain|[of] p2b: Chansey\n|move|p1b: Dewey|Knock Off|p2a: Starmie\n|-supereffective|p2a: Starmie\n|-damage|p2a: Starmie|0 fnt\n|faint|p2a: Starmie\n|move|p2b: Chansey|Thunder Wave|p1a: Apollo\n|-status|p1a: Apollo|par\n|\n|-sideend|p1: mistermoscow|Reflect\n|upkeep\n|turn|11\n|\n|t:|1753059204\n|move|p1b: Dewey|Flip Turn|p2b: Chansey\n|-damage|p2b: Chansey|46/704\n|\n|t:|1753059207\n|switch|p1b: King Nido|Nidoking, M|104/303|[from] Flip Turn\n|move|p2b: Chansey|Soft-Boiled|p2b: Chansey\n|-heal|p2b: Chansey|398/704\n|move|p1a: Apollo|Drain Punch|p2b: Chansey\n|-supereffective|p2b: Chansey\n|-damage|p2b: Chansey|0 fnt\n|faint|p2b: Chansey\n|\n|win|mistermoscow\n|c|☆Mattmandaman|gg\n|c|☆mistermoscow|gg\n","uploadtime":1753059218,"views":"15","formatid":"gen9doublescustomgame","rating":null,"private":0,"password":null}