{"id":"gen9doublescustomgame-2261367790","format":"[Gen 9] Doubles Custom Game","players":["mistermoscow","mattmandaman"],"log":"|badge|p2|gold|gen9doublesou|3-3\n|uhtml|medal-msg|<div class=\"broadcast-blue\">Curious what those medals under the avatar are? PS now has Ladder Seasons! For more information, check out the <a href=\"https://www.smogon.com/forums/threads/3740067/\">thread on Smogon.</a></div>\n|j|☆mistermoscow\n|j|☆mattmandaman\n|t:|1733967668\n|gametype|doubles\n|player|p1|mistermoscow|alder|\n|player|p2|mattmandaman|giovanni|\n|teamsize|p1|6\n|teamsize|p2|6\n|gen|9\n|tier|[Gen 9] Doubles Custom Game\n|clearpoke\n|poke|p1|Poliwrath, F|\n|poke|p1|Dodrio, M|\n|poke|p1|Clefairy, M|\n|poke|p1|Nidoqueen, F|\n|poke|p1|Victreebel, M|\n|poke|p1|Snorlax, M|\n|poke|p2|Cloyster, M|\n|poke|p2|Fearow, M|\n|poke|p2|Electrode|\n|poke|p2|Primeape, F|\n|poke|p2|Pinsir, F|\n|poke|p2|Gengar, F|\n|teampreview\n|\n|t:|1733967714\n|start\n|switch|p1a: Dodie|Dodrio, M|261/261\n|switch|p1b: Victor|Victreebel, M|364/364\n|switch|p2a: Primeape|Primeape, F|334/334\n|switch|p2b: Electrode|Electrode|324/324\n|turn|1\n|\n|t:|1733967735\n|move|p2b: Electrode|Thunderbolt|p1a: Dodie\n|-supereffective|p1a: Dodie\n|-damage|p1a: Dodie|0 fnt\n|debug|Covert Cloak prevent secondary\n|faint|p1a: Dodie\n|move|p2a: Primeape|Bulk Up|p2a: Primeape\n|-boost|p2a: Primeape|atk|1\n|-boost|p2a: Primeape|def|1\n|move|p1b: Victor|Sleep Powder|p2a: Primeape\n|-immune|p2a: Primeape|[from] ability: Vital Spirit\n|debug|set status [slp] interrupted\n|debug|move failed because it did nothing\n|\n|upkeep\n|c|☆mistermoscow|fuck this shit\n|c|☆mattmandaman|lmao\n|\n|t:|1733967764\n|switch|p1a: Clifford|Clefairy, M|344/344\n|turn|2\n|\n|t:|1733967784\n|switch|p1a: Miss Nido|Nidoqueen, F|353/353\n|move|p2b: Electrode|Taunt|p1a: Miss Nido\n|-start|p1a: Miss Nido|move: Taunt\n|move|p2a: Primeape|Bulk Up|p2a: Primeape\n|-boost|p2a: Primeape|atk|1\n|-boost|p2a: Primeape|def|1\n|move|p1b: Victor|Sleep Powder|p2b: Electrode\n|-status|p2b: Electrode|slp|[from] move: Sleep Powder\n|\n|upkeep\n|turn|3\n|\n|t:|1733967837\n|switch|p2b: Fearow|Fearow, M|272/272\n|move|p2a: Primeape|Bulk Up|p2a: Primeape\n|-boost|p2a: Primeape|atk|1\n|-boost|p2a: Primeape|def|1\n|move|p1a: Miss Nido|Poison Jab|p2b: Fearow\n|-damage|p2b: Fearow|0 fnt\n|faint|p2b: Fearow\n|move|p1b: Victor|Swords Dance|p1b: Victor\n|-boost|p1b: Victor|atk|2\n|\n|upkeep\n|\n|t:|1733967850\n|switch|p2b: Gengar|Gengar, F|324/324\n|turn|4\n|\n|t:|1733967891\n|switch|p1a: Polly|Poliwrath, F|384/384\n|move|p1b: Victor|Sucker Punch||[still]\n|-fail|p1b: Victor\n|move|p2b: Gengar|Substitute|p2b: Gengar\n|-start|p2b: Gengar|Substitute\n|-damage|p2b: Gengar|243/324\n|move|p2a: Primeape|Drain Punch|p1b: Victor\n|-resisted|p1b: Victor\n|-damage|p1b: Victor|186/364\n|\n|-heal|p2b: Gengar|263/324|[from] item: Leftovers\n|upkeep\n|turn|5\n|\n|t:|1733967912\n|move|p2b: Gengar|Disable|p1b: Victor\n|-start|p1b: Victor|Disable|Sucker Punch\n|move|p2a: Primeape|Drain Punch|p1a: Polly\n|-damage|p1a: Polly|36/384\n|move|p1a: Polly|Darkest Lariat|p2b: Gengar\n|debug|Negating (sp)def boost/penalty.\n|-supereffective|p2b: Gengar\n|-end|p2b: Gengar|Substitute\n|move|p1b: Victor|Sleep Powder|p2b: Gengar\n|-status|p2b: Gengar|slp|[from] move: Sleep Powder\n|\n|-heal|p2b: Gengar|283/324 slp|[from] item: Leftovers\n|upkeep\n|turn|6\n|\n|t:|1733967932\n|cant|p2b: Gengar|slp\n|move|p2a: Primeape|Drain Punch|p1b: Victor\n|-resisted|p1b: Victor\n|-damage|p1b: Victor|0 fnt\n|faint|p1b: Victor\n|move|p1a: Polly|Waterfall|p2b: Gengar\n|-damage|p2b: Gengar|151/324 slp\n|-start|p1a: Polly|Disable|Waterfall|[from] ability: Cursed Body|[of] p2b: Gengar\n|\n|-heal|p2b: Gengar|171/324 slp|[from] item: Leftovers\n|upkeep\n|\n|t:|1733967955\n|switch|p1b: Clifford|Clefairy, M|344/344\n|turn|7\n|\n|t:|1733967971\n|cant|p2b: Gengar|slp\n|move|p2a: Primeape|Rage Fist|p1b: Clifford\n|-damage|p1b: Clifford|236/344\n|move|p1a: Polly|Darkest Lariat|p2b: Gengar\n|debug|Negating (sp)def boost/penalty.\n|-supereffective|p2b: Gengar\n|-damage|p2b: Gengar|0 fnt\n|faint|p2b: Gengar\n|move|p1b: Clifford|Minimize|p1b: Clifford\n|-boost|p1b: Clifford|evasion|2\n|\n|upkeep\n|\n|t:|1733967984\n|switch|p2b: Pinsir|Pinsir, F|272/272\n|turn|8\n|\n|t:|1733968000\n|move|p2b: Pinsir|X-Scissor|p1a: Polly\n|-resisted|p1a: Polly\n|-damage|p1a: Polly|0 fnt\n|faint|p1a: Polly\n|-ability|p2b: Pinsir|Moxie|boost\n|-boost|p2b: Pinsir|atk|1\n|move|p2a: Primeape|Rage Fist|p1b: Clifford\n|-damage|p1b: Clifford|128/344\n|move|p1b: Clifford|Calm Mind|p1b: Clifford\n|-boost|p1b: Clifford|spa|1\n|-boost|p1b: Clifford|spd|1\n|\n|upkeep\n|\n|t:|1733968021\n|switch|p1a: Miss Nido|Nidoqueen, F|353/353\n|turn|9\n|\n|t:|1733968042\n|move|p2b: Pinsir|Rock Slide|p1b: Clifford|[spread] p1a,p1b\n|debug|Spread modifier: 0.75\n|-resisted|p1a: Miss Nido\n|debug|Spread modifier: 0.75\n|-damage|p1a: Miss Nido|298/353\n|-damage|p1b: Clifford|52/344\n|move|p2a: Primeape|Rage Fist|p1b: Clifford\n|-damage|p1b: Clifford|0 fnt\n|faint|p1b: Clifford\n|move|p1a: Miss Nido|Poison Jab|p2b: Pinsir\n|-damage|p2b: Pinsir|68/272\n|\n|upkeep\n|\n|t:|1733968052\n|switch|p1b: Snax|Snorlax, M|524/524\n|turn|10\n|\n|t:|1733968071\n|move|p2b: Pinsir|Rock Slide|p1a: Miss Nido|[spread] p1a,p1b\n|debug|Spread modifier: 0.75\n|-resisted|p1a: Miss Nido\n|debug|Spread modifier: 0.75\n|-damage|p1a: Miss Nido|236/353\n|-damage|p1b: Snax|426/524\n|move|p2a: Primeape|Drain Punch|p1b: Snax\n|-supereffective|p1b: Snax\n|-crit|p1b: Snax\n|-damage|p1b: Snax|0 fnt\n|faint|p1b: Snax\n|cant|p1a: Miss Nido|flinch\n|\n|upkeep\n|turn|11\n|-message|mistermoscow forfeited.\n|\n|win|mattmandaman\n|c|☆mistermoscow|fuck this shit\n|c|☆mistermoscow|my roster is ass\n|c|☆mattmandaman|you need a trick room user so bad\n|c|☆mistermoscow|yeah, gimme porygon\n|c|☆mistermoscow|anyone except snorlax or clefairy\n|c|☆mattmandaman|victreebel is appealing ngl\n|c|☆mattmandaman|idk tho\n|c|☆mistermoscow|id do it\n|c|☆mistermoscow|i do like victreebell, its not bad\n|c|☆mattmandaman|how about you trade me snorlax and i give you 2 good pokemom\n|c|☆mistermoscow|no\n|c|☆mistermoscow|im keeping snorlax\n|c|☆mistermoscow|gimme porygon\n|c|☆mistermoscow|victreebell and ditto\n|c|☆mattmandaman|woah\n|c|☆mattmandaman|fr?\n|c|☆mattmandaman|i mean i get it from your pov\n|c|☆mistermoscow|hmm idk, maybe im being impulsive lol\n|c|☆mattmandaman|it is beyond perfect for snorlax and clefairy porygon is\n|c|☆mistermoscow|i know\n|c|☆mistermoscow|Hmm, I think I could do dodrio and ditto if you wanted that\n|c|☆mattmandaman|i mean value wise its fair but i get more options keeping porygon\n|c|☆mattmandaman|dittos vvalue super inconsistent\n|c|☆mistermoscow|hmm yeah\n|c|☆mistermoscow|Victreebell/Dodrio for Porygon/Electrode?\n","uploadtime":1733968816,"views":"32","formatid":"gen9doublescustomgame","rating":null,"private":0,"password":null}