{"id":"gen9doublescustomgame-2148893022","format":"[Gen 9] Doubles Custom Game","players":["noli_cannoli10","smokeydabearrr"],"log":"|j|☆noli_cannoli10\n|j|☆smokeydabearrr\n|t:|1719192272\n|gametype|doubles\n|player|p1|noli_cannoli10|169|\n|player|p2|smokeydabearrr|101|\n|teamsize|p1|6\n|teamsize|p2|6\n|gen|9\n|tier|[Gen 9] Doubles Custom Game\n|clearpoke\n|poke|p1|Politoed, M|\n|poke|p1|Swampert, M|\n|poke|p1|Volcarona, F|\n|poke|p1|Magearna|\n|poke|p1|Urshifu-*, F|\n|poke|p1|Brute Bonnet|\n|poke|p2|Charizard, M|\n|poke|p2|Blastoise, M|\n|poke|p2|Whimsicott, F|\n|poke|p2|Rillaboom, F|\n|poke|p2|Raging Bolt|\n|poke|p2|Walking Wake|\n|teampreview\n|j| mistermoscow\n|j| je64\n|\n|t:|1719192342\n|start\n|switch|p1a: Twix Yogurt|Politoed, M, shiny|384/384\n|switch|p1b: Wop Wop Wop|Urshifu-Rapid-Strike, F|341/341\n|switch|p2a: PSA 10 Shadowless|Charizard, M|297/297\n|switch|p2b: WAKE ME UP INSIDE|Walking Wake|339/339\n|-weather|RainDance|[from] ability: Drizzle|[of] p1a: Twix Yogurt\n|turn|1\n|\n|t:|1719192375\n|switch|p2a: Yurtle the Turtle?|Blastoise, M|362/362\n|move|p1b: Wop Wop Wop|Aqua Jet|p2a: Yurtle the Turtle?\n|debug|rain water boost\n|-resisted|p2a: Yurtle the Turtle?\n|-crit|p2a: Yurtle the Turtle?\n|-damage|p2a: Yurtle the Turtle?|297/362\n|move|p2b: WAKE ME UP INSIDE|Draco Meteor|p1a: Twix Yogurt\n|-damage|p1a: Twix Yogurt|93/384\n|-unboost|p2b: WAKE ME UP INSIDE|spa|2\n|-enditem|p1a: Twix Yogurt|Eject Button\n|j| Mango Meloetta\n|\n|t:|1719192388\n|switch|p1a: Anotha Frog|Swampert, M|341/341\n|\n|-weather|RainDance|[upkeep]\n|-heal|p2a: Yurtle the Turtle?|319/362|[from] ability: Rain Dish\n|-heal|p2a: Yurtle the Turtle?|341/362|[from] item: Leftovers\n|upkeep\n|turn|2\n|l| mistermoscow\n|j| mistermoscow\n|\n|t:|1719192504\n|switch|p1b: Where are yew?!?|Brute Bonnet|426/426\n|-enditem|p1b: Where are yew?!?|Booster Energy\n|-activate|p1b: Where are yew?!?|ability: Protosynthesis|[fromitem]\n|-start|p1b: Where are yew?!?|protosynthesisatk\n|detailschange|p1a: Anotha Frog|Swampert-Mega, M\n|-mega|p1a: Anotha Frog|Swampert|Swampertite\n|move|p2a: Yurtle the Turtle?|Fake Out|p1a: Anotha Frog\n|-damage|p1a: Anotha Frog|314/341\n|cant|p1a: Anotha Frog|flinch\n|move|p2b: WAKE ME UP INSIDE|Draco Meteor|p1b: Where are yew?!?\n|-damage|p1b: Where are yew?!?|276/426\n|-unboost|p2b: WAKE ME UP INSIDE|spa|2\n|\n|-weather|RainDance|[upkeep]\n|-heal|p2a: Yurtle the Turtle?|362/362|[from] ability: Rain Dish\n|upkeep\n|turn|3\n|c|☆smokeydabearrr|!dt swift swim\n|raw|<ul class=\"utilichart\"><li class=\"result\"><span class=\"col namecol\"><a href=\"https://dex.pokemonshowdown.com/abilities/swiftswim\">Swift Swim</a></span> <span class=\"col abilitydesccol\">If Rain Dance is active, this Pokemon's Speed is doubled.</span> </li><li style=\"clear:both\"></li></ul>\n|raw|<font size=\"1\"><font color=\"#686868\">Gen:</font> 3</font>\n\n|c| je64|that's cheating\n|\n|t:|1719192576\n|-end|p2b: WAKE ME UP INSIDE|Protosynthesis|[silent]\n|switch|p2b: PSA 10 Shadowless|Charizard, M|297/297\n|-terastallize|p2a: Yurtle the Turtle?|Ghost\n|move|p2a: Yurtle the Turtle?|Follow Me|p2a: Yurtle the Turtle?\n|-singleturn|p2a: Yurtle the Turtle?|move: Follow Me\n|move|p1a: Anotha Frog|Ice Punch|p2a: Yurtle the Turtle?\n|debug|Follow Me redirected target of move\n|-damage|p2a: Yurtle the Turtle?|289/362\n|move|p1b: Where are yew?!?|Seed Bomb|p2a: Yurtle the Turtle?\n|debug|Follow Me redirected target of move\n|debug|Protosynthesis atk boost\n|-damage|p2a: Yurtle the Turtle?|180/362\n|\n|-weather|RainDance|[upkeep]\n|-heal|p2a: Yurtle the Turtle?|202/362|[from] ability: Rain Dish\n|-heal|p2a: Yurtle the Turtle?|224/362|[from] item: Leftovers\n|upkeep\n|turn|4\n|c| je64|no learning the rules\n|c|☆smokeydabearrr|hehe\n|\n|t:|1719192612\n|-end|p1b: Where are yew?!?|Protosynthesis|[silent]\n|switch|p1b: Wop Wop Wop|Urshifu-Rapid-Strike, F|341/341\n|detailschange|p2b: PSA 10 Shadowless|Charizard-Mega-Y, M\n|-mega|p2b: PSA 10 Shadowless|Charizard|Charizardite Y\n|-weather|SunnyDay|[from] ability: Drought|[of] p2b: PSA 10 Shadowless\n|move|p2a: Yurtle the Turtle?|Follow Me|p2a: Yurtle the Turtle?\n|-singleturn|p2a: Yurtle the Turtle?|move: Follow Me\n|move|p2b: PSA 10 Shadowless|Heat Wave|p1a: Anotha Frog|[spread] p1a,p1b\n|debug|Spread modifier: 0.75\n|debug|Sunny Day fire boost\n|-resisted|p1a: Anotha Frog\n|debug|Spread modifier: 0.75\n|debug|Sunny Day fire boost\n|-resisted|p1b: Wop Wop Wop\n|-damage|p1a: Anotha Frog|220/341\n|-damage|p1b: Wop Wop Wop|173/341\n|move|p1a: Anotha Frog|Liquidation|p2a: Yurtle the Turtle?\n|debug|Follow Me redirected target of move\n|debug|Sunny Day water suppress\n|-damage|p2a: Yurtle the Turtle?|163/362\n|\n|-weather|SunnyDay|[upkeep]\n|-heal|p2a: Yurtle the Turtle?|185/362|[from] item: Leftovers\n|upkeep\n|turn|5\n|\n|t:|1719192653\n|switch|p1b: Twix Yogurt|Politoed, M, shiny|93/384\n|-weather|RainDance|[from] ability: Drizzle|[of] p1b: Twix Yogurt\n|move|p2b: PSA 10 Shadowless|Protect|p2b: PSA 10 Shadowless\n|-singleturn|p2b: PSA 10 Shadowless|Protect\n|move|p1a: Anotha Frog|High Horsepower|p2b: PSA 10 Shadowless\n|-activate|p2b: PSA 10 Shadowless|move: Protect\n|move|p2a: Yurtle the Turtle?|Life Dew||[still]|[spread] p2a,p2b\n|-heal|p2a: Yurtle the Turtle?|276/362\n|-fail|p2b: PSA 10 Shadowless|heal\n|\n|-weather|RainDance|[upkeep]\n|-heal|p2a: Yurtle the Turtle?|298/362|[from] ability: Rain Dish\n|-heal|p2a: Yurtle the Turtle?|320/362|[from] item: Leftovers\n|upkeep\n|turn|6\n|\n|t:|1719192695\n|switch|p2b: Boom Burger|Rillaboom, F|404/404\n|-fieldstart|move: Grassy Terrain|[from] ability: Grassy Surge|[of] p2b: Boom Burger\n|move|p2a: Yurtle the Turtle?|Follow Me|p2a: Yurtle the Turtle?\n|-singleturn|p2a: Yurtle the Turtle?|move: Follow Me\n|move|p1a: Anotha Frog|Liquidation|p2a: Yurtle the Turtle?\n|debug|Follow Me redirected target of move\n|debug|rain water boost\n|-damage|p2a: Yurtle the Turtle?|116/362\n|move|p1b: Twix Yogurt|Icy Wind|p2b: Boom Burger|[spread] p2a,p2b\n|debug|Spread modifier: 0.75\n|-crit|p2a: Yurtle the Turtle?\n|debug|Spread modifier: 0.75\n|-supereffective|p2b: Boom Burger\n|-damage|p2a: Yurtle the Turtle?|77/362\n|-damage|p2b: Boom Burger|348/404\n|-unboost|p2a: Yurtle the Turtle?|spe|1\n|-unboost|p2b: Boom Burger|spe|1\n|\n|-weather|RainDance|[upkeep]\n|-heal|p2a: Yurtle the Turtle?|99/362|[from] ability: Rain Dish\n|-heal|p1a: Anotha Frog|241/341|[from] Grassy Terrain\n|-heal|p1b: Twix Yogurt|117/384|[from] Grassy Terrain\n|-heal|p2b: Boom Burger|373/404|[from] Grassy Terrain\n|-heal|p2a: Yurtle the Turtle?|121/362|[from] Grassy Terrain\n|-heal|p2a: Yurtle the Turtle?|143/362|[from] item: Leftovers\n|upkeep\n|turn|7\n|\n|t:|1719192741\n|switch|p1b: Wop Wop Wop|Urshifu-Rapid-Strike, F|173/341\n|move|p2b: Boom Burger|Fake Out|p1a: Anotha Frog\n|-damage|p1a: Anotha Frog|193/341\n|cant|p1a: Anotha Frog|flinch\n|move|p2a: Yurtle the Turtle?|Life Dew|p2a: Yurtle the Turtle?|[spread] p2a,p2b\n|-heal|p2a: Yurtle the Turtle?|234/362\n|-heal|p2b: Boom Burger|404/404\n|\n|-weather|RainDance|[upkeep]\n|-heal|p2a: Yurtle the Turtle?|256/362|[from] ability: Rain Dish\n|-heal|p1a: Anotha Frog|214/341|[from] Grassy Terrain\n|-heal|p1b: Wop Wop Wop|194/341|[from] Grassy Terrain\n|-heal|p2a: Yurtle the Turtle?|278/362|[from] Grassy Terrain\n|-heal|p2a: Yurtle the Turtle?|300/362|[from] item: Leftovers\n|upkeep\n|turn|8\n|\n|t:|1719192800\n|move|p2a: Yurtle the Turtle?|Follow Me|p2a: Yurtle the Turtle?\n|-singleturn|p2a: Yurtle the Turtle?|move: Follow Me\n|move|p2b: Boom Burger|Grassy Glide|p1a: Anotha Frog\n|debug|grassy terrain boost\n|-supereffective|p1a: Anotha Frog\n|-damage|p1a: Anotha Frog|0 fnt\n|faint|p1a: Anotha Frog\n|move|p1b: Wop Wop Wop|Close Combat|p2a: Yurtle the Turtle?\n|debug|Follow Me redirected target of move\n|-immune|p2a: Yurtle the Turtle?\n|\n|-weather|RainDance|[upkeep]\n|-heal|p2a: Yurtle the Turtle?|322/362|[from] ability: Rain Dish\n|-heal|p1b: Wop Wop Wop|215/341|[from] Grassy Terrain\n|-heal|p2a: Yurtle the Turtle?|344/362|[from] Grassy Terrain\n|-heal|p2a: Yurtle the Turtle?|362/362|[from] item: Leftovers\n|upkeep\n|\n|t:|1719192814\n|switch|p1a: Metal Gyatt|Magearna|325/325\n|turn|9\n|\n|t:|1719192878\n|move|p2b: Boom Burger|Grassy Glide|p1b: Wop Wop Wop\n|debug|grassy terrain boost\n|-supereffective|p1b: Wop Wop Wop\n|-damage|p1b: Wop Wop Wop|0 fnt\n|faint|p1b: Wop Wop Wop\n|-ability|p1a: Metal Gyatt|Soul-Heart|boost\n|-boost|p1a: Metal Gyatt|spa|1\n|move|p1a: Metal Gyatt|Dazzling Gleam|p2a: Yurtle the Turtle?|[spread] p2a,p2b\n|debug|Spread modifier: 0.75\n|debug|Spread modifier: 0.75\n|-damage|p2a: Yurtle the Turtle?|184/362\n|-damage|p2b: Boom Burger|250/404\n|move|p2a: Yurtle the Turtle?|Life Dew|p2a: Yurtle the Turtle?|[spread] p2a,p2b\n|-heal|p2a: Yurtle the Turtle?|275/362\n|-heal|p2b: Boom Burger|351/404\n|\n|-weather|none\n|-heal|p2b: Boom Burger|376/404|[from] Grassy Terrain\n|-heal|p2a: Yurtle the Turtle?|297/362|[from] Grassy Terrain\n|-heal|p2a: Yurtle the Turtle?|319/362|[from] item: Leftovers\n|upkeep\n|\n|t:|1719192894\n|switch|p1b: Twix Yogurt|Politoed, M, shiny|117/384\n|-weather|RainDance|[from] ability: Drizzle|[of] p1b: Twix Yogurt\n|turn|10\n|\n|t:|1719192922\n|move|p2b: Boom Burger|Grassy Glide|p1b: Twix Yogurt\n|debug|grassy terrain boost\n|-supereffective|p1b: Twix Yogurt\n|-damage|p1b: Twix Yogurt|0 fnt\n|faint|p1b: Twix Yogurt\n|-ability|p1a: Metal Gyatt|Soul-Heart|boost\n|-boost|p1a: Metal Gyatt|spa|1\n|move|p1a: Metal Gyatt|Dazzling Gleam|p2b: Boom Burger|[spread] p2a,p2b\n|debug|Spread modifier: 0.75\n|debug|Spread modifier: 0.75\n|-damage|p2a: Yurtle the Turtle?|90/362\n|-damage|p2b: Boom Burger|180/404\n|move|p2a: Yurtle the Turtle?|Life Dew|p2a: Yurtle the Turtle?|[spread] p2a,p2b\n|-heal|p2a: Yurtle the Turtle?|181/362\n|-heal|p2b: Boom Burger|281/404\n|\n|-weather|RainDance|[upkeep]\n|-heal|p2a: Yurtle the Turtle?|203/362|[from] ability: Rain Dish\n|-heal|p2b: Boom Burger|306/404|[from] Grassy Terrain\n|-heal|p2a: Yurtle the Turtle?|225/362|[from] Grassy Terrain\n|-heal|p2a: Yurtle the Turtle?|247/362|[from] item: Leftovers\n|-fieldend|move: Grassy Terrain\n|upkeep\n|\n|t:|1719192942\n|switch|p1b: Where are yew?!?|Brute Bonnet|276/426\n|turn|11\n|l| mistermoscow\n|j| mistermoscow\n|\n|t:|1719193022\n|switch|p2b: Scott Tennerman|Whimsicott, F|261/261\n|move|p1a: Metal Gyatt|Dazzling Gleam|p2b: Scott Tennerman|[spread] p2a,p2b\n|debug|Spread modifier: 0.75\n|debug|Spread modifier: 0.75\n|-damage|p2a: Yurtle the Turtle?|37/362\n|-enditem|p2b: Scott Tennerman|Focus Sash\n|-damage|p2b: Scott Tennerman|1/261\n|move|p1b: Where are yew?!?|Spore|p2a: Yurtle the Turtle?\n|-status|p2a: Yurtle the Turtle?|slp|[from] move: Spore\n|cant|p2a: Yurtle the Turtle?|slp\n|\n|-weather|RainDance|[upkeep]\n|-heal|p2a: Yurtle the Turtle?|59/362 slp|[from] ability: Rain Dish\n|-heal|p2a: Yurtle the Turtle?|81/362 slp|[from] item: Leftovers\n|upkeep\n|turn|12\n|\n|t:|1719193068\n|move|p2b: Scott Tennerman|Tailwind|p2b: Scott Tennerman\n|-sidestart|p2: smokeydabearrr|move: Tailwind\n|move|p1b: Where are yew?!?|Sucker Punch||[still]\n|-fail|p1b: Where are yew?!?\n|cant|p2a: Yurtle the Turtle?|slp\n|move|p1a: Metal Gyatt|Dazzling Gleam|p2b: Scott Tennerman|[spread] p2a,p2b\n|debug|Spread modifier: 0.75\n|debug|Spread modifier: 0.75\n|-damage|p2a: Yurtle the Turtle?|0 fnt\n|-damage|p2b: Scott Tennerman|0 fnt\n|faint|p2a: Yurtle the Turtle?\n|-ability|p1a: Metal Gyatt|Soul-Heart|boost\n|-boost|p1a: Metal Gyatt|spa|1\n|faint|p2b: Scott Tennerman\n|-ability|p1a: Metal Gyatt|Soul-Heart|boost\n|-boost|p1a: Metal Gyatt|spa|1\n|\n|-weather|RainDance|[upkeep]\n|upkeep\n|\n|t:|1719193085\n|switch|p2b: WAKE ME UP INSIDE|Walking Wake|339/339\n|switch|p2a: PSA 10 Shadowless|Charizard-Mega-Y, M|297/297\n|-weather|SunnyDay|[from] ability: Drought|[of] p2a: PSA 10 Shadowless\n|-activate|p2b: WAKE ME UP INSIDE|ability: Protosynthesis\n|-start|p2b: WAKE ME UP INSIDE|protosynthesisspa\n|-activate|p1b: Where are yew?!?|ability: Protosynthesis\n|-start|p1b: Where are yew?!?|protosynthesisatk\n|turn|13\n|\n|t:|1719193114\n|move|p2b: WAKE ME UP INSIDE|Flamethrower|p1a: Metal Gyatt\n|debug|Protosynthesis spa boost\n|debug|Sunny Day fire boost\n|-supereffective|p1a: Metal Gyatt\n|-damage|p1a: Metal Gyatt|0 fnt\n|faint|p1a: Metal Gyatt\n|move|p2a: PSA 10 Shadowless|Heat Wave|p1b: Where are yew?!?\n|debug|Sunny Day fire boost\n|-supereffective|p1b: Where are yew?!?\n|-damage|p1b: Where are yew?!?|0 fnt\n|faint|p1b: Where are yew?!?\n|-end|p1b: Where are yew?!?|Protosynthesis|[silent]\n|\n|-weather|SunnyDay|[upkeep]\n|upkeep\n|\n|t:|1719193123\n|switch|p1b: Butterfree?!|Volcarona, F|374/374\n|turn|14\n|\n|t:|1719193130\n|move|p2b: WAKE ME UP INSIDE|Flamethrower|p1b: Butterfree?!\n|debug|Protosynthesis spa boost\n|debug|Sunny Day fire boost\n|-damage|p1b: Butterfree?!|66/374\n|move|p2a: PSA 10 Shadowless|Heat Wave|p1b: Butterfree?!\n|debug|Sunny Day fire boost\n|-damage|p1b: Butterfree?!|0 fnt\n|faint|p1b: Butterfree?!\n|\n|win|smokeydabearrr\n","uploadtime":1719193137,"views":"41","formatid":"gen9doublescustomgame","rating":null,"private":0,"password":null}