{"id":"gen9doublescustomgame-2304850118","format":"[Gen 9] Doubles Custom Game","players":["mistermoscow","smokeydabearrr"],"log":"|j|☆mistermoscow\n|j|☆smokeydabearrr\n|t:|1740107018\n|gametype|doubles\n|player|p1|mistermoscow|170|\n|player|p2|smokeydabearrr|101|\n|teamsize|p1|6\n|teamsize|p2|6\n|gen|9\n|tier|[Gen 9] Doubles Custom Game\n|clearpoke\n|poke|p1|Nidoking, M|\n|poke|p1|Victreebel, M|\n|poke|p1|Gengar, M|\n|poke|p1|Exeggutor, M|\n|poke|p1|Jolteon, M|\n|poke|p1|Flareon, F|\n|poke|p2|Charizard, F|\n|poke|p2|Raichu, M|\n|poke|p2|Dragonite, F|\n|poke|p2|Mew|\n|poke|p2|Rhydon, M|\n|poke|p2|Butterfree, M|\n|teampreview\n|\n|t:|1740107113\n|start\n|switch|p1a: Eggman|Exeggutor, M|332/332\n|switch|p1b: Sparky|Jolteon, M|271/271\n|switch|p2a: Mew|Mew|342/342\n|switch|p2b: Butterfree|Butterfree, M|261/261\n|turn|1\n|\n|t:|1740107175\n|move|p2a: Mew|Fake Out|p1b: Sparky\n|-damage|p1b: Sparky|240/271\n|debug|Covert Cloak prevent secondary\n|move|p1b: Sparky|Sunny Day|p1b: Sparky\n|-weather|SunnyDay\n|move|p1a: Eggman|Psychic Terrain|p1a: Eggman\n|-fieldstart|move: Psychic Terrain\n|move|p2b: Butterfree|Sleep Powder|p1a: Eggman\n|debug|natural powder immunity\n|-immune|p1a: Eggman\n|\n|-weather|SunnyDay|[upkeep]\n|upkeep\n|turn|2\n|\n|t:|1740107235\n|move|p1a: Eggman|Expanding Force|p2a: Mew|[spread] p2a,p2b\n|debug|psychic terrain boost\n|debug|terrain buff\n|debug|Spread modifier: 0.75\n|-resisted|p2a: Mew\n|debug|psychic terrain boost\n|debug|terrain buff\n|debug|Spread modifier: 0.75\n|-damage|p2a: Mew|228/342\n|-enditem|p2b: Butterfree|Focus Sash\n|-damage|p2b: Butterfree|1/261\n|move|p1b: Sparky|Electroweb|p2b: Butterfree|[spread] p2a,p2b\n|debug|Spread modifier: 0.75\n|debug|Spread modifier: 0.75\n|-supereffective|p2b: Butterfree\n|-damage|p2a: Mew|171/342\n|-damage|p2b: Butterfree|0 fnt\n|debug|Covert Cloak prevent secondary\n|faint|p2b: Butterfree\n|move|p2a: Mew|Tailwind|p2a: Mew\n|-sidestart|p2: smokeydabearrr|move: Tailwind\n|\n|-weather|SunnyDay|[upkeep]\n|upkeep\n|\n|t:|1740107251\n|switch|p2b: Charizard|Charizard, F|297/297\n|turn|3\n|\n|t:|1740107284\n|switch|p2a: Raichu|Raichu, M|261/261\n|-item|p2a: Raichu|Air Balloon\n|move|p1a: Eggman|Protect|p1a: Eggman\n|-singleturn|p1a: Eggman|Protect\n|move|p2b: Charizard|Heat Wave|p1a: Eggman|[spread] p1b\n|-activate|p1a: Eggman|move: Protect\n|debug|Spread modifier: 0.75\n|debug|Sunny Day fire boost\n|-damage|p1b: Sparky|0 fnt\n|debug|Covert Cloak prevent secondary\n|faint|p1b: Sparky\n|\n|-weather|SunnyDay|[upkeep]\n|-damage|p2b: Charizard|260/297|[from] ability: Solar Power|[of] p2b: Charizard\n|-heal|p2b: Charizard|278/297|[from] item: Leftovers\n|upkeep\n|\n|t:|1740107304\n|switch|p1b: Fluffy|Flareon, F|272/272\n|turn|4\n|\n|t:|1740107378\n|switch|p1a: King Nido|Nidoking, M|304/304\n|move|p2b: Charizard|Rock Slide|p1b: Fluffy|[spread] p1a\n|-miss|p2b: Charizard|p1b: Fluffy\n|debug|Spread modifier: 0.75\n|-resisted|p1a: King Nido\n|-damage|p1a: King Nido|283/304\n|move|p2a: Raichu|Nuzzle|p1a: King Nido\n|-immune|p1a: King Nido\n|move|p1b: Fluffy|Flare Blitz|p2a: Raichu\n|debug|Sunny Day fire boost\n|-damage|p2a: Raichu|0 fnt\n|-enditem|p2a: Raichu|Air Balloon\n|faint|p2a: Raichu\n|-damage|p1b: Fluffy|186/272|[from] Recoil\n|\n|-weather|SunnyDay|[upkeep]\n|-damage|p2b: Charizard|241/297|[from] ability: Solar Power|[of] p2b: Charizard\n|-heal|p2b: Charizard|259/297|[from] item: Leftovers\n|-status|p1b: Fluffy|tox|[from] item: Toxic Orb\n|upkeep\n|\n|t:|1740107449\n|switch|p2a: Mew|Mew|171/342\n|turn|5\n|\n|t:|1740107473\n|move|p2a: Mew|Fake Out|p1b: Fluffy\n|-activate|p1b: Fluffy|move: Psychic Terrain\n|move|p2b: Charizard|Rock Slide|p1a: King Nido|[spread] p1a,p1b\n|debug|Spread modifier: 0.75\n|-resisted|p1a: King Nido\n|debug|Spread modifier: 0.75\n|-supereffective|p1b: Fluffy\n|-damage|p1a: King Nido|263/304\n|-damage|p1b: Fluffy|92/272 tox\n|move|p1a: King Nido|Sludge Bomb|p2a: Mew\n|-damage|p2a: Mew|5/342\n|move|p1b: Fluffy|Facade|p2b: Charizard\n|-damage|p2b: Charizard|0 fnt\n|faint|p2b: Charizard\n|\n|-weather|none\n|-damage|p1b: Fluffy|75/272 tox|[from] psn\n|-sideend|p2: smokeydabearrr|move: Tailwind\n|-fieldend|move: Psychic Terrain\n|upkeep\n|\n|t:|1740107509\n|switch|p2b: Rhydon|Rhydon, M|380/380\n|turn|6\n|\n|t:|1740107533\n|move|p1a: King Nido|Sludge Bomb|p2a: Mew\n|-damage|p2a: Mew|0 fnt\n|faint|p2a: Mew\n|move|p1b: Fluffy|Superpower|p2b: Rhydon\n|-supereffective|p2b: Rhydon\n|-damage|p2b: Rhydon|130/380\n|-unboost|p1b: Fluffy|atk|1\n|-unboost|p1b: Fluffy|def|1\n|move|p2b: Rhydon|Rock Slide|p1a: King Nido|[spread] p1a,p1b\n|debug|Spread modifier: 0.75\n|-resisted|p1a: King Nido\n|debug|Spread modifier: 0.75\n|-supereffective|p1b: Fluffy\n|-damage|p1a: King Nido|191/304\n|-damage|p1b: Fluffy|0 fnt\n|debug|move failed because it did nothing\n|faint|p1b: Fluffy\n|\n|upkeep\n|\n|t:|1740107552\n|switch|p2a: Dragonite|Dragonite, F|386/386\n|switch|p1b: Gang Gang|Gengar, M|262/262\n|turn|7\n|\n|t:|1740107722\n|switch|p1a: Victor|Victreebel, M|333/333\n|move|p1b: Gang Gang|Sunny Day|p1b: Gang Gang\n|-weather|SunnyDay\n|move|p2a: Dragonite|Dual Wingbeat|p1a: Victor\n|-supereffective|p1a: Victor\n|-damage|p1a: Victor|135/333\n|-supereffective|p1a: Victor\n|-damage|p1a: Victor|0 fnt\n|faint|p1a: Victor\n|-hitcount|p1: Victor|2\n|move|p2b: Rhydon|Earthquake|p1b: Gang Gang|[spread] p1b\n|-immune|p2a: Dragonite\n|debug|Spread modifier: 0.75\n|-supereffective|p1b: Gang Gang\n|-enditem|p1b: Gang Gang|Focus Sash\n|-damage|p1b: Gang Gang|1/262\n|\n|-weather|SunnyDay|[upkeep]\n|upkeep\n|\n|t:|1740107738\n|switch|p1a: Eggman|Exeggutor, M|332/332\n|turn|8\n|\n|t:|1740107848\n|move|p2b: Rhydon|Protect|p2b: Rhydon\n|-singleturn|p2b: Rhydon|Protect\n|move|p1a: Eggman|Solar Beam||[still]\n|-prepare|p1a: Eggman|Solar Beam\n|-anim|p1a: Eggman|Solar Beam|p2b: Rhydon\n|-activate|p2b: Rhydon|move: Protect\n|move|p1b: Gang Gang|Icy Wind|p2a: Dragonite|[spread] p2a\n|-activate|p2b: Rhydon|move: Protect\n|debug|Spread modifier: 0.75\n|-supereffective|p2a: Dragonite\n|-damage|p2a: Dragonite|254/386\n|-unboost|p2a: Dragonite|spe|1\n|move|p2a: Dragonite|Dual Wingbeat|p1a: Eggman\n|-supereffective|p1a: Eggman\n|-damage|p1a: Eggman|158/332\n|-supereffective|p1a: Eggman\n|-damage|p1a: Eggman|0 fnt\n|faint|p1a: Eggman\n|-hitcount|p1: Eggman|2\n|\n|-weather|SunnyDay|[upkeep]\n|upkeep\n|\n|t:|1740107865\n|switch|p1a: King Nido|Nidoking, M|191/304\n|turn|9\n|\n|t:|1740107909\n|move|p1a: King Nido|Ice Beam|p2a: Dragonite\n|-supereffective|p2a: Dragonite\n|-damage|p2a: Dragonite|0 fnt\n|faint|p2a: Dragonite\n|move|p1b: Gang Gang|Shadow Ball|p2b: Rhydon\n|-damage|p2b: Rhydon|0 fnt\n|faint|p2b: Rhydon\n|\n|win|mistermoscow\n|c|☆smokeydabearrr|gg\n|c|☆mistermoscow|gg\n|c|☆smokeydabearrr|im off for tn hmu tm dude\n|c|☆mistermoscow|ight sounds good dude\n|c|☆mistermoscow|pce\n","uploadtime":1740107942,"views":"22","formatid":"gen9doublescustomgame","rating":null,"private":0,"password":null}