{"id":"gen9doublescustomgame-2017907331","format":"[Gen 9] Doubles Custom Game","players":["smokeydabearrr","mattmandaman"],"log":"|j|☆smokeydabearrr\n|j|☆mattmandaman\n|t:|1703290334\n|gametype|doubles\n|player|p1|smokeydabearrr|101|\n|player|p2|mattmandaman|giovanni|\n|teamsize|p1|6\n|teamsize|p2|6\n|gen|9\n|tier|[Gen 9] Doubles Custom Game\n|clearpoke\n|poke|p1|Toxapex, F|\n|poke|p1|Chi-Yu|\n|poke|p1|Quaquaval, M|\n|poke|p1|Dudunsparce-*, F|\n|poke|p1|Hydreigon, F|\n|poke|p1|Heatran, M|\n|poke|p2|Iron Moth|\n|poke|p2|Zeraora|\n|poke|p2|Porygon2|\n|poke|p2|Baxcalibur, M|\n|poke|p2|Breloom, F|\n|poke|p2|Zoroark-Hisui, M|\n|teampreview\n|j| Weedichu\n|\n|t:|1703290407\n|start\n|switch|p1a: High Dragon|Hydreigon, F|325/325\n|switch|p1b: Heater Pan|Heatran, M|332/332\n|switch|p2a: Zeraora|Zeraora|380/380\n|switch|p2b: Breloom|Breloom, F|252/252\n|turn|1\n|\n|t:|1703290441\n|move|p2a: Zeraora|Fake Out|p1a: High Dragon\n|-damage|p1a: High Dragon|289/325\n|move|p2b: Breloom|Focus Blast|p1b: Heater Pan\n|-supereffective|p1b: Heater Pan\n|-damage|p1b: Heater Pan|78/332\n|cant|p1a: High Dragon|flinch\n|move|p1b: Heater Pan|Heat Wave|p2b: Breloom|[spread] p2b\n|-miss|p1b: Heater Pan|p2a: Zeraora\n|debug|Spread modifier: 0.75\n|-damage|p2b: Breloom|48/252\n|debug|illusion cleared\n|replace|p2b: Zoroark|Zoroark-Hisui, M\n|-end|p2b: Zoroark|Illusion\n|\n|upkeep\n|turn|2\n|j| je64\n|\n|t:|1703290482\n|move|p2a: Zeraora|Volt Switch|p1b: Heater Pan\n|-damage|p1b: Heater Pan|21/332\n|\n|t:|1703290488\n|switch|p2a: Porygon2|Porygon2|374/374|[from] Volt Switch\n|-ability|p2a: Porygon2|Levitate|[from] ability: Trace|[of] p1a: High Dragon\n|move|p2b: Zoroark|Focus Blast|p1a: High Dragon\n|-supereffective|p1a: High Dragon\n|-damage|p1a: High Dragon|0 fnt\n|faint|p1a: High Dragon\n|move|p1b: Heater Pan|Heat Wave|p2b: Zoroark|[spread] p2a,p2b\n|debug|Spread modifier: 0.75\n|debug|Spread modifier: 0.75\n|-damage|p2a: Porygon2|305/374\n|-damage|p2b: Zoroark|0 fnt\n|faint|p2b: Zoroark\n|\n|upkeep\n|\n|t:|1703290531\n|switch|p2b: Zeraora|Zeraora|380/380\n|switch|p1a: Fire Orb|Chi-Yu|251/251\n|-ability|p1a: Fire Orb|Beads of Ruin\n|-item|p1a: Fire Orb|Air Balloon\n|turn|3\n|\n|t:|1703290564\n|move|p2b: Zeraora|Electroweb|p1a: Fire Orb|[spread] p1a\n|-miss|p2b: Zeraora|p1b: Heater Pan\n|debug|Spread modifier: 0.75\n|-damage|p1a: Fire Orb|217/251\n|-unboost|p1a: Fire Orb|spe|1\n|-enditem|p1a: Fire Orb|Air Balloon\n|move|p1b: Heater Pan|Scorching Sands|p2b: Zeraora\n|debug|Beads of Ruin SpD drop\n|-supereffective|p2b: Zeraora\n|-damage|p2b: Zeraora|198/380\n|move|p1a: Fire Orb|Heat Wave|p2b: Zeraora|[spread] p2b\n|-miss|p1a: Fire Orb|p2a: Porygon2\n|debug|Beads of Ruin SpD drop\n|debug|Spread modifier: 0.75\n|-damage|p2b: Zeraora|75/380\n|move|p2a: Porygon2|Teleport|p2a: Porygon2\n|\n|t:|1703290594\n|switch|p2a: Baxcalibur|Baxcalibur, M|372/372|[from] Teleport\n|\n|upkeep\n|turn|4\n|\n|t:|1703290628\n|-terastallize|p1b: Heater Pan|Ground\n|move|p2b: Zeraora|Volt Switch|p1b: Heater Pan\n|-immune|p1b: Heater Pan\n|move|p2a: Baxcalibur|Scale Shot|p1a: Fire Orb\n|-damage|p1a: Fire Orb|168/251\n|-damage|p1a: Fire Orb|116/251\n|-damage|p1a: Fire Orb|67/251\n|-damage|p1a: Fire Orb|15/251\n|-damage|p1a: Fire Orb|0 fnt\n|faint|p1a: Fire Orb\n|-hitcount|p1: Fire Orb|5\n|-unboost|p2a: Baxcalibur|def|1\n|-boost|p2a: Baxcalibur|spe|1\n|move|p1b: Heater Pan|Flash Cannon|p2a: Baxcalibur\n|-supereffective|p2a: Baxcalibur\n|-damage|p2a: Baxcalibur|34/372\n|\n|upkeep\n|\n|t:|1703290671\n|switch|p1a: Dun Dun DUNNN|Dudunsparce, F|449/449\n|turn|5\n|\n|t:|1703290704\n|switch|p1b: Toxic Ex|Toxapex, F|304/304\n|move|p2a: Baxcalibur|Protect|p2a: Baxcalibur\n|-singleturn|p2a: Baxcalibur|Protect\n|move|p2b: Zeraora|Snarl|p1b: Toxic Ex|[spread] p1a,p1b\n|debug|Spread modifier: 0.75\n|debug|Spread modifier: 0.75\n|-damage|p1a: Dun Dun DUNNN|415/449\n|-damage|p1b: Toxic Ex|282/304\n|-unboost|p1a: Dun Dun DUNNN|spa|1\n|-unboost|p1b: Toxic Ex|spa|1\n|debug|doubling secondary chance\n|move|p1a: Dun Dun DUNNN|Rock Slide|p2a: Baxcalibur|[spread] p2b\n|-activate|p2a: Baxcalibur|move: Protect\n|debug|Spread modifier: 0.75\n|-damage|p2b: Zeraora|17/380\n|\n|-heal|p1b: Toxic Ex|301/304|[from] item: Black Sludge\n|upkeep\n|turn|6\n|\n|t:|1703290734\n|move|p1b: Toxic Ex|Baneful Bunker|p1b: Toxic Ex\n|-singleturn|p1b: Toxic Ex|move: Protect\n|move|p2b: Zeraora|Volt Switch|p1b: Toxic Ex\n|-activate|p1b: Toxic Ex|move: Protect\n|move|p2a: Baxcalibur|Icicle Spear|p1a: Dun Dun DUNNN\n|-damage|p1a: Dun Dun DUNNN|367/449\n|-damage|p1a: Dun Dun DUNNN|318/449\n|-damage|p1a: Dun Dun DUNNN|263/449\n|-damage|p1a: Dun Dun DUNNN|211/449\n|-hitcount|p1a: Dun Dun DUNNN|4\n|debug|doubling secondary chance\n|move|p1a: Dun Dun DUNNN|Rock Slide|p2a: Baxcalibur|[spread] p2a,p2b\n|debug|Spread modifier: 0.75\n|-supereffective|p2a: Baxcalibur\n|debug|Spread modifier: 0.75\n|-damage|p2a: Baxcalibur|0 fnt\n|-damage|p2b: Zeraora|0 fnt\n|debug|move failed because it did nothing\n|faint|p2a: Baxcalibur\n|faint|p2b: Zeraora\n|\n|-heal|p1b: Toxic Ex|304/304|[from] item: Black Sludge\n|upkeep\n|\n|t:|1703290753\n|switch|p2b: Iron Moth|Iron Moth|301/301\n|switch|p2a: Breloom|Breloom, F|262/262\n|turn|7\n|\n|t:|1703290791\n|move|p1a: Dun Dun DUNNN|Protect|p1a: Dun Dun DUNNN\n|-singleturn|p1a: Dun Dun DUNNN|Protect\n|move|p2b: Iron Moth|Heat Wave|p1a: Dun Dun DUNNN|[spread] p1b\n|-activate|p1a: Dun Dun DUNNN|move: Protect\n|debug|Spread modifier: 0.75\n|-resisted|p1b: Toxic Ex\n|-damage|p1b: Toxic Ex|246/304\n|-damage|p2b: Iron Moth|271/301|[from] item: Life Orb\n|move|p2a: Breloom|Spore|p1b: Toxic Ex\n|-status|p1b: Toxic Ex|slp|[from] move: Spore\n|cant|p1b: Toxic Ex|slp\n|\n|-heal|p1b: Toxic Ex|265/304 slp|[from] item: Black Sludge\n|upkeep\n|turn|8\n|\n|t:|1703290827\n|move|p2a: Breloom|Mach Punch|p1a: Dun Dun DUNNN\n|debug|Base Power: 40\n|debug|Technician boost\n|-supereffective|p1a: Dun Dun DUNNN\n|-damage|p1a: Dun Dun DUNNN|5/449\n|move|p2b: Iron Moth|Heat Wave|p1b: Toxic Ex|[spread] p1a,p1b\n|debug|Spread modifier: 0.75\n|debug|Spread modifier: 0.75\n|-resisted|p1b: Toxic Ex\n|-damage|p1a: Dun Dun DUNNN|0 fnt\n|-damage|p1b: Toxic Ex|208/304 slp\n|faint|p1a: Dun Dun DUNNN\n|-damage|p2b: Iron Moth|241/301|[from] item: Life Orb\n|cant|p1b: Toxic Ex|slp\n|\n|-heal|p1b: Toxic Ex|227/304 slp|[from] item: Black Sludge\n|upkeep\n|\n|t:|1703290845\n|switch|p1a: Heater Pan|Heatran, M, tera:Ground|21/332\n|turn|9\n|\n|t:|1703290869\n|move|p2b: Iron Moth|Dazzling Gleam|p1a: Heater Pan|[spread] p1a,p1b\n|debug|Spread modifier: 0.75\n|debug|Spread modifier: 0.75\n|-resisted|p1b: Toxic Ex\n|-damage|p1a: Heater Pan|0 fnt\n|-damage|p1b: Toxic Ex|198/304 slp\n|faint|p1a: Heater Pan\n|-damage|p2b: Iron Moth|211/301|[from] item: Life Orb\n|move|p2a: Breloom|Bullet Seed|p1b: Toxic Ex\n|debug|Base Power: 25\n|debug|Technician boost\n|-damage|p1b: Toxic Ex|158/304 slp\n|debug|Base Power: 25\n|debug|Technician boost\n|-damage|p1b: Toxic Ex|118/304 slp\n|debug|Base Power: 25\n|debug|Technician boost\n|-damage|p1b: Toxic Ex|81/304 slp\n|-hitcount|p1b: Toxic Ex|3\n|cant|p1b: Toxic Ex|slp\n|\n|-heal|p1b: Toxic Ex|100/304 slp|[from] item: Black Sludge\n|upkeep\n|\n|t:|1703290881\n|switch|p1a: Blue Duck|Quaquaval, M|311/311\n|turn|10\n|\n|t:|1703290905\n|-terastallize|p2b: Iron Moth|Fairy\n|-curestatus|p1b: Toxic Ex|slp|[msg]\n|move|p1b: Toxic Ex|Baneful Bunker|p1b: Toxic Ex\n|-singleturn|p1b: Toxic Ex|move: Protect\n|move|p2b: Iron Moth|Dazzling Gleam|p1a: Blue Duck|[spread] p1a\n|-activate|p1b: Toxic Ex|move: Protect\n|debug|Spread modifier: 0.75\n|-supereffective|p1a: Blue Duck\n|-damage|p1a: Blue Duck|0 fnt\n|faint|p1a: Blue Duck\n|-damage|p2b: Iron Moth|181/301|[from] item: Life Orb\n|move|p2a: Breloom|Bullet Seed|p1b: Toxic Ex\n|-activate|p1b: Toxic Ex|move: Protect\n|\n|-heal|p1b: Toxic Ex|119/304|[from] item: Black Sludge\n|upkeep\n|turn|11\n|\n|t:|1703290924\n|move|p2b: Iron Moth|Dazzling Gleam|p1b: Toxic Ex\n|-resisted|p1b: Toxic Ex\n|-damage|p1b: Toxic Ex|59/304\n|-damage|p2b: Iron Moth|151/301|[from] item: Life Orb\n|move|p2a: Breloom|Bullet Seed|p1b: Toxic Ex\n|debug|Base Power: 25\n|debug|Technician boost\n|-damage|p1b: Toxic Ex|16/304\n|debug|Base Power: 25\n|debug|Technician boost\n|-damage|p1b: Toxic Ex|0 fnt\n|faint|p1b: Toxic Ex\n|-hitcount|p1: Toxic Ex|2\n|\n|win|mattmandaman\n","uploadtime":1703290936,"views":"66","formatid":"gen9doublescustomgame","rating":null,"private":0,"password":null}