{"id":"gen9doublescustomgame-2333314478","format":"[Gen 9] Doubles Custom Game","players":["mistermoscow","Mattmandaman"],"log":"|j|☆mistermoscow\n|j|☆Mattmandaman\n|t:|1743563935\n|gametype|doubles\n|player|p1|mistermoscow|alder|\n|player|p2|Mattmandaman|giovanni|\n|teamsize|p1|3\n|teamsize|p2|3\n|gen|9\n|tier|[Gen 9] Doubles Custom Game\n|clearpoke\n|poke|p1|Pikachu, M|\n|poke|p1|Drifblim, M|\n|poke|p1|Lampent, M|\n|poke|p2|Dusclops, M|\n|poke|p2|Dusknoir, F|\n|poke|p2|Drifloon, M|\n|teampreview\n|j| je64\n|\n|t:|1743563972\n|start\n|switch|p1a: Buzz|Pikachu, M|212/212\n|switch|p1b: Bamp|Lampent, M|324/324\n|switch|p2a: Drifloon|Drifloon, M|322/322\n|switch|p2b: Dusclops|Dusclops, M|284/284\n|-item|p1a: Buzz|Light Ball|[from] ability: Frisk|[of] p2b: Dusclops\n|-item|p1b: Bamp|Life Orb|[from] ability: Frisk|[of] p2b: Dusclops\n|turn|1\n|\n|t:|1743564007\n|move|p2b: Dusclops|Sucker Punch|p1b: Bamp\n|-supereffective|p1b: Bamp\n|-damage|p1b: Bamp|208/324\n|move|p1a: Buzz|Volt Tackle|p2b: Dusclops\n|-damage|p2b: Dusclops|149/284\n|-damage|p1a: Buzz|167/212|[from] Recoil\n|move|p2a: Drifloon|Thunder Wave|p1a: Buzz\n|-activate|p1a: Buzz|ability: Lightning Rod\n|-ability|p1a: Buzz|Lightning Rod|boost\n|-boost|p1a: Buzz|spa|1\n|move|p1b: Bamp|Shadow Ball|p2b: Dusclops\n|-supereffective|p2b: Dusclops\n|-damage|p2b: Dusclops|16/284\n|-damage|p1b: Bamp|176/324|[from] item: Life Orb\n|\n|upkeep\n|turn|2\n|\n|t:|1743564031\n|move|p2a: Drifloon|Ally Switch|p2a: Drifloon\n|swap|p2a: Drifloon|1|[from] move: Ally Switch\n|move|p1a: Buzz|Volt Switch|p2a: Dusclops\n|-crit|p2a: Dusclops\n|-damage|p2a: Dusclops|0 fnt\n|faint|p2a: Dusclops\n|\n|t:|1743564037\n|switch|p1a: Blump|Drifblim, M|504/504|[from] Volt Switch\n|move|p1b: Bamp|Heat Wave|p2b: Drifloon\n|-enditem|p2b: Drifloon|Focus Sash\n|-damage|p2b: Drifloon|1/322\n|-status|p2b: Drifloon|brn\n|-damage|p1b: Bamp|144/324|[from] item: Life Orb\n|\n|-damage|p2b: Drifloon|0 fnt|[from] brn\n|faint|p2b: Drifloon\n|upkeep\n|\n|t:|1743564049\n|switch|p2b: Dusknoir|Dusknoir, F|294/294\n|-item|p1a: Blump|Leftovers|[from] ability: Frisk|[of] p2b: Dusknoir\n|-item|p1b: Bamp|Life Orb|[from] ability: Frisk|[of] p2b: Dusknoir\n|turn|3\n|\n|t:|1743564062\n|move|p1b: Bamp|Protect|p1b: Bamp\n|-singleturn|p1b: Bamp|Protect\n|move|p1a: Blump|Strength Sap|p2b: Dusknoir\n|-unboost|p2b: Dusknoir|atk|1\n|move|p2b: Dusknoir|Shadow Punch|p1a: Blump\n|-supereffective|p1a: Blump\n|-damage|p1a: Blump|250/504\n|\n|-heal|p1a: Blump|281/504|[from] item: Leftovers\n|upkeep\n|turn|4\n|\n|t:|1743564079\n|move|p1a: Blump|Strength Sap|p2b: Dusknoir\n|-unboost|p2b: Dusknoir|atk|1\n|-heal|p1a: Blump|499/504\n|move|p1b: Bamp|Shadow Ball|p2b: Dusknoir\n|-supereffective|p2b: Dusknoir\n|-enditem|p2b: Dusknoir|Kasib Berry|[eat]\n|debug|-50% reduction\n|-enditem|p2b: Dusknoir|Kasib Berry|[weaken]\n|-damage|p2b: Dusknoir|156/294\n|-damage|p1b: Bamp|112/324|[from] item: Life Orb\n|move|p2b: Dusknoir|Shadow Punch|p1a: Blump\n|-supereffective|p1a: Blump\n|-damage|p1a: Blump|307/504\n|\n|-heal|p1a: Blump|338/504|[from] item: Leftovers\n|upkeep\n|turn|5\n|\n|t:|1743564096\n|move|p1a: Blump|Strength Sap|p2b: Dusknoir\n|-unboost|p2b: Dusknoir|atk|1\n|-heal|p1a: Blump|502/504\n|move|p1b: Bamp|Shadow Ball|p2b: Dusknoir\n|-supereffective|p2b: Dusknoir\n|-damage|p2b: Dusknoir|0 fnt\n|faint|p2b: Dusknoir\n|-damage|p1b: Bamp|80/324|[from] item: Life Orb\n|\n|win|mistermoscow\n","uploadtime":1743564106,"views":"18","formatid":"gen9doublescustomgame","rating":null,"private":0,"password":null}