{"id":"gen9doublescustomgame-2319962907","format":"[Gen 9] Doubles Custom Game","players":["Mango Meloetta","je64"],"log":"|j|☆Mango Meloetta\n|j|☆je64\n|t:|1742008665\n|gametype|doubles\n|player|p1|Mango Meloetta|li|\n|player|p2|je64|170|\n|teamsize|p1|6\n|teamsize|p2|6\n|gen|9\n|tier|[Gen 9] Doubles Custom Game\n|clearpoke\n|poke|p1|Pinsir, M|\n|poke|p1|Poliwrath, M|\n|poke|p1|Electabuzz, M|\n|poke|p1|Golduck, F|\n|poke|p1|Snorlax, F|\n|poke|p1|Weezing, M|\n|poke|p2|Dugtrio, M|\n|poke|p2|Kadabra, M|\n|poke|p2|Gengar, M|\n|poke|p2|Chansey, F|\n|poke|p2|Electabuzz, F|\n|poke|p2|Gyarados, F|\n|teampreview\n|j| mistermoscow\n|\n|t:|1742008705\n|start\n|switch|p1a: Poliwrath|Poliwrath, M|383/383\n|switch|p1b: Electabuzz|Electabuzz, M|334/334\n|switch|p2a: Stranger|Gengar, M|261/261\n|switch|p2b: Lizzo|Chansey, F|704/704\n|turn|1\n|j| mattmandaman\n|\n|t:|1742008758\n|move|p2a: Stranger|Sludge Bomb|p1a: Poliwrath\n|-damage|p1a: Poliwrath|199/383\n|move|p1b: Electabuzz|Electroweb|p2b: Lizzo|[spread] p2a,p2b\n|debug|Spread modifier: 0.75\n|debug|Spread modifier: 0.75\n|-damage|p2a: Stranger|197/261\n|-damage|p2b: Lizzo|676/704\n|-unboost|p2a: Stranger|spe|1\n|-unboost|p2b: Lizzo|spe|1\n|move|p1a: Poliwrath|Icy Wind|p2a: Stranger|[spread] p2a,p2b\n|debug|Spread modifier: 0.75\n|debug|Spread modifier: 0.75\n|-crit|p2b: Lizzo\n|-damage|p2a: Stranger|168/261\n|-damage|p2b: Lizzo|655/704\n|-unboost|p2a: Stranger|spe|1\n|-unboost|p2b: Lizzo|spe|1\n|move|p2b: Lizzo|Seismic Toss|p1b: Electabuzz\n|-damage|p1b: Electabuzz|234/334\n|\n|upkeep\n|turn|2\n|\n|t:|1742008785\n|switch|p2a: Buzz Killington|Electabuzz, F|334/334\n|move|p1b: Electabuzz|Taunt|p2b: Lizzo\n|-start|p2b: Lizzo|move: Taunt\n|move|p1a: Poliwrath|High Horsepower|p2a: Buzz Killington\n|-supereffective|p2a: Buzz Killington\n|-damage|p2a: Buzz Killington|190/334\n|move|p2b: Lizzo|Seismic Toss|p1b: Electabuzz\n|-damage|p1b: Electabuzz|134/334\n|\n|upkeep\n|turn|3\n|\n|t:|1742008810\n|switch|p1b: Weezing|Weezing, M|334/334\n|move|p2a: Buzz Killington|Volt Switch|p1a: Poliwrath\n|-supereffective|p1a: Poliwrath\n|-damage|p1a: Poliwrath|83/383\n|\n|t:|1742008817\n|switch|p2a: Gyarados|Gyarados, F|331/331|[from] Volt Switch\n|-ability|p2a: Gyarados|Intimidate|boost\n|-unboost|p1a: Poliwrath|atk|1\n|-unboost|p1b: Weezing|atk|1\n|move|p1a: Poliwrath|High Horsepower|p2a: Gyarados\n|-immune|p2a: Gyarados\n|move|p2b: Lizzo|Seismic Toss|p1b: Weezing\n|-damage|p1b: Weezing|234/334\n|\n|-heal|p1b: Weezing|254/334|[from] item: Leftovers\n|upkeep\n|turn|4\n|\n|t:|1742008878\n|move|p2a: Gyarados|Dragon Dance|p2a: Gyarados\n|-boost|p2a: Gyarados|atk|1\n|-boost|p2a: Gyarados|spe|1\n|move|p1a: Poliwrath|Icy Wind|p2a: Gyarados|[spread] p2a,p2b\n|debug|Spread modifier: 0.75\n|debug|Spread modifier: 0.75\n|-damage|p2a: Gyarados|306/331\n|-damage|p2b: Lizzo|640/704\n|-unboost|p2a: Gyarados|spe|1\n|-unboost|p2b: Lizzo|spe|1\n|move|p1b: Weezing|Toxic|p2b: Lizzo\n|-status|p2b: Lizzo|tox\n|move|p2b: Lizzo|Seismic Toss|p1a: Poliwrath\n|-damage|p1a: Poliwrath|0 fnt\n|faint|p1a: Poliwrath\n|\n|-heal|p1b: Weezing|274/334|[from] item: Leftovers\n|-damage|p2b: Lizzo|596/704 tox|[from] psn\n|-end|p2b: Lizzo|move: Taunt\n|upkeep\n|\n|t:|1742008888\n|switch|p1a: Electabuzz|Electabuzz, M|134/334\n|turn|5\n|\n|t:|1742008903\n|move|p2a: Gyarados|Protect|p2a: Gyarados\n|-singleturn|p2a: Gyarados|Protect\n|move|p1a: Electabuzz|Electroweb|p2b: Lizzo|[spread] p2b\n|-activate|p2a: Gyarados|move: Protect\n|debug|Spread modifier: 0.75\n|-damage|p2b: Lizzo|563/704 tox\n|-unboost|p2b: Lizzo|spe|1\n|move|p1b: Weezing|Toxic|p2a: Gyarados\n|-activate|p2a: Gyarados|move: Protect\n|move|p2b: Lizzo|Teleport|p2b: Lizzo\n|\n|t:|1742008924\n|-curestatus|p2b: Lizzo|tox|[from] ability: Natural Cure\n|switch|p2b: Shai-Hulud|Dugtrio, M, shiny|212/212|[from] Teleport\n|\n|-heal|p1b: Weezing|294/334|[from] item: Leftovers\n|upkeep\n|turn|6\n|\n|t:|1742009002\n|move|p2b: Shai-Hulud|High Horsepower|p1a: Electabuzz\n|-supereffective|p1a: Electabuzz\n|-damage|p1a: Electabuzz|0 fnt\n|faint|p1a: Electabuzz\n|move|p2a: Gyarados|Dragon Dance|p2a: Gyarados\n|-boost|p2a: Gyarados|atk|1\n|-boost|p2a: Gyarados|spe|1\n|move|p1b: Weezing|Toxic|p2b: Shai-Hulud\n|-status|p2b: Shai-Hulud|tox\n|\n|-heal|p1b: Weezing|314/334|[from] item: Leftovers\n|-damage|p2b: Shai-Hulud|199/212 tox|[from] psn\n|upkeep\n|\n|t:|1742009013\n|switch|p1a: Snorlax|Snorlax, F|524/524\n|turn|7\n|\n|t:|1742009046\n|move|p2a: Gyarados|Waterfall|p1a: Snorlax\n|-damage|p1a: Snorlax|128/524\n|-enditem|p1a: Snorlax|Aguav Berry|[eat]\n|-heal|p1a: Snorlax|302/524|[from] item: Aguav Berry\n|move|p2b: Shai-Hulud|High Horsepower|p1a: Snorlax\n|-damage|p1a: Snorlax|4/524\n|move|p1b: Weezing|Sludge Bomb|p2a: Gyarados\n|-damage|p2a: Gyarados|218/331\n|-status|p2a: Gyarados|psn\n|-enditem|p2a: Gyarados|Lum Berry|[eat]\n|-curestatus|p2a: Gyarados|psn|[msg]\n|move|p1a: Snorlax|Double-Edge|p2a: Gyarados\n|-damage|p2a: Gyarados|0 fnt\n|faint|p2a: Gyarados\n|-damage|p1a: Snorlax|0 fnt|[from] Recoil\n|faint|p1a: Snorlax\n|\n|-heal|p1b: Weezing|334/334|[from] item: Leftovers\n|-damage|p2b: Shai-Hulud|173/212 tox|[from] psn\n|upkeep\n|\n|t:|1742009101\n|switch|p2a: Stranger|Gengar, M|168/261\n|switch|p1a: Golduck|Golduck, F|301/301\n|-ability|p1a: Golduck|Cloud Nine\n|turn|8\n|\n|t:|1742009132\n|switch|p2b: Lizzo|Chansey, F|563/704\n|move|p2a: Stranger|Thunderbolt|p1a: Golduck\n|-supereffective|p1a: Golduck\n|-enditem|p1a: Golduck|Focus Sash\n|-damage|p1a: Golduck|1/301\n|move|p1a: Golduck|Psychic|p2a: Stranger\n|-supereffective|p2a: Stranger\n|-damage|p2a: Stranger|0 fnt\n|-start|p1a: Golduck|Disable|Psychic|[from] ability: Cursed Body|[of] p2a: Stranger\n|faint|p2a: Stranger\n|move|p1b: Weezing|Taunt|p2b: Lizzo\n|-start|p2b: Lizzo|move: Taunt\n|\n|upkeep\n|\n|t:|1742009161\n|switch|p2a: Shai-Hulud|Dugtrio, M, shiny|173/212 tox\n|turn|9\n|\n|t:|1742009180\n|move|p2a: Shai-Hulud|Rock Slide|p1b: Weezing|[spread] p1a,p1b\n|debug|Spread modifier: 0.75\n|debug|Spread modifier: 0.75\n|-damage|p1a: Golduck|0 fnt\n|-damage|p1b: Weezing|276/334\n|debug|move failed because it did nothing\n|faint|p1a: Golduck\n|cant|p1b: Weezing|flinch\n|move|p2b: Lizzo|Seismic Toss|p1b: Weezing\n|-damage|p1b: Weezing|176/334\n|\n|-heal|p1b: Weezing|196/334|[from] item: Leftovers\n|-damage|p2a: Shai-Hulud|160/212 tox|[from] psn\n|upkeep\n|\n|t:|1742009185\n|switch|p1a: Pinsir|Pinsir, M|271/271\n|-ability|p1a: Pinsir|Mold Breaker\n|turn|10\n|\n|t:|1742009218\n|switch|p2b: Buzz Killington|Electabuzz, F|190/334\n|move|p2a: Shai-Hulud|Rock Slide|p1b: Weezing|[spread] p1a,p1b\n|debug|Spread modifier: 0.75\n|-supereffective|p1a: Pinsir\n|debug|Spread modifier: 0.75\n|-damage|p1a: Pinsir|95/271\n|-damage|p1b: Weezing|142/334\n|cant|p1a: Pinsir|flinch\n|move|p1b: Weezing|Sludge Bomb|p2b: Buzz Killington\n|-damage|p2b: Buzz Killington|118/334\n|\n|-heal|p1b: Weezing|162/334|[from] item: Leftovers\n|-damage|p2a: Shai-Hulud|134/212 tox|[from] psn\n|upkeep\n|turn|11\n|\n|t:|1742009243\n|move|p2a: Shai-Hulud|Rock Slide|p1b: Weezing|[spread] p1a,p1b\n|debug|Spread modifier: 0.75\n|-supereffective|p1a: Pinsir\n|debug|Spread modifier: 0.75\n|-damage|p1a: Pinsir|0 fnt\n|-damage|p1b: Weezing|111/334\n|faint|p1a: Pinsir\n|move|p2b: Buzz Killington|Taunt|p1b: Weezing\n|-start|p1b: Weezing|move: Taunt\n|cant|p1b: Weezing|flinch\n|\n|-heal|p1b: Weezing|131/334|[from] item: Leftovers\n|-damage|p2a: Shai-Hulud|95/212 tox|[from] psn\n|upkeep\n|turn|12\n|\n|t:|1742009273\n|move|p2a: Shai-Hulud|Rock Slide|p1b: Weezing|[miss]\n|-miss|p2a: Shai-Hulud|p1b: Weezing\n|move|p2b: Buzz Killington|Volt Switch|p1b: Weezing\n|-damage|p1b: Weezing|29/334\n|\n|t:|1742009279\n|switch|p2b: Lizzo|Chansey, F|563/704|[from] Volt Switch\n|move|p1b: Weezing|Sludge Bomb|p2b: Lizzo\n|-damage|p2b: Lizzo|502/704\n|\n|-heal|p1b: Weezing|49/334|[from] item: Leftovers\n|-damage|p2a: Shai-Hulud|43/212 tox|[from] psn\n|upkeep\n|turn|13\n|\n|t:|1742009327\n|move|p2a: Shai-Hulud|Rock Slide|p1b: Weezing\n|-damage|p1b: Weezing|0 fnt\n|faint|p1b: Weezing\n|\n|win|je64\n|c|☆Mango Meloetta|ggggg\n|l|☆je64\n|player|p2|\n|l|☆Mango Meloetta\n|player|p1|\n","uploadtime":1742009331,"views":"17","formatid":"gen9doublescustomgame","rating":null,"private":0,"password":null}