{"id":"gen9doublescustomgame-2301592215","format":"[Gen 9] Doubles Custom Game","players":["mistermoscow","Mattmandaman"],"log":"|j|☆mistermoscow\n|j|☆Mattmandaman\n|t:|1739670220\n|gametype|doubles\n|player|p1|mistermoscow|alder|\n|player|p2|Mattmandaman|giovanni|\n|teamsize|p1|6\n|teamsize|p2|6\n|gen|9\n|tier|[Gen 9] Doubles Custom Game\n|clearpoke\n|poke|p1|Fearow, M|\n|poke|p1|Nidoking, M|\n|poke|p1|Primeape, M|\n|poke|p1|Dewgong, M|\n|poke|p1|Jolteon, M|\n|poke|p1|Dragonite, M|\n|poke|p2|Slowpoke, F|\n|poke|p2|Dodrio, F|\n|poke|p2|Nidoking, M|\n|poke|p2|Starmie|\n|poke|p2|Electrode|\n|poke|p2|Gengar, M|\n|teampreview\n|\n|t:|1739670321\n|start\n|switch|p1a: Dewey|Dewgong, M|384/384\n|switch|p1b: King Nido|Nidoking, M|304/304\n|switch|p2a: Nidoking|Nidoking, M|304/304\n|switch|p2b: Dodrio|Dodrio, F|262/262\n|turn|1\n|\n|t:|1739670367\n|switch|p1b: Sparky|Jolteon, M|272/272\n|-item|p1b: Sparky|Air Balloon\n|switch|p1a: Puff Daddy|Dragonite, M|324/324\n|move|p2a: Nidoking|Earth Power|p1b: Sparky\n|-immune|p1b: Sparky\n|move|p2b: Dodrio|Tailwind|p2b: Dodrio\n|-sidestart|p2: Mattmandaman|move: Tailwind\n|\n|upkeep\n|turn|2\n|\n|t:|1739670391\n|switch|p2a: Electrode|Electrode|299/299\n|move|p1b: Sparky|Protect|p1b: Sparky\n|-singleturn|p1b: Sparky|Protect\n|move|p2b: Dodrio|Drill Peck|p1b: Sparky\n|-activate|p1b: Sparky|move: Protect\n|move|p1a: Puff Daddy|Ice Spinner|p2b: Dodrio\n|-supereffective|p2b: Dodrio\n|-enditem|p2b: Dodrio|Focus Sash\n|-damage|p2b: Dodrio|1/262\n|\n|upkeep\n|turn|3\n|\n|t:|1739670428\n|switch|p1a: King Nido|Nidoking, M|304/304\n|move|p2a: Electrode|Electroweb|p1b: Sparky|[spread] \n|-immune|p1b: Sparky|[from] ability: Volt Absorb\n|-immune|p1a: King Nido\n|move|p2b: Dodrio|Endeavor|p1b: Sparky\n|-damage|p1b: Sparky|1/272\n|-enditem|p1b: Sparky|Air Balloon\n|move|p1b: Sparky|Electroweb|p2a: Electrode|[spread] p2a,p2b\n|debug|Spread modifier: 0.75\n|-resisted|p2a: Electrode\n|debug|Spread modifier: 0.75\n|-supereffective|p2b: Dodrio\n|-damage|p2a: Electrode|263/299\n|-damage|p2b: Dodrio|0 fnt\n|-unboost|p2a: Electrode|spe|1\n|faint|p2b: Dodrio\n|\n|upkeep\n|\n|t:|1739670455\n|switch|p2b: Slowpoke|Slowpoke, F|384/384\n|turn|4\n|\n|t:|1739670500\n|move|p1b: Sparky|Protect|p1b: Sparky\n|-singleturn|p1b: Sparky|Protect\n|move|p2a: Electrode|Signal Beam|p1b: Sparky\n|-activate|p1b: Sparky|move: Protect\n|move|p1a: King Nido|Earthquake|p2b: Slowpoke|[spread] p2a,p2b\n|-activate|p1b: Sparky|move: Protect\n|debug|Spread modifier: 0.75\n|-supereffective|p2a: Electrode\n|-crit|p2a: Electrode\n|debug|Spread modifier: 0.75\n|-damage|p2a: Electrode|0 fnt\n|-damage|p2b: Slowpoke|231/384\n|faint|p2a: Electrode\n|move|p2b: Slowpoke|Psychic Terrain|p2b: Slowpoke\n|-fieldstart|move: Psychic Terrain\n|\n|-sideend|p2: Mattmandaman|move: Tailwind\n|upkeep\n|\n|t:|1739670511\n|switch|p2a: Nidoking|Nidoking, M|304/304\n|turn|5\n|\n|t:|1739670528\n|switch|p1a: Dewey|Dewgong, M|384/384\n|move|p2a: Nidoking|Ice Beam|p1b: Sparky\n|-damage|p1b: Sparky|0 fnt\n|faint|p1b: Sparky\n|move|p2b: Slowpoke|Teleport|p2b: Slowpoke\n|\n|t:|1739670535\n|switch|p2b: Starmie|Starmie|262/262|[from] Teleport\n|\n|upkeep\n|\n|t:|1739670546\n|switch|p1b: Big Bird|Fearow, M|334/334\n|turn|6\n|\n|t:|1739670557\n|move|p2a: Nidoking|Ice Beam|p1b: Big Bird\n|-supereffective|p1b: Big Bird\n|-damage|p1b: Big Bird|0 fnt\n|faint|p1b: Big Bird\n|move|p2b: Starmie|Expanding Force|p1a: Dewey\n|debug|psychic terrain boost\n|debug|terrain buff\n|-damage|p1a: Dewey|56/384\n|move|p1a: Dewey|Icy Wind|p2a: Nidoking|[spread] p2a\n|-miss|p1a: Dewey|p2b: Starmie\n|debug|Spread modifier: 0.75\n|-supereffective|p2a: Nidoking\n|-damage|p2a: Nidoking|220/304\n|-unboost|p2a: Nidoking|spe|1\n|\n|-heal|p1a: Dewey|80/384|[from] item: Leftovers\n|upkeep\n|\n|t:|1739670583\n|switch|p1b: King Nido|Nidoking, M|304/304\n|turn|7\n|\n|t:|1739670598\n|switch|p2a: Slowpoke|Slowpoke, F|231/384\n|switch|p1a: Puff Daddy|Dragonite, M|324/324\n|move|p1b: King Nido|Earthquake|p2b: Starmie|[spread] p2a,p2b\n|-immune|p1a: Puff Daddy\n|debug|Spread modifier: 0.75\n|debug|Spread modifier: 0.75\n|-damage|p2a: Slowpoke|59/384\n|-damage|p2b: Starmie|117/262\n|move|p2b: Starmie|Expanding Force|p1a: Puff Daddy|[spread] p1a,p1b\n|debug|psychic terrain boost\n|debug|terrain buff\n|debug|Spread modifier: 0.75\n|-crit|p1a: Puff Daddy\n|debug|psychic terrain boost\n|debug|terrain buff\n|debug|Spread modifier: 0.75\n|-supereffective|p1b: King Nido\n|-damage|p1a: Puff Daddy|0 fnt\n|-damage|p1b: King Nido|0 fnt\n|faint|p1a: Puff Daddy\n|faint|p1b: King Nido\n|\n|upkeep\n|\n|t:|1739670612\n|switch|p1b: Dewey|Dewgong, M|80/384\n|switch|p1a: Apollo|Primeape, M|334/334\n|turn|8\n|\n|t:|1739670622\n|move|p2b: Starmie|Expanding Force|p1b: Dewey|[spread] p1a,p1b\n|debug|psychic terrain boost\n|debug|terrain buff\n|debug|Spread modifier: 0.75\n|-supereffective|p1a: Apollo\n|debug|psychic terrain boost\n|debug|terrain buff\n|debug|Spread modifier: 0.75\n|-damage|p1a: Apollo|0 fnt\n|-damage|p1b: Dewey|0 fnt\n|faint|p1a: Apollo\n|faint|p1b: Dewey\n|\n|win|Mattmandaman\n|c|☆mistermoscow|lame\n|c|☆Mattmandaman|bad luck sry\n|c|☆mistermoscow|gg\n|c|☆Mattmandaman|gg\n","uploadtime":1739670637,"views":"14","formatid":"gen9doublescustomgame","rating":null,"private":0,"password":null}