{"id":"gen9doublescustomgame-2296838224","format":"[Gen 9] Doubles Custom Game","players":["mistermoscow","Mattmandaman"],"log":"|j|☆mistermoscow\n|j|☆Mattmandaman\n|t:|1739025613\n|gametype|doubles\n|player|p1|mistermoscow|alder|\n|player|p2|Mattmandaman|giovanni|\n|teamsize|p1|6\n|teamsize|p2|6\n|gen|9\n|tier|[Gen 9] Doubles Custom Game\n|clearpoke\n|poke|p1|Primeape, M|\n|poke|p1|Dewgong, M|\n|poke|p1|Gengar, M|\n|poke|p1|Mr. Mime, F|\n|poke|p1|Jolteon, M|\n|poke|p1|Dragonite, M|\n|poke|p2|Slowpoke, F|\n|poke|p2|Clefairy, F|\n|poke|p2|Marowak, M|\n|poke|p2|Gengar, M|\n|poke|p2|Snorlax, F|\n|poke|p2|Muk, F|\n|teampreview\n|\n|t:|1739025727\n|start\n|switch|p1a: Mrs. Mr. Mime|Mr. Mime, F|221/221\n|switch|p1b: Gang Gang|Gengar, M|261/261\n|switch|p2a: Gengar|Gengar, M|262/262\n|switch|p2b: Muk|Muk, F|397/397\n|turn|1\n|\n|t:|1739025807\n|switch|p1b: Apollo|Primeape, M|334/334\n|move|p1a: Mrs. Mr. Mime|Reflect|p1a: Mrs. Mr. Mime\n|-sidestart|p1: mistermoscow|Reflect\n|move|p2b: Muk|Poison Jab|p1a: Mrs. Mr. Mime\n|-supereffective|p1a: Mrs. Mr. Mime\n|debug|Filter neutralize\n|debug|Reflect weaken\n|-damage|p1a: Mrs. Mr. Mime|89/221\n|move|p2a: Gengar|Trick Room|p2a: Gengar\n|-fieldstart|move: Trick Room|[of] p2a: Gengar\n|\n|upkeep\n|turn|2\n|\n|t:|1739025836\n|move|p2b: Muk|Poison Jab|p1a: Mrs. Mr. Mime\n|-supereffective|p1a: Mrs. Mr. Mime\n|-crit|p1a: Mrs. Mr. Mime\n|debug|Filter neutralize\n|-damage|p1a: Mrs. Mr. Mime|0 fnt\n|faint|p1a: Mrs. Mr. Mime\n|move|p1b: Apollo|Bulk Up|p1b: Apollo\n|-boost|p1b: Apollo|atk|1\n|-boost|p1b: Apollo|def|1\n|move|p2a: Gengar|Will-O-Wisp|p1b: Apollo\n|-status|p1b: Apollo|brn\n|\n|-damage|p1b: Apollo|314/334 brn|[from] brn\n|upkeep\n|\n|t:|1739025879\n|switch|p1a: Puff Daddy|Dragonite, M|323/323\n|turn|3\n|\n|t:|1739025918\n|switch|p2a: Marowak|Marowak, M|324/324\n|move|p2b: Muk|Ice Punch|p1a: Puff Daddy\n|-supereffective|p1a: Puff Daddy\n|debug|Multiscale weaken\n|debug|Reflect weaken\n|-damage|p1a: Puff Daddy|195/323\n|move|p1b: Apollo|Bulk Up|p1b: Apollo\n|-boost|p1b: Apollo|atk|1\n|-boost|p1b: Apollo|def|1\n|move|p1a: Puff Daddy|Dragon Claw|p2a: Marowak\n|-damage|p2a: Marowak|180/324\n|\n|-damage|p1b: Apollo|294/334 brn|[from] brn\n|upkeep\n|turn|4\n|\n|t:|1739025991\n|move|p2a: Marowak|Rock Slide|p1b: Apollo|[spread] p1a,p1b\n|debug|Spread modifier: 0.75\n|-supereffective|p1a: Puff Daddy\n|debug|Reflect weaken\n|debug|Spread modifier: 0.75\n|-resisted|p1b: Apollo\n|debug|Reflect weaken\n|-damage|p1a: Puff Daddy|56/323\n|-damage|p1b: Apollo|277/334 brn\n|move|p2b: Muk|Poison Jab|p1b: Apollo\n|debug|Reflect weaken\n|-damage|p1b: Apollo|234/334 brn\n|cant|p1b: Apollo|flinch\n|move|p1a: Puff Daddy|Dragon Claw|p2a: Marowak\n|-damage|p2a: Marowak|36/324\n|\n|-damage|p1b: Apollo|214/334 brn|[from] brn\n|upkeep\n|turn|5\n|\n|t:|1739026012\n|move|p2a: Marowak|Rock Slide|p1a: Puff Daddy|[spread] p1a,p1b\n|debug|Spread modifier: 0.75\n|-supereffective|p1a: Puff Daddy\n|debug|Reflect weaken\n|debug|Spread modifier: 0.75\n|-resisted|p1b: Apollo\n|debug|Reflect weaken\n|-damage|p1a: Puff Daddy|0 fnt\n|-damage|p1b: Apollo|197/334 brn\n|debug|move failed because it did nothing\n|faint|p1a: Puff Daddy\n|move|p2b: Muk|Poison Jab|p1b: Apollo\n|debug|Reflect weaken\n|-damage|p1b: Apollo|150/334 brn\n|debug|move failed because it did nothing\n|move|p1b: Apollo|Drain Punch|p2a: Marowak\n|-damage|p2a: Marowak|0 fnt\n|-heal|p1b: Apollo|168/334 brn|[from] drain|[of] p2a: Marowak\n|faint|p2a: Marowak\n|\n|-damage|p1b: Apollo|148/334 brn|[from] brn\n|-fieldend|move: Trick Room\n|upkeep\n|\n|t:|1739026036\n|switch|p1a: Dewey|Dewgong, M|384/384\n|switch|p2a: Gengar|Gengar, M|262/262\n|turn|6\n|\n|t:|1739026074\n|move|p2a: Gengar|Psychic|p1b: Apollo\n|-supereffective|p1b: Apollo\n|-damage|p1b: Apollo|8/334 brn\n|move|p1a: Dewey|Frost Breath|p1b: Apollo\n|-crit|p1b: Apollo\n|-damage|p1b: Apollo|0 fnt\n|faint|p1b: Apollo\n|move|p2b: Muk|Poison Jab|p1a: Dewey\n|debug|Reflect weaken\n|-damage|p1a: Dewey|298/384\n|-status|p1a: Dewey|psn|[from] ability: Poison Touch|[of] p2b: Muk\n|\n|-heal|p1a: Dewey|322/384 psn|[from] item: Leftovers\n|-damage|p1a: Dewey|274/384 psn|[from] psn\n|upkeep\n|c|☆mistermoscow|rip\n|\n|t:|1739026089\n|switch|p1b: Gang Gang|Gengar, M|261/261\n|turn|7\n|-message|mistermoscow forfeited.\n|\n|win|Mattmandaman\n|c|☆mistermoscow|almost taunted gengar turn 1\n|c|☆Mattmandaman|that wouldvd sucked\n|c|☆mistermoscow|another?\n","uploadtime":1739026147,"views":"10","formatid":"gen9doublescustomgame","rating":null,"private":0,"password":null}