{"id":"gen9doublescustomgame-2119295951","format":"[Gen 9] Doubles Custom Game","players":["je64","mattmandaman"],"log":"|j|☆je64\n|j|☆mattmandaman\n|t:|1715034846\n|gametype|doubles\n|player|p1|je64|170|\n|player|p2|mattmandaman|giovanni|\n|teamsize|p1|6\n|teamsize|p2|6\n|gen|9\n|tier|[Gen 9] Doubles Custom Game\n|clearpoke\n|poke|p1|Salamence, F|\n|poke|p1|Ursaluna-Bloodmoon, M|\n|poke|p1|Chi-Yu|\n|poke|p1|Flutter Mane|\n|poke|p1|Great Tusk|\n|poke|p1|Baxcalibur, F|\n|poke|p2|Indeedee-F, F|\n|poke|p2|Deoxys-Attack|\n|poke|p2|Ting-Lu|\n|poke|p2|Kangaskhan, F|\n|poke|p2|Diancie|\n|poke|p2|Marshadow|\n|teampreview\n|j| mistermoscow\n|\n|t:|1715034994\n|start\n|switch|p1a: Great Tusk|Great Tusk|434/434\n|switch|p1b: Yāoguài 妖怪|Ursaluna-Bloodmoon, M|430/430\n|switch|p2a: Ting-Lu|Ting-Lu|514/514\n|switch|p2b: Kangaskhan|Kangaskhan, F|352/352\n|-ability|p2a: Ting-Lu|Vessel of Ruin\n|turn|1\n|\n|t:|1715035025\n|detailschange|p2b: Kangaskhan|Kangaskhan-Mega, F\n|-mega|p2b: Kangaskhan|Kangaskhan|Kangaskhanite\n|-terastallize|p1b: Yāoguài 妖怪|Normal\n|move|p2b: Kangaskhan|Fake Out|p1a: Great Tusk\n|-damage|p1a: Great Tusk|380/434\n|debug|Parental Bond modifier: 0.25\n|-damage|p1a: Great Tusk|368/434\n|debug|move failed because it did nothing\n|-hitcount|p1a: Great Tusk|2\n|cant|p1a: Great Tusk|flinch\n|move|p1b: Yāoguài 妖怪|Hyper Voice|p2a: Ting-Lu|[spread] p2a,p2b\n|debug|Vessel of Ruin SpA drop\n|debug|Spread modifier: 0.75\n|debug|Vessel of Ruin SpA drop\n|debug|Spread modifier: 0.75\n|-damage|p2a: Ting-Lu|380/514\n|-damage|p2b: Kangaskhan|214/352\n|-enditem|p1b: Yāoguài 妖怪|Throat Spray\n|-boost|p1b: Yāoguài 妖怪|spa|1|[from] item: Throat Spray\n|move|p2a: Ting-Lu|Stealth Rock|p1a: Great Tusk\n|-sidestart|p1: je64|move: Stealth Rock\n|\n|upkeep\n|turn|2\n|\n|t:|1715035101\n|move|p2b: Kangaskhan|Power-Up Punch|p1b: Yāoguài 妖怪\n|-supereffective|p1b: Yāoguài 妖怪\n|-damage|p1b: Yāoguài 妖怪|352/430\n|-boost|p2b: Kangaskhan|atk|1\n|debug|Parental Bond modifier: 0.25\n|-supereffective|p1b: Yāoguài 妖怪\n|-damage|p1b: Yāoguài 妖怪|322/430\n|-boost|p2b: Kangaskhan|atk|1\n|-hitcount|p1b: Yāoguài 妖怪|2\n|move|p1a: Great Tusk|Close Combat|p2b: Kangaskhan\n|-supereffective|p2b: Kangaskhan\n|-crit|p2b: Kangaskhan\n|-damage|p2b: Kangaskhan|0 fnt\n|-unboost|p1a: Great Tusk|def|1\n|-unboost|p1a: Great Tusk|spd|1\n|faint|p2b: Kangaskhan\n|-damage|p1a: Great Tusk|325/434|[from] item: Life Orb\n|move|p1b: Yāoguài 妖怪|Blood Moon|p2a: Ting-Lu\n|debug|Vessel of Ruin SpA drop\n|-damage|p2a: Ting-Lu|0 fnt\n|faint|p2a: Ting-Lu\n|\n|upkeep\n|\n|t:|1715035120\n|switch|p2b: Indeedee|Indeedee-F, F|344/344\n|switch|p2a: Deoxys|Deoxys-Attack|241/241\n|-ability|p2a: Deoxys|Pressure\n|-fieldstart|move: Psychic Terrain|[from] ability: Psychic Surge|[of] p2b: Indeedee\n|turn|3\n|c| mistermoscow|timer on plz\n|inactive|Battle timer is ON: inactive players will automatically lose when time's up. (requested by mattmandaman)\n|inactiveoff|Battle timer is now OFF.\n|\n|t:|1715035363\n|switch|p2b: Marshadow|Marshadow|322/322\n|-terastallize|p2a: Deoxys|Psychic\n|move|p2a: Deoxys|Expanding Force|p1b: Yāoguài 妖怪|[spread] p1a,p1b\n|debug|psychic terrain boost\n|debug|terrain buff\n|debug|Spread modifier: 0.75\n|-supereffective|p1a: Great Tusk\n|debug|psychic terrain boost\n|debug|terrain buff\n|debug|Spread modifier: 0.75\n|-damage|p1a: Great Tusk|0 fnt\n|-damage|p1b: Yāoguài 妖怪|0 fnt\n|faint|p1a: Great Tusk\n|-end|p1a: Great Tusk|Protosynthesis|[silent]\n|faint|p1b: Yāoguài 妖怪\n|\n|upkeep\n|\n|t:|1715035408\n|switch|p1a: Salamence|Salamence, F|331/331\n|switch|p1b: Gucci Mane|Flutter Mane|252/252\n|-damage|p1b: Gucci Mane|221/252|[from] Stealth Rock\n|-damage|p1a: Salamence|249/331|[from] Stealth Rock\n|-ability|p1a: Salamence|Intimidate|boost\n|-unboost|p2a: Deoxys|atk|1\n|-unboost|p2b: Marshadow|atk|1\n|turn|4\n|\n|t:|1715035425\n|detailschange|p1a: Salamence|Salamence-Mega, F\n|-mega|p1a: Salamence|Salamence|Salamencite\n|move|p1b: Gucci Mane|Protect|p1b: Gucci Mane\n|-singleturn|p1b: Gucci Mane|Protect\n|move|p2a: Deoxys|Expanding Force|p1b: Gucci Mane|[spread] p1a\n|-activate|p1b: Gucci Mane|move: Protect\n|debug|psychic terrain boost\n|debug|terrain buff\n|debug|Spread modifier: 0.75\n|-damage|p1a: Salamence|0 fnt\n|faint|p1a: Salamence\n|move|p2b: Marshadow|Spectral Thief|p1b: Gucci Mane\n|-activate|p1b: Gucci Mane|move: Protect\n|\n|upkeep\n|\n|t:|1715035436\n|switch|p1a: Shi-Yu In Hell|Chi-Yu|252/252\n|-damage|p1a: Shi-Yu In Hell|189/252|[from] Stealth Rock\n|-ability|p1a: Shi-Yu In Hell|Beads of Ruin\n|turn|5\n|\n|t:|1715035447\n|move|p2a: Deoxys|Expanding Force|p1b: Gucci Mane|[spread] p1b\n|-immune|p1a: Shi-Yu In Hell\n|debug|psychic terrain boost\n|debug|terrain buff\n|debug|Beads of Ruin SpD drop\n|debug|Spread modifier: 0.75\n|-damage|p1b: Gucci Mane|0 fnt\n|faint|p1b: Gucci Mane\n|-end|p1b: Gucci Mane|Protosynthesis|[silent]\n|move|p2b: Marshadow|Drain Punch|p1a: Shi-Yu In Hell\n|debug|Base Power: 75\n|-supereffective|p1a: Shi-Yu In Hell\n|-damage|p1a: Shi-Yu In Hell|0 fnt\n|faint|p1a: Shi-Yu In Hell\n|\n|upkeep\n|\n|t:|1715035456\n|switch|p1b: Baxcalibur|Baxcalibur, F|371/371\n|-damage|p1b: Baxcalibur|279/371|[from] Stealth Rock\n|turn|6\n|\n|t:|1715035461\n|move|p1b: Baxcalibur|Protect|p1b: Baxcalibur\n|-singleturn|p1b: Baxcalibur|Protect\n|move|p2a: Deoxys|Expanding Force|p1b: Baxcalibur\n|-activate|p1b: Baxcalibur|move: Protect\n|move|p2b: Marshadow|Drain Punch|p1b: Baxcalibur\n|-activate|p1b: Baxcalibur|move: Protect\n|\n|upkeep\n|turn|7\n|\n|t:|1715035469\n|move|p1b: Baxcalibur|Protect|p1b: Baxcalibur\n|debug|Success chance: 33%\n|-singleturn|p1b: Baxcalibur|Protect\n|move|p2a: Deoxys|Expanding Force|p1b: Baxcalibur\n|-activate|p1b: Baxcalibur|move: Protect\n|move|p2b: Marshadow|Drain Punch|p1b: Baxcalibur\n|-activate|p1b: Baxcalibur|move: Protect\n|\n|-fieldend|move: Psychic Terrain\n|upkeep\n|turn|8\n|\n|t:|1715035477\n|switch|p2b: Indeedee|Indeedee-F, F|344/344\n|-fieldstart|move: Psychic Terrain|[from] ability: Psychic Surge|[of] p2b: Indeedee\n|move|p1b: Baxcalibur|Ice Shard|p2a: Deoxys\n|-activate|p2a: Deoxys|move: Psychic Terrain\n|move|p2a: Deoxys|Expanding Force|p1b: Baxcalibur\n|debug|psychic terrain boost\n|debug|terrain buff\n|-damage|p1b: Baxcalibur|0 fnt\n|faint|p1b: Baxcalibur\n|\n|win|mattmandaman\n","uploadtime":1715035496,"views":"38","formatid":"gen9doublescustomgame","rating":null,"private":0,"password":null}