{"id":"gen9doublescustomgame-2290153742","format":"[Gen 9] Doubles Custom Game","players":["mistermoscow","Mattmandaman"],"log":"|j|☆mistermoscow\n|j|☆Mattmandaman\n|t:|1738104577\n|gametype|doubles\n|player|p1|mistermoscow|alder|\n|player|p2|Mattmandaman|giovanni|\n|teamsize|p1|6\n|teamsize|p2|6\n|gen|9\n|tier|[Gen 9] Doubles Custom Game\n|clearpoke\n|poke|p1|Clefairy, M|\n|poke|p1|Gengar, M|\n|poke|p1|Kingler, M|\n|poke|p1|Ditto|\n|poke|p1|Jolteon, M|\n|poke|p1|Dragonite, M|\n|poke|p2|Machamp, F|\n|poke|p2|Starmie|\n|poke|p2|Chansey, F|\n|poke|p2|Nidoking, M|\n|poke|p2|Gengar, M|\n|poke|p2|Muk, F|\n|teampreview\n|\n|t:|1738104613\n|start\n|switch|p1a: Sparky|Jolteon, M|271/271\n|switch|p1b: Imp|Ditto|300/300\n|switch|p2a: Gengar|Gengar, M|262/262\n|switch|p2b: Nidoking|Nidoking, M|304/304\n|-item|p1a: Sparky|Air Balloon\n|-transform|p1b: Imp|p2a: Gengar|[from] ability: Imposter\n|turn|1\n|\n|t:|1738104640\n|move|p2b: Nidoking|Earth Power|p1b: Imp\n|-supereffective|p1b: Imp\n|-damage|p1b: Imp|0 fnt\n|-start|p2b: Nidoking|Disable|Earth Power|[from] ability: Cursed Body|[of] p1b: Imp\n|faint|p1b: Imp\n|move|p1a: Sparky|Volt Switch|p2a: Gengar\n|-damage|p2a: Gengar|124/262\n|\n|t:|1738104652\n|switch|p1a: Mister Snips|Kingler, M|252/252|[from] Volt Switch\n|move|p2a: Gengar|Icy Wind|p1a: Mister Snips\n|-resisted|p1a: Mister Snips\n|-crit|p1a: Mister Snips\n|-damage|p1a: Mister Snips|190/252\n|-unboost|p1a: Mister Snips|spe|1\n|\n|upkeep\n|\n|t:|1738104665\n|switch|p1b: Clifford|Clefairy, M|344/344\n|turn|2\n|\n|t:|1738104688\n|switch|p2b: Starmie|Starmie|262/262\n|switch|p1b: Spook|Gengar, M|261/261\n|move|p2a: Gengar|Sludge Bomb|p1a: Mister Snips\n|-damage|p1a: Mister Snips|1/252\n|move|p1a: Mister Snips|Liquidation|p2a: Gengar\n|-damage|p2a: Gengar|0 fnt\n|faint|p2a: Gengar\n|\n|upkeep\n|\n|t:|1738104704\n|switch|p2a: Muk|Muk, F|414/414\n|turn|3\n|raw|<div class=\"broadcast-red\"><b>The server is restarting soon.</b><br />Please finish your battles quickly. No new battles can be started until the server resets in a few minutes.</div>\n|inactive|Battle timer is ON: inactive players will automatically lose when time's up.\n|raw|<div class=\"broadcast-red\"><b>Moderated chat was set to +!</b><br />Only users of rank + and higher can talk.</div>\n|c|☆mistermoscow|lets never end our battle\n|inactive|mistermoscow has 270 seconds left.\n|c|☆mistermoscow|oh auto timer, lame\n|c|☆Mattmandaman|lmao we will never outlast the single stall teams\n|inactive|mistermoscow has 240 seconds left.\n|\n|t:|1738104777\n|switch|p1a: Puff|Dragonite, M|355/355\n|move|p2a: Muk|Shadow Sneak|p1a: Puff\n|-damage|p1a: Puff|311/355\n|move|p2b: Starmie|Psychic|p1b: Spook\n|-supereffective|p1b: Spook\n|-enditem|p1b: Spook|Focus Sash\n|-damage|p1b: Spook|1/261\n|move|p1b: Spook|Will-O-Wisp|p2a: Muk\n|-status|p2a: Muk|brn\n|\n|-heal|p1a: Puff|333/355|[from] item: Leftovers\n|-damage|p2a: Muk|389/414 brn|[from] brn\n|upkeep\n|turn|4\n|\n|t:|1738104798\n|move|p1b: Spook|Protect|p1b: Spook\n|-singleturn|p1b: Spook|Protect\n|move|p2b: Starmie|Icy Wind|p1a: Puff|[spread] p1a\n|-activate|p1b: Spook|move: Protect\n|debug|Spread modifier: 0.75\n|-supereffective|p1a: Puff\n|-damage|p1a: Puff|165/355\n|-unboost|p1a: Puff|spe|1\n|move|p2a: Muk|Ice Punch|p1a: Puff\n|-supereffective|p1a: Puff\n|-damage|p1a: Puff|17/355\n|move|p1a: Puff|Dragon Dance|p1a: Puff\n|-boost|p1a: Puff|atk|1\n|-boost|p1a: Puff|spe|1\n|\n|-heal|p1a: Puff|39/355|[from] item: Leftovers\n|-heal|p2a: Muk|414/414 brn|[from] item: Black Sludge\n|-damage|p2a: Muk|389/414 brn|[from] brn\n|upkeep\n|turn|5\n|\n|t:|1738104826\n|move|p1a: Puff|Extreme Speed|p2b: Starmie\n|-damage|p2b: Starmie|77/262\n|move|p2b: Starmie|Icy Wind|p1b: Spook|[spread] p1a\n|-miss|p2b: Starmie|p1b: Spook\n|debug|Spread modifier: 0.75\n|-supereffective|p1a: Puff\n|-damage|p1a: Puff|0 fnt\n|faint|p1a: Puff\n|move|p1b: Spook|Sludge Bomb|p2b: Starmie\n|-damage|p2b: Starmie|0 fnt\n|faint|p2b: Starmie\n|move|p2a: Muk|Poison Jab|p1b: Spook\n|-resisted|p1b: Spook\n|-damage|p1b: Spook|0 fnt\n|faint|p1b: Spook\n|\n|-heal|p2a: Muk|414/414 brn|[from] item: Black Sludge\n|-damage|p2a: Muk|389/414 brn|[from] brn\n|upkeep\n|\n|t:|1738104848\n|switch|p2b: Nidoking|Nidoking, M|304/304\n|switch|p1b: Mister Snips|Kingler, M|1/252\n|switch|p1a: Clifford|Clefairy, M|344/344\n|turn|6\n|\n|t:|1738104865\n|move|p2b: Nidoking|Sludge Wave|p1a: Clifford|[spread] p2a,p1a,p1b\n|debug|Spread modifier: 0.75\n|-resisted|p2a: Muk\n|debug|Spread modifier: 0.75\n|-supereffective|p1a: Clifford\n|debug|Spread modifier: 0.75\n|debug|Friend Guard weaken\n|-damage|p2a: Muk|317/414 brn\n|-damage|p1a: Clifford|0 fnt\n|-damage|p1b: Mister Snips|0 fnt\n|faint|p1a: Clifford\n|faint|p1b: Mister Snips\n|move|p2a: Muk|Poison Jab|p1: Clifford|[notarget]\n|-fail|p2a: Muk\n|\n|-heal|p2a: Muk|342/414 brn|[from] item: Black Sludge\n|-damage|p2a: Muk|317/414 brn|[from] brn\n|upkeep\n|\n|t:|1738104878\n|switch|p1b: Sparky|Jolteon, M|271/271\n|-item|p1b: Sparky|Air Balloon\n|turn|7\n|\n|t:|1738104884\n|move|p2b: Nidoking|Sludge Wave|p1b: Sparky|[spread] p2a,p1b\n|debug|Spread modifier: 0.75\n|-resisted|p2a: Muk\n|debug|Spread modifier: 0.75\n|-damage|p2a: Muk|248/414 brn\n|-damage|p1b: Sparky|136/271\n|-enditem|p1b: Sparky|Air Balloon\n|move|p1b: Sparky|Shadow Ball|p2b: Nidoking\n|-damage|p2b: Nidoking|187/304\n|move|p2a: Muk|Poison Jab|p1b: Sparky\n|-damage|p1b: Sparky|31/271\n|-status|p1b: Sparky|psn|[from] ability: Poison Touch|[of] p2a: Muk\n|\n|-heal|p2a: Muk|273/414 brn|[from] item: Black Sludge\n|-damage|p1b: Sparky|0 fnt|[from] psn\n|faint|p1b: Sparky\n|\n|win|Mattmandaman\n|upkeep\n|c|☆mistermoscow|lame\n|c|☆mistermoscow|gg\n","uploadtime":1738104909,"views":"20","formatid":"gen9doublescustomgame","rating":null,"private":0,"password":null}