{"id":"gen9doublescustomgame-2297058726","format":"[Gen 9] Doubles Custom Game","players":["je64","Mattmandaman"],"log":"|j|☆je64\n|j|☆Mattmandaman\n|t:|1739052995\n|gametype|doubles\n|player|p1|je64|102|\n|player|p2|Mattmandaman|giovanni|\n|teamsize|p1|6\n|teamsize|p2|6\n|gen|9\n|tier|[Gen 9] Doubles Custom Game\n|clearpoke\n|poke|p1|Dugtrio, F|\n|poke|p1|Dewgong, M|\n|poke|p1|Exeggutor, F|\n|poke|p1|Electabuzz, F|\n|poke|p1|Magmar, F|\n|poke|p1|Venomoth, F|\n|poke|p2|Dodrio, M|\n|poke|p2|Nidoking, M|\n|poke|p2|Starmie|\n|poke|p2|Nidoqueen, F|\n|poke|p2|Chansey, F|\n|poke|p2|Gengar, F|\n|teampreview\n|j| mistermoscow\n|\n|t:|1739053028\n|start\n|switch|p1a: Shai-Hulud|Dugtrio, F|212/212\n|switch|p1b: Dude Thong|Dewgong, M|384/384\n|switch|p2a: Dodrio|Dodrio, M|262/262\n|switch|p2b: Nidoqueen|Nidoqueen, F|384/384\n|turn|1\n|\n|t:|1739053056\n|move|p1b: Dude Thong|Fake Out|p2b: Nidoqueen\n|-damage|p2b: Nidoqueen|363/384\n|move|p1a: Shai-Hulud|Swords Dance|p1a: Shai-Hulud\n|-boost|p1a: Shai-Hulud|atk|2\n|move|p2a: Dodrio|Brave Bird|p1a: Shai-Hulud\n|-enditem|p1a: Shai-Hulud|Focus Sash\n|-damage|p1a: Shai-Hulud|1/212\n|-damage|p2a: Dodrio|192/262|[from] Recoil\n|cant|p2b: Nidoqueen|flinch\n|\n|-heal|p2b: Nidoqueen|384/384|[from] item: Black Sludge\n|upkeep\n|turn|2\n|\n|t:|1739053078\n|move|p1a: Shai-Hulud|Dig||[still]\n|-prepare|p1a: Shai-Hulud|Dig\n|move|p2a: Dodrio|Tailwind|p2a: Dodrio\n|-sidestart|p2: Mattmandaman|move: Tailwind\n|move|p2b: Nidoqueen|Stealth Rock|p1b: Dude Thong\n|-sidestart|p1: je64|move: Stealth Rock\n|move|p1b: Dude Thong|Triple Axel|p2a: Dodrio\n|-supereffective|p2a: Dodrio\n|-damage|p2a: Dodrio|142/262\n|-supereffective|p2a: Dodrio\n|-damage|p2a: Dodrio|46/262\n|-supereffective|p2a: Dodrio\n|-damage|p2a: Dodrio|0 fnt\n|faint|p2a: Dodrio\n|-hitcount|p2: Dodrio|3\n|\n|upkeep\n|j| noli_cannoli10\n|\n|t:|1739053108\n|switch|p2a: Gengar|Gengar, F|262/262\n|debug|natural status immunity\n|turn|3\n|\n|t:|1739053114\n|move|p2a: Gengar|Protect|p2a: Gengar\n|-singleturn|p2a: Gengar|Protect\n|move|p2b: Nidoqueen|Protect|p2b: Nidoqueen\n|-singleturn|p2b: Nidoqueen|Protect\n|move|p1a: Shai-Hulud|Dig|p2b: Nidoqueen|[from] lockedmove\n|-activate|p2b: Nidoqueen|move: Protect\n|move|p1b: Dude Thong|Knock Off|p2a: Gengar\n|-activate|p2a: Gengar|move: Protect\n|\n|upkeep\n|debug|natural status immunity\n|turn|4\n|\n|t:|1739053137\n|move|p2a: Gengar|Will-O-Wisp|p1b: Dude Thong\n|-status|p1b: Dude Thong|brn\n|move|p1a: Shai-Hulud|Dig||[still]\n|-prepare|p1a: Shai-Hulud|Dig\n|move|p1b: Dude Thong|Triple Axel|p2b: Nidoqueen\n|-supereffective|p2b: Nidoqueen\n|-damage|p2b: Nidoqueen|368/384\n|-supereffective|p2b: Nidoqueen\n|-damage|p2b: Nidoqueen|337/384\n|-supereffective|p2b: Nidoqueen\n|-damage|p2b: Nidoqueen|292/384\n|-hitcount|p2b: Nidoqueen|3\n|move|p2b: Nidoqueen|Roar|p1a: Shai-Hulud|[miss]\n|-miss|p2b: Nidoqueen|p1a: Shai-Hulud\n|\n|-heal|p2b: Nidoqueen|316/384|[from] item: Black Sludge\n|-damage|p1b: Dude Thong|360/384 brn|[from] brn\n|upkeep\n|debug|natural status immunity\n|turn|5\n|\n|t:|1739053179\n|move|p2a: Gengar|Protect|p2a: Gengar\n|-singleturn|p2a: Gengar|Protect\n|move|p2b: Nidoqueen|Protect|p2b: Nidoqueen\n|-singleturn|p2b: Nidoqueen|Protect\n|move|p1a: Shai-Hulud|Dig|p2a: Gengar|[from] lockedmove\n|-activate|p2a: Gengar|move: Protect\n|move|p1b: Dude Thong|Flip Turn|p2b: Nidoqueen\n|-activate|p2b: Nidoqueen|move: Protect\n|\n|-heal|p2b: Nidoqueen|340/384|[from] item: Black Sludge\n|-damage|p1b: Dude Thong|336/384 brn|[from] brn\n|-sideend|p2: Mattmandaman|move: Tailwind\n|upkeep\n|debug|natural status immunity\n|turn|6\n|\n|t:|1739053212\n|switch|p1b: Venomoth|Venomoth, F|281/281\n|-damage|p1b: Venomoth|211/281|[from] Stealth Rock\n|move|p1a: Shai-Hulud|Dig||[still]\n|-prepare|p1a: Shai-Hulud|Dig\n|move|p2a: Gengar|Will-O-Wisp|p1a: Shai-Hulud|[miss]\n|-miss|p2a: Gengar|p1a: Shai-Hulud\n|move|p2b: Nidoqueen|Poison Jab|p1b: Venomoth\n|-resisted|p1b: Venomoth\n|-damage|p1b: Venomoth|139/281\n|debug|natural status immunity\n|debug|immune to status\n|debug|move failed because it did nothing\n|\n|-heal|p2b: Nidoqueen|364/384|[from] item: Black Sludge\n|upkeep\n|debug|natural status immunity\n|turn|7\n|\n|t:|1739053237\n|move|p1a: Shai-Hulud|Dig|p2b: Nidoqueen|[from] lockedmove\n|-supereffective|p2b: Nidoqueen\n|-damage|p2b: Nidoqueen|0 fnt\n|-status|p1a: Shai-Hulud|psn|[from] ability: Poison Point|[of] p2b: Nidoqueen\n|faint|p2b: Nidoqueen\n|move|p2a: Gengar|Psychic|p1b: Venomoth\n|-supereffective|p1b: Venomoth\n|-damage|p1b: Venomoth|0 fnt\n|faint|p1b: Venomoth\n|\n|-damage|p1a: Shai-Hulud|0 fnt|[from] psn\n|faint|p1a: Shai-Hulud\n|upkeep\n|\n|t:|1739053263\n|switch|p1a: Myagmar|Magmar, F|334/334\n|switch|p1b: Dude Thong|Dewgong, M|336/384 brn\n|switch|p2b: Chansey|Chansey, F|642/642\n|-damage|p1a: Myagmar|251/334|[from] Stealth Rock\n|-damage|p1b: Dude Thong|240/384 brn|[from] Stealth Rock\n|turn|8\n|\n|t:|1739053292\n|move|p2a: Gengar|Sludge Bomb|p1a: Myagmar\n|-damage|p1a: Myagmar|131/334\n|move|p1a: Myagmar|Sunny Day|p1a: Myagmar\n|-weather|SunnyDay\n|move|p1b: Dude Thong|Knock Off|p2b: Chansey\n|-damage|p2b: Chansey|600/642\n|-enditem|p2b: Chansey|Eviolite|[from] move: Knock Off|[of] p1b: Dude Thong\n|move|p2b: Chansey|Seismic Toss|p1a: Myagmar\n|-damage|p1a: Myagmar|31/334\n|-status|p2b: Chansey|brn|[from] ability: Flame Body|[of] p1a: Myagmar\n|\n|-weather|SunnyDay|[upkeep]\n|-damage|p1b: Dude Thong|216/384 brn|[from] brn\n|-damage|p2b: Chansey|560/642 brn|[from] brn\n|upkeep\n|turn|9\n|\n|t:|1739053346\n|move|p2a: Gengar|Protect|p2a: Gengar\n|-singleturn|p2a: Gengar|Protect\n|move|p1a: Myagmar|Overheat|p2a: Gengar\n|-activate|p2a: Gengar|move: Protect\n|move|p1b: Dude Thong|Knock Off|p2a: Gengar\n|-activate|p2a: Gengar|move: Protect\n|move|p2b: Chansey|Teleport|p2b: Chansey\n|\n|t:|1739053356\n|-curestatus|p2b: Chansey|brn|[from] ability: Natural Cure\n|switch|p2b: Starmie|Starmie|262/262|[from] Teleport\n|\n|-weather|SunnyDay|[upkeep]\n|-damage|p1b: Dude Thong|192/384 brn|[from] brn\n|upkeep\n|turn|10\n|\n|t:|1739053377\n|switch|p2a: Chansey|Chansey, F|560/642\n|move|p2b: Starmie|Psychic|p1a: Myagmar\n|-damage|p1a: Myagmar|0 fnt\n|faint|p1a: Myagmar\n|move|p1b: Dude Thong|Knock Off|p2a: Chansey\n|-damage|p2a: Chansey|516/642\n|\n|-weather|SunnyDay|[upkeep]\n|-damage|p1b: Dude Thong|168/384 brn|[from] brn\n|upkeep\n|\n|t:|1739053386\n|switch|p1a: San Ti Ren 三体人|Exeggutor, F|332/332\n|-damage|p1a: San Ti Ren 三体人|291/332|[from] Stealth Rock\n|turn|11\n|\n|t:|1739053415\n|switch|p1b: Buzz Lightyear|Electabuzz, F|334/334\n|-damage|p1b: Buzz Lightyear|293/334|[from] Stealth Rock\n|move|p1a: San Ti Ren 三体人|Giga Drain|p2b: Starmie\n|-supereffective|p2b: Starmie\n|-damage|p2b: Starmie|64/262\n|-heal|p1a: San Ti Ren 三体人|332/332|[from] drain|[of] p2b: Starmie\n|move|p2b: Starmie|Icy Wind|p1a: San Ti Ren 三体人|[spread] p1a,p1b\n|debug|Spread modifier: 0.75\n|-supereffective|p1a: San Ti Ren 三体人\n|debug|Spread modifier: 0.75\n|-damage|p1a: San Ti Ren 三体人|228/332\n|-damage|p1b: Buzz Lightyear|265/334\n|-unboost|p1a: San Ti Ren 三体人|spe|1\n|-unboost|p1b: Buzz Lightyear|spe|1\n|move|p2a: Chansey|Thunder Wave|p1a: San Ti Ren 三体人\n|-status|p1a: San Ti Ren 三体人|par\n|\n|-weather|SunnyDay|[upkeep]\n|upkeep\n|turn|12\n|\n|t:|1739053476\n|move|p2b: Starmie|Psychic|p1b: Buzz Lightyear\n|-damage|p1b: Buzz Lightyear|177/334\n|move|p1b: Buzz Lightyear|Volt Switch|p2b: Starmie\n|-supereffective|p2b: Starmie\n|-damage|p2b: Starmie|0 fnt\n|faint|p2b: Starmie\n|\n|t:|1739053483\n|switch|p1b: Dude Thong|Dewgong, M|168/384 brn|[from] Volt Switch\n|-damage|p1b: Dude Thong|72/384 brn|[from] Stealth Rock\n|move|p1a: San Ti Ren 三体人|Sleep Powder|p2a: Chansey|[miss]\n|-miss|p1a: San Ti Ren 三体人|p2a: Chansey\n|move|p2a: Chansey|Seismic Toss|p1b: Dude Thong\n|-damage|p1b: Dude Thong|0 fnt\n|faint|p1b: Dude Thong\n|\n|-weather|none\n|upkeep\n|\n|t:|1739053499\n|switch|p2b: Nidoking|Nidoking, M|304/304\n|switch|p1b: Buzz Lightyear|Electabuzz, F|177/334\n|-damage|p1b: Buzz Lightyear|136/334|[from] Stealth Rock\n|turn|13\n|\n|t:|1739053513\n|move|p1b: Buzz Lightyear|Follow Me|p1b: Buzz Lightyear\n|-singleturn|p1b: Buzz Lightyear|move: Follow Me\n|move|p2b: Nidoking|Sludge Wave|p1a: San Ti Ren 三体人|[spread] p2a,p1a,p1b\n|debug|Spread modifier: 0.75\n|-crit|p2a: Chansey\n|debug|Spread modifier: 0.75\n|-supereffective|p1a: San Ti Ren 三体人\n|debug|Spread modifier: 0.75\n|-damage|p2a: Chansey|320/642\n|-damage|p1a: San Ti Ren 三体人|0 fnt\n|-damage|p1b: Buzz Lightyear|7/334\n|faint|p1a: San Ti Ren 三体人\n|move|p2a: Chansey|Seismic Toss|p1b: Buzz Lightyear\n|debug|Follow Me redirected target of move\n|-damage|p1b: Buzz Lightyear|0 fnt\n|faint|p1b: Buzz Lightyear\n|\n|win|Mattmandaman\n","uploadtime":1739053527,"views":"17","formatid":"gen9doublescustomgame","rating":null,"private":0,"password":null}