{"id":"gen9doublescustomgame-2373878838","format":"[Gen 9] Doubles Custom Game","players":["mistermoscow","Mattmandaman"],"log":"|j|☆mistermoscow\n|j|☆Mattmandaman\n|t:|1748458781\n|gametype|doubles\n|player|p1|mistermoscow|alder|\n|player|p2|Mattmandaman|giovanni|\n|teamsize|p1|6\n|teamsize|p2|6\n|gen|9\n|tier|[Gen 9] Doubles Custom Game\n|clearpoke\n|poke|p1|Clefairy, M|\n|poke|p1|Primeape, M|\n|poke|p1|Exeggutor, M|\n|poke|p1|Mr. Mime, M|\n|poke|p1|Jolteon, M|\n|poke|p1|Dragonite, M|\n|poke|p2|Dodrio, F|\n|poke|p2|Nidoking, M|\n|poke|p2|Starmie|\n|poke|p2|Nidoqueen, F|\n|poke|p2|Chansey, F|\n|poke|p2|Gengar, M|\n|teampreview\n|\n|t:|1748458823\n|start\n|switch|p1a: Mimsy|Mr. Mime, M|284/284\n|switch|p1b: Eggman|Exeggutor, M|332/332\n|switch|p2a: Nidoqueen|Nidoqueen, F|384/384\n|switch|p2b: Gengar|Gengar, M|262/262\n|turn|1\n|\n|t:|1748458843\n|move|p1a: Mimsy|Follow Me|p1a: Mimsy\n|-singleturn|p1a: Mimsy|move: Follow Me\n|move|p2b: Gengar|Sludge Bomb|p1a: Mimsy\n|debug|Follow Me redirected target of move\n|-supereffective|p1a: Mimsy\n|debug|Filter neutralize\n|-enditem|p1a: Mimsy|Kebia Berry|[eat]\n|debug|-50% reduction\n|-enditem|p1a: Mimsy|Kebia Berry|[weaken]\n|-damage|p1a: Mimsy|176/284\n|move|p1b: Eggman|Psychic Terrain|p1b: Eggman\n|-fieldstart|move: Psychic Terrain\n|move|p2a: Nidoqueen|Stealth Rock|p1a: Mimsy\n|-sidestart|p1: mistermoscow|move: Stealth Rock\n|\n|upkeep\n|turn|2\n|\n|t:|1748458860\n|switch|p2a: Chansey|Chansey, F|642/642\n|move|p1a: Mimsy|Follow Me|p1a: Mimsy\n|-singleturn|p1a: Mimsy|move: Follow Me\n|move|p2b: Gengar|Sludge Bomb|p1a: Mimsy\n|debug|Follow Me redirected target of move\n|-supereffective|p1a: Mimsy\n|debug|Filter neutralize\n|-damage|p1a: Mimsy|0 fnt\n|faint|p1a: Mimsy\n|move|p1b: Eggman|Expanding Force|p2a: Chansey|[spread] p2a,p2b\n|debug|psychic terrain boost\n|debug|terrain buff\n|debug|Spread modifier: 0.75\n|debug|psychic terrain boost\n|debug|terrain buff\n|debug|Spread modifier: 0.75\n|-supereffective|p2b: Gengar\n|-damage|p2a: Chansey|502/642\n|-enditem|p2b: Gengar|Focus Sash\n|-damage|p2b: Gengar|1/262\n|-damage|p1b: Eggman|299/332|[from] item: Life Orb\n|\n|upkeep\n|l|☆Mattmandaman\n|player|p2|\n|\n|t:|1748458880\n|switch|p1a: Sparky|Jolteon, M|271/271\n|-damage|p1a: Sparky|238/271|[from] Stealth Rock\n|turn|3\n|j|☆Mattmandaman\n|player|p2|Mattmandaman|giovanni|\n|\n|t:|1748458958\n|move|p2b: Gengar|Protect|p2b: Gengar\n|-singleturn|p2b: Gengar|Protect\n|move|p1a: Sparky|Sunny Day|p1a: Sparky\n|-weather|SunnyDay\n|move|p1b: Eggman|Expanding Force|p2b: Gengar|[spread] p2a\n|-activate|p2b: Gengar|move: Protect\n|debug|psychic terrain boost\n|debug|terrain buff\n|debug|Spread modifier: 0.75\n|-damage|p2a: Chansey|362/642\n|-damage|p1b: Eggman|266/332|[from] item: Life Orb\n|move|p2a: Chansey|Teleport|p2a: Chansey\n|\n|t:|1748459045\n|switch|p2a: Dodrio|Dodrio, F|262/262|[from] Teleport\n|\n|-weather|SunnyDay|[upkeep]\n|upkeep\n|turn|4\n|\n|t:|1748459072\n|move|p2a: Dodrio|Protect|p2a: Dodrio\n|-singleturn|p2a: Dodrio|Protect\n|move|p1b: Eggman|Expanding Force|p2a: Dodrio|[spread] p2b\n|-activate|p2a: Dodrio|move: Protect\n|debug|psychic terrain boost\n|debug|terrain buff\n|debug|Spread modifier: 0.75\n|-supereffective|p2b: Gengar\n|-damage|p2b: Gengar|0 fnt\n|faint|p2b: Gengar\n|-damage|p1b: Eggman|233/332|[from] item: Life Orb\n|move|p1a: Sparky|Electroweb|p2a: Dodrio\n|-activate|p2a: Dodrio|move: Protect\n|\n|-weather|SunnyDay|[upkeep]\n|upkeep\n|\n|t:|1748459098\n|switch|p2b: Nidoking|Nidoking, M|304/304\n|turn|5\n|\n|t:|1748459116\n|switch|p2a: Chansey|Chansey, F|362/642\n|move|p1b: Eggman|Protect|p1b: Eggman\n|-singleturn|p1b: Eggman|Protect\n|move|p2b: Nidoking|Sludge Wave|p1b: Eggman|[spread] p2a,p1a\n|-activate|p1b: Eggman|move: Protect\n|debug|Spread modifier: 0.75\n|debug|Spread modifier: 0.75\n|-damage|p2a: Chansey|301/642\n|-damage|p1a: Sparky|93/271\n|move|p1a: Sparky|Electroweb|p2a: Chansey|[spread] p2a\n|-immune|p2b: Nidoking\n|debug|Spread modifier: 0.75\n|-damage|p2a: Chansey|274/642\n|-unboost|p2a: Chansey|spe|1\n|\n|-weather|SunnyDay|[upkeep]\n|-fieldend|move: Psychic Terrain\n|upkeep\n|turn|6\n|\n|t:|1748459132\n|move|p1b: Eggman|Expanding Force|p2b: Nidoking\n|-supereffective|p2b: Nidoking\n|-damage|p2b: Nidoking|0 fnt\n|faint|p2b: Nidoking\n|-damage|p1b: Eggman|200/332|[from] item: Life Orb\n|move|p1a: Sparky|Light Screen|p1a: Sparky\n|-sidestart|p1: mistermoscow|move: Light Screen\n|move|p2a: Chansey|Soft-Boiled|p2a: Chansey\n|-heal|p2a: Chansey|595/642\n|\n|-weather|SunnyDay|[upkeep]\n|upkeep\n|\n|t:|1748459149\n|switch|p2b: Dodrio|Dodrio, F|262/262\n|turn|7\n|\n|t:|1748459183\n|move|p1b: Eggman|Protect|p1b: Eggman\n|-singleturn|p1b: Eggman|Protect\n|move|p2b: Dodrio|Protect|p2b: Dodrio\n|-singleturn|p2b: Dodrio|Protect\n|move|p1a: Sparky|Electroweb|p2a: Chansey|[spread] p2a\n|-activate|p2b: Dodrio|move: Protect\n|debug|Spread modifier: 0.75\n|-damage|p2a: Chansey|567/642\n|-unboost|p2a: Chansey|spe|1\n|move|p2a: Chansey|Seismic Toss|p1a: Sparky\n|-damage|p1a: Sparky|0 fnt\n|faint|p1a: Sparky\n|\n|-weather|none\n|upkeep\n|\n|t:|1748459207\n|switch|p1a: Clifford|Clefairy, M|282/282\n|-damage|p1a: Clifford|247/282|[from] Stealth Rock\n|turn|8\n|\n|t:|1748459240\n|move|p1a: Clifford|Follow Me|p1a: Clifford\n|-singleturn|p1a: Clifford|move: Follow Me\n|move|p2b: Dodrio|Taunt|p1a: Clifford\n|debug|Follow Me redirected target of move\n|-start|p1a: Clifford|move: Taunt\n|move|p1b: Eggman|Expanding Force|p2b: Dodrio\n|-damage|p2b: Dodrio|0 fnt\n|faint|p2b: Dodrio\n|-damage|p1b: Eggman|167/332|[from] item: Life Orb\n|move|p2a: Chansey|Teleport|p2a: Chansey\n|\n|t:|1748459251\n|switch|p2a: Nidoqueen|Nidoqueen, F|384/384|[from] Teleport\n|\n|upkeep\n|\n|t:|1748459258\n|switch|p2b: Starmie|Starmie|262/262\n|turn|9\n|\n|t:|1748459271\n|switch|p1b: Apollo|Primeape, M|271/271\n|-damage|p1b: Apollo|255/271|[from] Stealth Rock\n|switch|p1a: Puff Daddy|Dragonite, M|324/324\n|-damage|p1a: Puff Daddy|243/324|[from] Stealth Rock\n|move|p2b: Starmie|Ice Beam|p1b: Apollo\n|debug|Light Screen weaken\n|-damage|p1b: Apollo|206/271\n|move|p2a: Nidoqueen|Poison Jab|p1b: Apollo\n|-damage|p1b: Apollo|127/271\n|\n|upkeep\n|turn|10\n|\n|t:|1748459301\n|switch|p1a: Clifford|Clefairy, M|247/282\n|-damage|p1a: Clifford|212/282|[from] Stealth Rock\n|move|p2b: Starmie|Ice Beam|p1a: Clifford\n|debug|Light Screen weaken\n|-damage|p1a: Clifford|171/282\n|move|p1b: Apollo|Rage Fist|p2b: Starmie\n|-supereffective|p2b: Starmie\n|-damage|p2b: Starmie|0 fnt\n|faint|p2b: Starmie\n|move|p2a: Nidoqueen|Poison Jab|p1b: Apollo\n|debug|Friend Guard weaken\n|-damage|p1b: Apollo|70/271\n|-status|p1b: Apollo|psn\n|\n|-damage|p1b: Apollo|37/271 psn|[from] psn\n|upkeep\n|\n|t:|1748459317\n|switch|p2b: Chansey|Chansey, F|567/642\n|turn|11\n|\n|t:|1748459341\n|move|p1b: Apollo|Drain Punch|p2b: Chansey\n|-supereffective|p2b: Chansey\n|-crit|p2b: Chansey\n|-damage|p2b: Chansey|43/642\n|-heal|p1b: Apollo|271/271 psn|[from] drain|[of] p2b: Chansey\n|move|p2a: Nidoqueen|Poison Jab|p1b: Apollo\n|debug|Friend Guard weaken\n|-damage|p1b: Apollo|210/271 psn\n|debug|move failed because it did nothing\n|move|p2b: Chansey|Seismic Toss|p1b: Apollo\n|-damage|p1b: Apollo|110/271 psn\n|move|p1a: Clifford|Heal Pulse|p1b: Apollo\n|-heal|p1b: Apollo|246/271 psn\n|\n|-damage|p1b: Apollo|213/271 psn|[from] psn\n|upkeep\n|turn|12\n|\n|t:|1748459364\n|move|p1b: Apollo|Rage Fist|p2a: Nidoqueen\n|-damage|p2a: Nidoqueen|118/384\n|move|p2a: Nidoqueen|Poison Jab|p1a: Clifford\n|-supereffective|p1a: Clifford\n|-damage|p1a: Clifford|25/282\n|move|p1a: Clifford|Sunny Day|p1a: Clifford\n|-weather|SunnyDay\n|move|p2b: Chansey|Teleport||[still]\n|-fail|p2b: Chansey\n|\n|-weather|SunnyDay|[upkeep]\n|-heal|p2a: Nidoqueen|142/384|[from] item: Black Sludge\n|-damage|p1b: Apollo|180/271 psn|[from] psn\n|upkeep\n|turn|13\n|\n|t:|1748459381\n|move|p1b: Apollo|Facade|p2a: Nidoqueen\n|-crit|p2a: Nidoqueen\n|-damage|p2a: Nidoqueen|0 fnt\n|faint|p2a: Nidoqueen\n|move|p1a: Clifford|Heal Pulse|p1b: Apollo\n|-heal|p1b: Apollo|271/271 psn\n|move|p2b: Chansey|Teleport||[still]\n|-fail|p2b: Chansey\n|\n|-weather|SunnyDay|[upkeep]\n|-damage|p1b: Apollo|238/271 psn|[from] psn\n|-sideend|p1: mistermoscow|move: Light Screen\n|upkeep\n|turn|14\n|\n|t:|1748459395\n|move|p1b: Apollo|Bulk Up|p1b: Apollo\n|-boost|p1b: Apollo|atk|1\n|-boost|p1b: Apollo|def|1\n|move|p2b: Chansey|Seismic Toss|p1b: Apollo\n|-damage|p1b: Apollo|138/271 psn\n|move|p1a: Clifford|Heal Pulse|p2b: Chansey\n|-heal|p2b: Chansey|364/642\n|\n|-weather|SunnyDay|[upkeep]\n|-damage|p1b: Apollo|105/271 psn|[from] psn\n|upkeep\n|turn|15\n|\n|t:|1748459414\n|move|p1b: Apollo|Drain Punch|p2b: Chansey\n|-supereffective|p2b: Chansey\n|-damage|p2b: Chansey|0 fnt\n|-heal|p1b: Apollo|271/271 psn|[from] drain|[of] p2b: Chansey\n|faint|p2b: Chansey\n|\n|win|mistermoscow\n","uploadtime":1748459422,"views":"11","formatid":"gen9doublescustomgame","rating":null,"private":0,"password":null}