{"id":"gen9doublescustomgame-2017926301","format":"[Gen 9] Doubles Custom Game","players":["je64","mattmandaman"],"log":"|j|☆je64\n|j|☆mattmandaman\n|t:|1703292446\n|gametype|doubles\n|player|p1|je64|2|\n|player|p2|mattmandaman|giovanni|\n|teamsize|p1|6\n|teamsize|p2|6\n|gen|9\n|tier|[Gen 9] Doubles Custom Game\n|clearpoke\n|poke|p1|Dragonite, F|\n|poke|p1|Cresselia, F|\n|poke|p1|Enamorus, F|\n|poke|p1|Basculegion, M|\n|poke|p1|Magearna|\n|poke|p1|Chien-Pao|\n|poke|p2|Zeraora|\n|poke|p2|Porygon2|\n|poke|p2|Rillaboom, M|\n|poke|p2|Zygarde|\n|poke|p2|Tornadus, M|\n|poke|p2|Marshadow|\n|teampreview\n|j| Weedichu\n|\n|t:|1703292487\n|start\n|switch|p1a: Yaaasss Queen|Enamorus, F|290/290\n|switch|p1b: Chi chi san|Chien-Pao|301/301\n|switch|p2a: Zeraora|Zeraora|380/380\n|switch|p2b: Marshadow|Marshadow|322/322\n|-ability|p1b: Chi chi san|Sword of Ruin\n|turn|1\n|\n|t:|1703292523\n|move|p1b: Chi chi san|Protect|p1b: Chi chi san\n|-singleturn|p1b: Chi chi san|Protect\n|move|p2a: Zeraora|Fake Out|p1a: Yaaasss Queen\n|debug|Sword of Ruin Def drop\n|-damage|p1a: Yaaasss Queen|231/290\n|cant|p1a: Yaaasss Queen|flinch\n|move|p2b: Marshadow|Drain Punch|p1b: Chi chi san\n|-activate|p1b: Chi chi san|move: Protect\n|\n|upkeep\n|turn|2\n|\n|t:|1703292567\n|switch|p2b: Porygon2|Porygon2|374/374\n|-ability|p2b: Porygon2|Sword of Ruin\n|-ability|p2b: Porygon2|Sword of Ruin|[from] ability: Trace|[of] p1b: Chi chi san\n|move|p1b: Chi chi san|Sucker Punch|p2a: Zeraora\n|debug|Sword of Ruin Def drop\n|-damage|p2a: Zeraora|152/380\n|-enditem|p2a: Zeraora|Sitrus Berry|[eat]\n|-heal|p2a: Zeraora|247/380|[from] item: Sitrus Berry\n|move|p1a: Yaaasss Queen|Play Rough|p2b: Porygon2\n|-damage|p2b: Porygon2|266/374\n|move|p2a: Zeraora|Volt Switch|p1a: Yaaasss Queen\n|-supereffective|p1a: Yaaasss Queen\n|-damage|p1a: Yaaasss Queen|13/290\n|\n|t:|1703292588\n|switch|p2a: Marshadow|Marshadow|322/322|[from] Volt Switch\n|\n|upkeep\n|turn|3\n|\n|t:|1703292597\n|move|p1b: Chi chi san|Sucker Punch|p2a: Marshadow\n|debug|Sword of Ruin Def drop\n|-damage|p2a: Marshadow|105/322\n|move|p2a: Marshadow|Shadow Sneak|p1a: Yaaasss Queen\n|debug|Base Power: 40\n|debug|Technician boost\n|debug|Sword of Ruin Def drop\n|-damage|p1a: Yaaasss Queen|0 fnt\n|faint|p1a: Yaaasss Queen\n|move|p2b: Porygon2|Icy Wind|p1b: Chi chi san\n|-resisted|p1b: Chi chi san\n|-damage|p1b: Chi chi san|271/301\n|-unboost|p1b: Chi chi san|spe|1\n|\n|upkeep\n|\n|t:|1703292654\n|switch|p1a: I Ma-gearna kill u|Magearna|364/364\n|turn|4\n|\n|t:|1703292679\n|move|p2a: Marshadow|Protect|p2a: Marshadow\n|-singleturn|p2a: Marshadow|Protect\n|move|p1b: Chi chi san|Swords Dance|p1b: Chi chi san\n|-boost|p1b: Chi chi san|atk|2\n|move|p1a: I Ma-gearna kill u|Agility|p1a: I Ma-gearna kill u\n|-boost|p1a: I Ma-gearna kill u|spe|2\n|move|p2b: Porygon2|Teleport|p2b: Porygon2\n|\n|t:|1703292700\n|switch|p2b: Tornadus|Tornadus, M|300/300|[from] Teleport\n|\n|upkeep\n|turn|5\n|\n|t:|1703292776\n|move|p2b: Tornadus|Tailwind|p2b: Tornadus\n|-sidestart|p2: mattmandaman|move: Tailwind\n|move|p2a: Marshadow|Drain Punch|p1b: Chi chi san\n|debug|Base Power: 75\n|-supereffective|p1b: Chi chi san\n|-damage|p1b: Chi chi san|0 fnt\n|-heal|p2a: Marshadow|241/322|[from] drain|[of] p1b: Chi chi san\n|faint|p1b: Chi chi san\n|-ability|p1a: I Ma-gearna kill u|Soul-Heart|boost\n|-boost|p1a: I Ma-gearna kill u|spa|1\n|move|p1a: I Ma-gearna kill u|Dazzling Gleam|p2b: Tornadus|[spread] p2a,p2b\n|debug|Spread modifier: 0.75\n|-supereffective|p2a: Marshadow\n|debug|Spread modifier: 0.75\n|-damage|p2a: Marshadow|0 fnt\n|-damage|p2b: Tornadus|126/300\n|faint|p2a: Marshadow\n|-ability|p1a: I Ma-gearna kill u|Soul-Heart|boost\n|-boost|p1a: I Ma-gearna kill u|spa|1\n|\n|upkeep\n|\n|t:|1703292824\n|switch|p1b: Nolan's Bane|Cresselia, F|444/444\n|switch|p2a: Zygarde|Zygarde|420/420\n|-ability|p2a: Zygarde|Aura Break\n|turn|6\n|\n|t:|1703292857\n|-terastallize|p2a: Zygarde|Steel\n|move|p2b: Tornadus|Leer|p1b: Nolan's Bane|[spread] p1a,p1b\n|-unboost|p1a: I Ma-gearna kill u|def|1\n|-unboost|p1b: Nolan's Bane|def|1\n|move|p2a: Zygarde|Thousand Arrows|p1b: Nolan's Bane|[spread] p1a,p1b\n|debug|Spread modifier: 0.75\n|-supereffective|p1a: I Ma-gearna kill u\n|debug|Spread modifier: 0.75\n|-damage|p1a: I Ma-gearna kill u|82/364\n|-damage|p1b: Nolan's Bane|333/444\n|-start|p1b: Nolan's Bane|Smack Down\n|move|p1a: I Ma-gearna kill u|Dazzling Gleam|p2b: Tornadus|[spread] p2a,p2b\n|debug|Spread modifier: 0.75\n|-resisted|p2a: Zygarde\n|debug|Spread modifier: 0.75\n|-damage|p2a: Zygarde|304/420\n|-damage|p2b: Tornadus|0 fnt\n|faint|p2b: Tornadus\n|-ability|p1a: I Ma-gearna kill u|Soul-Heart|boost\n|-boost|p1a: I Ma-gearna kill u|spa|1\n|move|p1b: Nolan's Bane|Calm Mind|p1b: Nolan's Bane\n|-boost|p1b: Nolan's Bane|spa|1\n|-boost|p1b: Nolan's Bane|spd|1\n|\n|-heal|p2a: Zygarde|330/420|[from] item: Leftovers\n|-heal|p1a: I Ma-gearna kill u|104/364|[from] item: Leftovers\n|-heal|p1b: Nolan's Bane|360/444|[from] item: Leftovers\n|upkeep\n|\n|t:|1703292879\n|switch|p2b: Zeraora|Zeraora|247/380\n|turn|7\n|\n|t:|1703292909\n|move|p1a: I Ma-gearna kill u|Protect|p1a: I Ma-gearna kill u\n|-singleturn|p1a: I Ma-gearna kill u|Protect\n|move|p2b: Zeraora|Coaching|p2a: Zygarde\n|-boost|p2a: Zygarde|atk|1\n|-boost|p2a: Zygarde|def|1\n|move|p2a: Zygarde|Thousand Arrows|p1a: I Ma-gearna kill u|[spread] p1b\n|-activate|p1a: I Ma-gearna kill u|move: Protect\n|debug|Spread modifier: 0.75\n|-damage|p1b: Nolan's Bane|191/444\n|move|p1b: Nolan's Bane|Icy Wind|p2a: Zygarde|[spread] p2a,p2b\n|debug|Spread modifier: 0.75\n|-resisted|p2a: Zygarde\n|debug|Spread modifier: 0.75\n|-damage|p2a: Zygarde|311/420\n|-damage|p2b: Zeraora|198/380\n|-unboost|p2a: Zygarde|spe|1\n|-unboost|p2b: Zeraora|spe|1\n|\n|-heal|p1a: I Ma-gearna kill u|126/364|[from] item: Leftovers\n|-heal|p2a: Zygarde|337/420|[from] item: Leftovers\n|-heal|p1b: Nolan's Bane|218/444|[from] item: Leftovers\n|upkeep\n|turn|8\n|\n|t:|1703292949\n|move|p2b: Zeraora|Electroweb|p1b: Nolan's Bane|[spread] p1a,p1b\n|debug|Spread modifier: 0.75\n|debug|Spread modifier: 0.75\n|-damage|p1a: I Ma-gearna kill u|86/364\n|-damage|p1b: Nolan's Bane|187/444\n|-unboost|p1a: I Ma-gearna kill u|spe|1\n|-unboost|p1b: Nolan's Bane|spe|1\n|move|p2a: Zygarde|Thousand Arrows|p1a: I Ma-gearna kill u|[spread] p1a,p1b\n|debug|Spread modifier: 0.75\n|-supereffective|p1a: I Ma-gearna kill u\n|debug|Spread modifier: 0.75\n|-damage|p1a: I Ma-gearna kill u|0 fnt\n|-damage|p1b: Nolan's Bane|19/444\n|faint|p1a: I Ma-gearna kill u\n|move|p1b: Nolan's Bane|Icy Wind|p2b: Zeraora|[spread] p2a,p2b\n|debug|Spread modifier: 0.75\n|-resisted|p2a: Zygarde\n|debug|Spread modifier: 0.75\n|-damage|p2a: Zygarde|316/420\n|-damage|p2b: Zeraora|149/380\n|-unboost|p2a: Zygarde|spe|1\n|-unboost|p2b: Zeraora|spe|1\n|\n|-heal|p2a: Zygarde|342/420|[from] item: Leftovers\n|-heal|p1b: Nolan's Bane|46/444|[from] item: Leftovers\n|-sideend|p2: mattmandaman|move: Tailwind\n|upkeep\n|\n|t:|1703293021\n|switch|p1a: Fastpass|Dragonite, F|386/386\n|turn|9\n|\n|t:|1703293042\n|switch|p2b: Porygon2|Porygon2|266/374\n|-ability|p2b: Porygon2|Inner Focus|[from] ability: Trace|[of] p1a: Fastpass\n|switch|p1b: Basculegion|Basculegion, M|382/382\n|move|p1a: Fastpass|Extreme Speed|p2b: Porygon2\n|-damage|p2b: Porygon2|146/374\n|move|p2a: Zygarde|Thousand Arrows|p1a: Fastpass|[spread] p1a,p1b\n|debug|Spread modifier: 0.75\n|debug|Spread modifier: 0.75\n|-damage|p1a: Fastpass|203/386\n|-damage|p1b: Basculegion|145/382\n|-start|p1a: Fastpass|Smack Down\n|\n|-heal|p2a: Zygarde|368/420|[from] item: Leftovers\n|upkeep\n|turn|10\n|\n|t:|1703293086\n|-terastallize|p1b: Basculegion|Ghost\n|move|p1a: Fastpass|Extreme Speed|p2a: Zygarde\n|-resisted|p2a: Zygarde\n|-damage|p2a: Zygarde|325/420\n|move|p1b: Basculegion|Last Respects|p2a: Zygarde\n|-damage|p2a: Zygarde|26/420\n|move|p2b: Porygon2|Icy Wind|p1a: Fastpass|[spread] p1a,p1b\n|debug|Spread modifier: 0.75\n|-supereffective|p1a: Fastpass\n|debug|Spread modifier: 0.75\n|-damage|p1a: Fastpass|63/386\n|-damage|p1b: Basculegion|102/382\n|-unboost|p1a: Fastpass|spe|1\n|-unboost|p1b: Basculegion|spe|1\n|move|p2a: Zygarde|Thousand Arrows|p1b: Basculegion|[spread] p1a,p1b\n|debug|Spread modifier: 0.75\n|debug|Spread modifier: 0.75\n|-damage|p1a: Fastpass|0 fnt\n|-damage|p1b: Basculegion|0 fnt\n|faint|p1a: Fastpass\n|faint|p1b: Basculegion\n|\n|-heal|p2a: Zygarde|52/420|[from] item: Leftovers\n|upkeep\n|\n|t:|1703293105\n|switch|p1a: Nolan's Bane|Cresselia, F|46/444\n|turn|11\n|\n|t:|1703293112\n|move|p1a: Nolan's Bane|Lunar Blessing|p1a: Nolan's Bane\n|-heal|p1a: Nolan's Bane|157/444\n|move|p2b: Porygon2|Toxic|p1a: Nolan's Bane\n|-status|p1a: Nolan's Bane|tox\n|move|p2a: Zygarde|Thousand Arrows|p1a: Nolan's Bane\n|-damage|p1a: Nolan's Bane|12/444 tox\n|-start|p1a: Nolan's Bane|Smack Down\n|\n|-heal|p1a: Nolan's Bane|39/444 tox|[from] item: Leftovers\n|-heal|p2a: Zygarde|78/420|[from] item: Leftovers\n|-damage|p1a: Nolan's Bane|12/444 tox|[from] psn\n|upkeep\n|turn|12\n|\n|t:|1703293128\n|move|p1a: Nolan's Bane|Moonblast|p2a: Zygarde\n|-resisted|p2a: Zygarde\n|-damage|p2a: Zygarde|44/420\n|move|p2b: Porygon2|Icy Wind|p1a: Nolan's Bane\n|-damage|p1a: Nolan's Bane|0 fnt\n|faint|p1a: Nolan's Bane\n|\n|win|mattmandaman\n","uploadtime":1703293136,"views":"88","formatid":"gen9doublescustomgame","rating":null,"private":0,"password":null}