{"id":"gen9doublescustomgame-2259409196","format":"[Gen 9] Doubles Custom Game","players":["Mango Meloetta","mistermoscow"],"log":"|j|☆Mango Meloetta\n|j|☆mistermoscow\n|t:|1733710624\n|gametype|doubles\n|player|p1|Mango Meloetta|li|\n|player|p2|mistermoscow|alder|\n|teamsize|p1|6\n|teamsize|p2|6\n|gen|9\n|tier|[Gen 9] Doubles Custom Game\n|clearpoke\n|poke|p1|Arcanine, M|\n|poke|p1|Golduck, M|\n|poke|p1|Parasect, F|\n|poke|p1|Magmar, M|\n|poke|p1|Dragonair, F|\n|poke|p1|Muk, M|\n|poke|p2|Poliwrath, F|\n|poke|p2|Tentacruel, M|\n|poke|p2|Clefairy, M|\n|poke|p2|Nidoqueen, F|\n|poke|p2|Victreebel, M|\n|poke|p2|Snorlax, M|\n|teampreview\n|\n|t:|1733710642\n|start\n|switch|p1a: Fire Duck|Golduck, M|302/302\n|switch|p1b: Water Dog|Arcanine, M|384/384\n|switch|p2a: Clifford|Clefairy, M|282/282\n|switch|p2b: Victor|Victreebel, M|364/364\n|-ability|p1b: Water Dog|Intimidate|boost\n|-unboost|p2a: Clifford|atk|1\n|-unboost|p2b: Victor|atk|1\n|turn|1\n|\n|t:|1733710669\n|switch|p1b: Grass Bug|Parasect, F|324/324\n|move|p1a: Fire Duck|Rain Dance|p1a: Fire Duck\n|-weather|RainDance\n|move|p2b: Victor|Sleep Powder|p1b: Grass Bug\n|debug|natural powder immunity\n|-immune|p1b: Grass Bug\n|move|p2a: Clifford|Minimize|p2a: Clifford\n|-boost|p2a: Clifford|evasion|2\n|\n|-weather|RainDance|[upkeep]\n|upkeep\n|turn|2\n|\n|t:|1733710704\n|move|p1a: Fire Duck|Ice Beam|p2b: Victor\n|-supereffective|p2b: Victor\n|-damage|p2b: Victor|133/364\n|debug|Covert Cloak prevent secondary\n|-damage|p1a: Fire Duck|272/302|[from] item: Life Orb\n|move|p2b: Victor|Sleep Powder|p1a: Fire Duck\n|-status|p1a: Fire Duck|slp|[from] move: Sleep Powder\n|move|p2a: Clifford|Cosmic Power|p2a: Clifford\n|-boost|p2a: Clifford|def|1\n|-boost|p2a: Clifford|spd|1\n|move|p1b: Grass Bug|Spore|p2a: Clifford\n|-status|p2a: Clifford|slp|[from] move: Spore\n|\n|-weather|RainDance|[upkeep]\n|upkeep\n|turn|3\n|\n|t:|1733710769\n|switch|p2b: Snax|Snorlax, M|524/524\n|switch|p1b: PHFWK|Muk, M|414/414\n|cant|p1a: Fire Duck|slp\n|cant|p2a: Clifford|slp\n|\n|-weather|RainDance|[upkeep]\n|upkeep\n|turn|4\n|\n|t:|1733710793\n|switch|p1a: Grass Bug|Parasect, F|324/324\n|move|p1b: PHFWK|Gunk Shot|p2a: Clifford|[miss]\n|-miss|p1b: PHFWK|p2a: Clifford\n|cant|p2a: Clifford|slp\n|move|p2b: Snax|Psych Up|p2a: Clifford\n|-copyboost|p2b: Snax|p2a: Clifford|[from] move: Psych Up\n|\n|-weather|RainDance|[upkeep]\n|upkeep\n|turn|5\n|\n|t:|1733710812\n|move|p1b: PHFWK|Curse|p1b: PHFWK\n|-unboost|p1b: PHFWK|spe|1\n|-boost|p1b: PHFWK|atk|1\n|-boost|p1b: PHFWK|def|1\n|-curestatus|p2a: Clifford|slp|[msg]\n|move|p2a: Clifford|Baton Pass|p2a: Clifford\n|\n|t:|1733710826\n|switch|p2a: Crude Dude|Tentacruel, M|364/364|[from] Baton Pass\n|move|p2b: Snax|Double-Edge|p1a: Grass Bug\n|-damage|p1a: Grass Bug|243/324\n|-damage|p2b: Snax|497/524|[from] Recoil\n|move|p1a: Grass Bug|Spore|p2b: Snax\n|-status|p2b: Snax|slp|[from] move: Spore\n|\n|-weather|none\n|-heal|p2b: Snax|524/524 slp|[from] item: Leftovers\n|upkeep\n|turn|6\n|\n|t:|1733710853\n|switch|p2b: Clifford|Clefairy, M|282/282\n|move|p2a: Crude Dude|Icy Wind|p1b: PHFWK|[spread] p1a\n|-miss|p2a: Crude Dude|p1b: PHFWK\n|debug|Spread modifier: 0.75\n|-supereffective|p1a: Grass Bug\n|-damage|p1a: Grass Bug|183/324\n|-unboost|p1a: Grass Bug|spe|1\n|move|p1b: PHFWK|Knock Off|p2b: Clifford\n|-resisted|p2b: Clifford\n|-damage|p2b: Clifford|236/282\n|-enditem|p2b: Clifford|Eviolite|[from] move: Knock Off|[of] p1b: PHFWK\n|move|p1a: Grass Bug|Spore|p2a: Crude Dude\n|-status|p2a: Crude Dude|slp|[from] move: Spore\n|\n|upkeep\n|turn|7\n|\n|t:|1733710882\n|switch|p2a: Victor|Victreebel, M|133/364\n|switch|p2b: Miss Nido|Nidoqueen, F|353/353\n|switch|p1b: Fire Duck|Golduck, M|272/302 slp\n|move|p1a: Grass Bug|Spore|p2b: Miss Nido\n|-status|p2b: Miss Nido|slp|[from] move: Spore\n|\n|upkeep\n|turn|8\n|\n|t:|1733710896\n|move|p1a: Grass Bug|Protect|p1a: Grass Bug\n|-singleturn|p1a: Grass Bug|Protect\n|cant|p1b: Fire Duck|slp\n|cant|p2b: Miss Nido|slp\n|move|p2a: Victor|Swords Dance|p2a: Victor\n|-boost|p2a: Victor|atk|2\n|\n|upkeep\n|turn|9\n|\n|t:|1733710922\n|switch|p1a: PHFWK|Muk, M|414/414\n|-curestatus|p1b: Fire Duck|slp|[msg]\n|move|p1b: Fire Duck|Ice Beam|p2a: Victor\n|-supereffective|p2a: Victor\n|-damage|p2a: Victor|0 fnt\n|debug|Covert Cloak prevent secondary\n|faint|p2a: Victor\n|-damage|p1b: Fire Duck|242/302|[from] item: Life Orb\n|cant|p2b: Miss Nido|slp\n|\n|upkeep\n|\n|t:|1733710935\n|switch|p2a: Clifford|Clefairy, M|236/282\n|turn|10\n|c|☆mistermoscow|I just did the damage calc, that tera definitely mattered lol. flare blitz did a minimum of an extra 10% damage to my snorlax because of the tera which is more than the 6% difference in heat waves\n|c|☆Mango Meloetta|yea I never doubted it mattered for snorlax\n|c|☆Mango Meloetta|I was talking about the bell\n|c|☆mistermoscow|oh yeah, we were just misunderstanding each other then haha, i was never talking about bell lol\n|c|☆Mango Meloetta|does the tera effect heat wave? Arcanine only had Flare Blitz\n|c|☆mistermoscow|no, it only effects the mopns who teras\n|\n|t:|1733711072\n|move|p1b: Fire Duck|Rain Dance|p1b: Fire Duck\n|-weather|RainDance\n|cant|p2b: Miss Nido|slp\n|move|p1a: PHFWK|Gunk Shot|p2a: Clifford\n|-supereffective|p2a: Clifford\n|-damage|p2a: Clifford|0 fnt\n|faint|p2a: Clifford\n|\n|-weather|RainDance|[upkeep]\n|upkeep\n|c|☆Mango Meloetta|right so what was the calculation with flare blitz, you said heat wave lol\n|c|☆mistermoscow|i meant flare blitz lol\n|c|☆Mango Meloetta|ahh ok haha\n|c|☆Mango Meloetta|oh you were comparing the difference in damage to heat wave I see\n|c|☆mistermoscow|oh i meant the heat waves magmar hit with, one was like 28% and the other took my remaining 22%, but I'd have survived if not for the 10%+ extra the terad flare blitz did\n|c|☆Mango Meloetta|ah I didn't realize heat wave's damage varies\n|\n|t:|1733711155\n|switch|p2a: Snax|Snorlax, M|524/524 slp\n|turn|11\n|c|☆mistermoscow|every attack has a range\n|c|☆Mango Meloetta|i thought some attacks had fixed damage calculations based on defenses and power/stats\n|c|☆mistermoscow|but it only did 22% because thats all I had, but no range was gonna make up for that tera boost\n|c|☆mistermoscow|every attack has a range that is decided by a roll\n|c|☆Mango Meloetta|right but it would have been a 4% difference\n|c|☆Mango Meloetta|and that difference was greater than the highest possible range of heat waves damage you're saying\n|c|☆mistermoscow|yeah but the flare blitz did an extra 10% or more after the tera\n|c|☆Mango Meloetta|and heat waves range is only 6%?\n|c|☆mistermoscow|its only like a 3% difference for an attacks range\n|c|☆Mango Meloetta|ahh ok\n|c|☆Mango Meloetta|but wait some attacks definitely can't have a range\n|c|☆Mango Meloetta|like ones that do percent damage right, the percent doesn't change by roll does it?\n|c|☆mistermoscow|heat wave only did 22% second time because that all I had, but even if 28% was a low roll a high roll wouldnt have made up for the extra tera damage\n|c|☆Mango Meloetta|right I see\n|c|☆mistermoscow|no, ones that do a fixed number based on level or whatever dont have a range, but things like heat wave or flare blotz do\n|\n|t:|1733711387\n|move|p1b: Fire Duck|Hydro Pump|p2b: Miss Nido|[miss]\n|-miss|p1b: Fire Duck|p2b: Miss Nido\n|-curestatus|p2b: Miss Nido|slp|[msg]\n|move|p2b: Miss Nido|Poison Jab|p1b: Fire Duck\n|-damage|p1b: Fire Duck|0 fnt\n|faint|p1b: Fire Duck\n|move|p1a: PHFWK|Knock Off|p2a: Snax\n|-damage|p2a: Snax|451/524 slp\n|-enditem|p2a: Snax|Leftovers|[from] move: Knock Off|[of] p1a: PHFWK\n|cant|p2a: Snax|slp\n|\n|-weather|RainDance|[upkeep]\n|upkeep\n|c|☆Mango Meloetta|Ok but I mean moves like Nature's Madness\n|c|☆Mango Meloetta|https://www.smogon.com/dex/sm/moves/natures-madness/\n|c|☆Mango Meloetta|That's a percentage based damage move\n|c|☆Mango Meloetta|that can't have a range right?\n|c|☆Mango Meloetta|it's always 1/2 the thing\n|c|☆mistermoscow|yeah those dont have a range, i meant moves like flare blitz and stuff like that\n|c|☆Mango Meloetta|ah gotcha ok\n|c|☆Mango Meloetta|so not all moves but all attacks\n|c|☆mistermoscow|i wasnt thinking about those moves tbh lol\n|\n|t:|1733711454\n|switch|p1b: Grass Bug|Parasect, F|183/324\n|turn|12\n|\n|t:|1733711470\n|move|p2b: Miss Nido|Stealth Rock|p1a: PHFWK\n|-sidestart|p1: Mango Meloetta|move: Stealth Rock\n|move|p1a: PHFWK|Knock Off|p2b: Miss Nido\n|-damage|p2b: Miss Nido|268/353\n|-enditem|p2b: Miss Nido|Life Orb|[from] move: Knock Off|[of] p1a: PHFWK\n|cant|p2a: Snax|slp\n|move|p1b: Grass Bug|Spore|p2b: Miss Nido\n|-status|p2b: Miss Nido|slp|[from] move: Spore\n|\n|-weather|RainDance|[upkeep]\n|-heal|p1b: Grass Bug|223/324|[from] ability: Dry Skin\n|upkeep\n|turn|13\n|\n|t:|1733711532\n|cant|p2b: Miss Nido|slp\n|move|p1a: PHFWK|Curse|p1a: PHFWK\n|-unboost|p1a: PHFWK|spe|1\n|-boost|p1a: PHFWK|atk|1\n|-boost|p1a: PHFWK|def|1\n|move|p1b: Grass Bug|Seed Bomb|p2b: Miss Nido\n|-damage|p2b: Miss Nido|165/353 slp\n|cant|p2a: Snax|slp\n|\n|-weather|RainDance|[upkeep]\n|-heal|p1b: Grass Bug|263/324|[from] ability: Dry Skin\n|upkeep\n|turn|14\n|\n|t:|1733711557\n|cant|p2b: Miss Nido|slp\n|-curestatus|p2a: Snax|slp|[msg]\n|move|p2a: Snax|Psych Up|p1a: PHFWK\n|-copyboost|p2a: Snax|p1a: PHFWK|[from] move: Psych Up\n|move|p1b: Grass Bug|Seed Bomb|p2b: Miss Nido\n|-damage|p2b: Miss Nido|62/353 slp\n|move|p1a: PHFWK|Gunk Shot|p2a: Snax\n|-damage|p2a: Snax|318/524\n|debug|set status [psn] interrupted\n|debug|move failed because it did nothing\n|\n|-weather|none\n|upkeep\n|turn|15\n|\n|t:|1733711582\n|cant|p2b: Miss Nido|slp\n|move|p1b: Grass Bug|Spore|p2a: Snax\n|-status|p2a: Snax|slp|[from] move: Spore\n|move|p1a: PHFWK|Knock Off|p2b: Miss Nido\n|-damage|p2b: Miss Nido|0 fnt\n|faint|p2b: Miss Nido\n|cant|p2a: Snax|slp\n|\n|upkeep\n|\n|t:|1733711598\n|switch|p2b: Polly|Poliwrath, F|384/384\n|turn|16\n|\n|t:|1733711611\n|move|p2b: Polly|Bulk Up|p2b: Polly\n|-boost|p2b: Polly|atk|1\n|-boost|p2b: Polly|def|1\n|move|p1b: Grass Bug|Spore|p2b: Polly\n|-status|p2b: Polly|slp|[from] move: Spore\n|move|p1a: PHFWK|Knock Off|p2b: Polly\n|-resisted|p2b: Polly\n|-damage|p2b: Polly|345/384 slp\n|-enditem|p2b: Polly|Clear Amulet|[from] move: Knock Off|[of] p1a: PHFWK\n|-curestatus|p2a: Snax|slp|[msg]\n|move|p2a: Snax|Double-Edge|p1b: Grass Bug\n|-damage|p1b: Grass Bug|56/324\n|-damage|p2a: Snax|250/524|[from] Recoil\n|\n|upkeep\n|turn|17\n|\n|t:|1733711633\n|move|p1b: Grass Bug|Protect|p1b: Grass Bug\n|-singleturn|p1b: Grass Bug|Protect\n|cant|p2b: Polly|slp\n|move|p1a: PHFWK|Gunk Shot|p2a: Snax\n|-damage|p2a: Snax|102/524\n|debug|set status [psn] interrupted\n|debug|move failed because it did nothing\n|move|p2a: Snax|Crunch|p1b: Grass Bug\n|-activate|p1b: Grass Bug|move: Protect\n|\n|upkeep\n|turn|18\n|\n|t:|1733711654\n|switch|p1b: Water Dog|Arcanine, M|384/384\n|-damage|p1b: Water Dog|288/384|[from] Stealth Rock\n|-ability|p1b: Water Dog|Intimidate|boost\n|-unboost|p2a: Snax|atk|1\n|-unboost|p2b: Polly|atk|1\n|switch|p2a: Crude Dude|Tentacruel, M|364/364 slp\n|cant|p2b: Polly|slp\n|move|p1a: PHFWK|Gunk Shot|p2a: Crude Dude\n|-resisted|p2a: Crude Dude\n|-damage|p2a: Crude Dude|252/364 slp\n|\n|-heal|p2a: Crude Dude|274/364 slp|[from] item: Black Sludge\n|upkeep\n|turn|19\n|\n|t:|1733711682\n|move|p1b: Water Dog|Wild Charge|p2a: Crude Dude\n|-supereffective|p2a: Crude Dude\n|-damage|p2a: Crude Dude|136/364 slp\n|-damage|p1b: Water Dog|253/384|[from] Recoil\n|cant|p2a: Crude Dude|slp\n|-curestatus|p2b: Polly|slp|[msg]\n|move|p2b: Polly|Darkest Lariat|p1a: PHFWK\n|debug|Negating (sp)def boost/penalty.\n|-damage|p1a: PHFWK|334/414\n|move|p1a: PHFWK|Knock Off|p2a: Crude Dude\n|-damage|p2a: Crude Dude|17/364 slp\n|-enditem|p2a: Crude Dude|Black Sludge|[from] move: Knock Off|[of] p1a: PHFWK\n|\n|-heal|p1a: PHFWK|359/414|[from] item: Black Sludge\n|upkeep\n|turn|20\n|\n|t:|1733711710\n|move|p1b: Water Dog|Wild Charge|p2b: Polly\n|-supereffective|p2b: Polly\n|-damage|p2b: Polly|245/384\n|-damage|p1b: Water Dog|228/384|[from] Recoil\n|cant|p2a: Crude Dude|slp\n|move|p2b: Polly|Bulk Up|p2b: Polly\n|-boost|p2b: Polly|atk|1\n|-boost|p2b: Polly|def|1\n|move|p1a: PHFWK|Gunk Shot|p2b: Polly\n|-damage|p2b: Polly|133/384\n|-status|p2b: Polly|psn\n|\n|-heal|p1a: PHFWK|384/414|[from] item: Black Sludge\n|-damage|p2b: Polly|85/384 psn|[from] psn\n|upkeep\n|turn|21\n|\n|t:|1733711729\n|switch|p1b: Toker Man|Magmar, M|272/272\n|-damage|p1b: Toker Man|204/272|[from] Stealth Rock\n|cant|p2a: Crude Dude|slp\n|move|p2b: Polly|Waterfall|p1b: Toker Man\n|-supereffective|p1b: Toker Man\n|-damage|p1b: Toker Man|0 fnt\n|faint|p1b: Toker Man\n|move|p1a: PHFWK|Gunk Shot|p2b: Polly\n|-damage|p2b: Polly|0 fnt\n|debug|move failed because it did nothing\n|faint|p2b: Polly\n|\n|-heal|p1a: PHFWK|409/414|[from] item: Black Sludge\n|upkeep\n|\n|t:|1733711742\n|switch|p1b: Grass Bug|Parasect, F|56/324\n|switch|p2b: Snax|Snorlax, M|102/524\n|-damage|p1b: Grass Bug|0 fnt|[from] Stealth Rock\n|faint|p1b: Grass Bug\n|\n|t:|1733711745\n|switch|p1b: Water Dog|Arcanine, M|228/384\n|-damage|p1b: Water Dog|132/384|[from] Stealth Rock\n|-ability|p1b: Water Dog|Intimidate|boost\n|-fail|p2a: Crude Dude|unboost|[from] ability: Clear Body|[of] p2a: Crude Dude\n|-unboost|p2b: Snax|atk|1\n|turn|22\n|\n|t:|1733711758\n|move|p1b: Water Dog|Snarl|p2b: Snax|[spread] p2a,p2b\n|debug|Spread modifier: 0.75\n|debug|Spread modifier: 0.75\n|-crit|p2b: Snax\n|-damage|p2a: Crude Dude|0 fnt\n|-damage|p2b: Snax|62/524\n|-unboost|p2b: Snax|spa|1\n|faint|p2a: Crude Dude\n|move|p2b: Snax|Psych Up|p1a: PHFWK\n|-copyboost|p2b: Snax|p1a: PHFWK|[from] move: Psych Up\n|move|p1a: PHFWK|Gunk Shot|p2b: Snax\n|-damage|p2b: Snax|0 fnt\n|faint|p2b: Snax\n|\n|win|Mango Meloetta\n|c|☆mistermoscow|ughh\n|c|☆mistermoscow|gg\n|c|☆Mango Meloetta|gg sorry haha\n","uploadtime":1733711771,"views":"42","formatid":"gen9doublescustomgame","rating":null,"private":0,"password":null}