{"id":"gen9doublescustomgame-2304211081","format":"[Gen 9] Doubles Custom Game","players":["Mango Meloetta","mistermoscow"],"log":"|j|☆Mango Meloetta\n|j|☆mistermoscow\n|t:|1740022811\n|gametype|doubles\n|player|p1|Mango Meloetta|li|\n|player|p2|mistermoscow|169|\n|teamsize|p1|6\n|teamsize|p2|6\n|gen|9\n|tier|[Gen 9] Doubles Custom Game\n|clearpoke\n|poke|p1|Poliwrath, M|\n|poke|p1|Golduck, M|\n|poke|p1|Cloyster, F|\n|poke|p1|Snorlax, M|\n|poke|p1|Sandslash, F|\n|poke|p1|Electrode|\n|poke|p2|Primeape, M|\n|poke|p2|Dewgong, M|\n|poke|p2|Exeggutor, M|\n|poke|p2|Mr. Mime, F|\n|poke|p2|Jolteon, M|\n|poke|p2|Dragonite, M|\n|teampreview\n|c|☆mistermoscow|official?\n|c|☆Mango Meloetta|yeee\n|c|☆Mango Meloetta|let's do eet\n|c|☆mistermoscow|dope\n|c|☆mistermoscow|itss onnn\n|\n|t:|1740022912\n|start\n|switch|p1a: Pride|Cloyster, F|303/303\n|switch|p1b: Envy|Electrode|324/324\n|switch|p2a: Sparky|Jolteon, M|271/271\n|switch|p2b: Eggman|Exeggutor, M|363/363\n|turn|1\n|\n|t:|1740022959\n|switch|p2b: Apollo|Primeape, M|334/334\n|move|p1b: Envy|Sucker Punch||[still]\n|-fail|p1b: Envy\n|move|p2a: Sparky|Sunny Day|p2a: Sparky\n|-weather|SunnyDay\n|move|p1a: Pride|Icicle Spear|p2b: Apollo\n|-damage|p2b: Apollo|274/334\n|-damage|p2b: Apollo|211/334\n|-damage|p2b: Apollo|147/334\n|-damage|p2b: Apollo|90/334\n|-damage|p2b: Apollo|26/334\n|-hitcount|p2b: Apollo|5\n|\n|-weather|SunnyDay|[upkeep]\n|-status|p2a: Sparky|brn|[from] item: Flame Orb\n|upkeep\n|turn|2\n|\n|t:|1740022987\n|switch|p2b: Dewey|Dewgong, M|353/353\n|switch|p1a: Sloth|Sandslash, F|354/354\n|move|p2a: Sparky|Electroweb|p1b: Envy|[spread] p1b\n|-immune|p1a: Sloth\n|debug|Spread modifier: 0.75\n|-resisted|p1b: Envy\n|-damage|p1b: Envy|290/324\n|-unboost|p1b: Envy|spe|1\n|move|p1b: Envy|Thunder|p2b: Dewey|[miss]\n|-miss|p1b: Envy|p2b: Dewey\n|\n|-weather|SunnyDay|[upkeep]\n|-damage|p2a: Sparky|255/271 brn|[from] brn\n|upkeep\n|turn|3\n|c|☆Mango Meloetta|ooof\n|c|☆mistermoscow|oof\n|\n|t:|1740023032\n|switch|p2b: Eggman|Exeggutor, M|363/363\n|switch|p1a: Wrath|Poliwrath, M|371/371\n|move|p2a: Sparky|Volt Switch|p1b: Envy\n|-resisted|p1b: Envy\n|-damage|p1b: Envy|235/324\n|\n|t:|1740023044\n|switch|p2a: Mrs. Mr. Mime|Mr. Mime, F|284/284|[from] Volt Switch\n|move|p1b: Envy|Thunder|p2b: Eggman\n|-resisted|p2b: Eggman\n|-damage|p2b: Eggman|294/363\n|\n|-weather|SunnyDay|[upkeep]\n|-heal|p2b: Eggman|316/363|[from] item: Leftovers\n|upkeep\n|turn|4\n|\n|t:|1740023064\n|switch|p1a: Pride|Cloyster, F|303/303\n|move|p2b: Eggman|Psychic Terrain|p2b: Eggman\n|-fieldstart|move: Psychic Terrain\n|move|p2a: Mrs. Mr. Mime|Expanding Force|p1b: Envy|[spread] p1a,p1b\n|debug|psychic terrain boost\n|debug|terrain buff\n|debug|Spread modifier: 0.75\n|debug|psychic terrain boost\n|debug|terrain buff\n|debug|Spread modifier: 0.75\n|-damage|p1a: Pride|50/303\n|-damage|p1b: Envy|79/324\n|move|p1b: Envy|Thunder Wave|p2a: Mrs. Mr. Mime\n|-status|p2a: Mrs. Mr. Mime|par\n|\n|-weather|SunnyDay|[upkeep]\n|-heal|p2b: Eggman|338/363|[from] item: Leftovers\n|upkeep\n|turn|5\n|\n|t:|1740023089\n|switch|p2a: Puff Daddy|Dragonite, M|355/355\n|move|p1a: Pride|Protect|p1a: Pride\n|-singleturn|p1a: Pride|Protect\n|move|p2b: Eggman|Expanding Force|p1b: Envy|[spread] p1b\n|-activate|p1a: Pride|move: Protect\n|debug|psychic terrain boost\n|debug|terrain buff\n|debug|Spread modifier: 0.75\n|-damage|p1b: Envy|0 fnt\n|faint|p1b: Envy\n|\n|-weather|none\n|-heal|p2b: Eggman|360/363|[from] item: Leftovers\n|upkeep\n|\n|t:|1740023103\n|switch|p1b: Gluttony|Snorlax, M|524/524\n|turn|6\n|\n|t:|1740023128\n|switch|p2b: Dewey|Dewgong, M|353/353\n|switch|p1a: Greed|Golduck, M|301/301\n|move|p2a: Puff Daddy|Dragon Dance|p2a: Puff Daddy\n|-boost|p2a: Puff Daddy|atk|1\n|-boost|p2a: Puff Daddy|spe|1\n|move|p1b: Gluttony|Darkest Lariat|p2b: Dewey\n|debug|Negating (sp)def boost/penalty.\n|-damage|p2b: Dewey|257/353\n|-damage|p1b: Gluttony|437/524|[from] item: Rocky Helmet|[of] p2b: Dewey\n|\n|upkeep\n|turn|7\n|\n|t:|1740023149\n|move|p2a: Puff Daddy|Dragon Claw|p1a: Greed\n|-enditem|p1a: Greed|Focus Sash\n|-damage|p1a: Greed|1/301\n|-damage|p2a: Puff Daddy|320/355|[from] item: Life Orb\n|move|p1a: Greed|Rain Dance|p1a: Greed\n|-weather|RainDance\n|move|p2b: Dewey|Toxic|p1b: Gluttony|[miss]\n|-miss|p2b: Dewey|p1b: Gluttony\n|move|p1b: Gluttony|Ice Punch|p2a: Puff Daddy\n|-supereffective|p2a: Puff Daddy\n|-damage|p2a: Puff Daddy|0 fnt\n|faint|p2a: Puff Daddy\n|\n|-weather|RainDance|[upkeep]\n|upkeep\n|\n|t:|1740023169\n|switch|p2a: Sparky|Jolteon, M|255/271 brn\n|turn|8\n|j| domsertvgc\n|c| domsertvgc|:o\n|c|☆Mango Meloetta|ahh\n|c|☆Mango Meloetta|nicereee\n|c|☆mistermoscow|hello there\n|l| domsertvgc\n|\n|t:|1740023209\n|switch|p1a: Sloth|Sandslash, F|354/354\n|move|p2a: Sparky|Sunny Day|p2a: Sparky\n|-weather|SunnyDay\n|move|p2b: Dewey|Icy Wind|p1b: Gluttony|[spread] p1a,p1b\n|debug|Spread modifier: 0.75\n|-supereffective|p1a: Sloth\n|debug|Spread modifier: 0.75\n|-damage|p1a: Sloth|280/354\n|-damage|p1b: Gluttony|407/524\n|-unboost|p1a: Sloth|spe|1\n|-unboost|p1b: Gluttony|spe|1\n|move|p1b: Gluttony|Thunder Punch|p2b: Dewey\n|-supereffective|p2b: Dewey\n|-damage|p2b: Dewey|87/353\n|-status|p2b: Dewey|par\n|-damage|p1b: Gluttony|320/524|[from] item: Rocky Helmet|[of] p2b: Dewey\n|\n|-weather|SunnyDay|[upkeep]\n|-damage|p2a: Sparky|239/271 brn|[from] brn\n|-fieldend|move: Psychic Terrain\n|upkeep\n|turn|9\n|\n|t:|1740023243\n|switch|p2a: Eggman|Exeggutor, M|360/363\n|move|p2b: Dewey|Toxic|p1a: Sloth\n|-status|p1a: Sloth|tox\n|move|p1a: Sloth|Knock Off|p2a: Eggman\n|-supereffective|p2a: Eggman\n|-damage|p2a: Eggman|106/363\n|-enditem|p2a: Eggman|Leftovers|[from] move: Knock Off|[of] p1a: Sloth\n|move|p1b: Gluttony|Double-Edge|p2a: Eggman\n|-damage|p2a: Eggman|0 fnt\n|faint|p2a: Eggman\n|-damage|p1b: Gluttony|285/524|[from] Recoil\n|\n|-weather|SunnyDay|[upkeep]\n|-damage|p1a: Sloth|258/354 tox|[from] psn\n|upkeep\n|\n|t:|1740023261\n|switch|p2a: Mrs. Mr. Mime|Mr. Mime, F|284/284 par\n|turn|10\n|\n|t:|1740023281\n|switch|p1a: Pride|Cloyster, F|50/303\n|move|p2b: Dewey|Toxic|p1b: Gluttony\n|-status|p1b: Gluttony|tox\n|move|p2a: Mrs. Mr. Mime|Expanding Force|p1a: Pride\n|-damage|p1a: Pride|0 fnt\n|faint|p1a: Pride\n|move|p1b: Gluttony|Darkest Lariat|p2a: Mrs. Mr. Mime\n|debug|Negating (sp)def boost/penalty.\n|-damage|p2a: Mrs. Mr. Mime|193/284 par\n|\n|-weather|SunnyDay|[upkeep]\n|-damage|p1b: Gluttony|253/524 tox|[from] psn\n|upkeep\n|-enditem|p1b: Gluttony|Aguav Berry|[eat]\n|-heal|p1b: Gluttony|427/524 tox|[from] item: Aguav Berry\n|\n|t:|1740023296\n|switch|p1a: Greed|Golduck, M|1/301\n|turn|11\n|\n|t:|1740023310\n|move|p2a: Mrs. Mr. Mime|Follow Me|p2a: Mrs. Mr. Mime\n|-singleturn|p2a: Mrs. Mr. Mime|move: Follow Me\n|move|p1a: Greed|Rain Dance|p1a: Greed\n|-weather|RainDance\n|move|p2b: Dewey|Flip Turn|p1a: Greed\n|debug|rain water boost\n|-resisted|p1a: Greed\n|-damage|p1a: Greed|0 fnt\n|faint|p1a: Greed\n|\n|t:|1740023319\n|switch|p2b: Sparky|Jolteon, M|239/271 brn|[from] Flip Turn\n|move|p1b: Gluttony|Double-Edge|p2a: Mrs. Mr. Mime\n|debug|Follow Me redirected target of move\n|-damage|p2a: Mrs. Mr. Mime|13/284 par\n|-damage|p1b: Gluttony|368/524 tox|[from] Recoil\n|\n|-weather|RainDance|[upkeep]\n|-damage|p1b: Gluttony|304/524 tox|[from] psn\n|-damage|p2b: Sparky|223/271 brn|[from] brn\n|upkeep\n|\n|t:|1740023332\n|switch|p1a: Wrath|Poliwrath, M|371/371\n|turn|12\n|\n|t:|1740023361\n|switch|p1a: Sloth|Sandslash, F|258/354 tox\n|move|p2b: Sparky|Sunny Day|p2b: Sparky\n|-weather|SunnyDay\n|move|p2a: Mrs. Mr. Mime|Expanding Force|p1a: Sloth\n|-damage|p1a: Sloth|161/354 tox\n|move|p1b: Gluttony|Double-Edge|p2a: Mrs. Mr. Mime\n|-damage|p2a: Mrs. Mr. Mime|0 fnt\n|faint|p2a: Mrs. Mr. Mime\n|-damage|p1b: Gluttony|300/524 tox|[from] Recoil\n|\n|-weather|SunnyDay|[upkeep]\n|-damage|p1a: Sloth|139/354 tox|[from] psn\n|-damage|p1b: Gluttony|204/524 tox|[from] psn\n|-damage|p2b: Sparky|207/271 brn|[from] brn\n|upkeep\n|\n|t:|1740023380\n|switch|p2a: Dewey|Dewgong, M|87/353 par\n|turn|13\n|\n|t:|1740023406\n|move|p2b: Sparky|Shadow Ball|p1a: Sloth\n|-damage|p1a: Sloth|48/354 tox\n|-unboost|p1a: Sloth|spd|1\n|move|p1a: Sloth|Drill Run|p2b: Sparky\n|-supereffective|p2b: Sparky\n|-damage|p2b: Sparky|0 fnt\n|faint|p2b: Sparky\n|move|p2a: Dewey|Icy Wind|p1b: Gluttony|[spread] p1a,p1b\n|debug|Spread modifier: 0.75\n|-supereffective|p1a: Sloth\n|debug|Spread modifier: 0.75\n|-damage|p1a: Sloth|0 fnt\n|-damage|p1b: Gluttony|174/524 tox\n|-unboost|p1b: Gluttony|spe|1\n|faint|p1a: Sloth\n|move|p1b: Gluttony|Thunder Punch|p2a: Dewey\n|-supereffective|p2a: Dewey\n|-damage|p2a: Dewey|0 fnt\n|-damage|p1b: Gluttony|87/524 tox|[from] item: Rocky Helmet|[of] p2a: Dewey\n|faint|p2a: Dewey\n|\n|-weather|SunnyDay|[upkeep]\n|-damage|p1b: Gluttony|0 fnt|[from] psn\n|faint|p1b: Gluttony\n|upkeep\n|\n|t:|1740023443\n|switch|p2b: Apollo|Primeape, M|26/334\n|switch|p1b: Wrath|Poliwrath, M|371/371\n|turn|14\n|\n|t:|1740023452\n|move|p2b: Apollo|Rage Fist|p1b: Wrath\n|-damage|p1b: Wrath|75/371\n|move|p1b: Wrath|Liquidation|p2b: Apollo\n|debug|Sunny Day water suppress\n|-damage|p2b: Apollo|0 fnt\n|faint|p2b: Apollo\n|\n|win|Mango Meloetta\n|c|☆Mango Meloetta|ONE PUNCHH\n|c|☆Mango Meloetta|haha\n|c|☆mistermoscow|gg\n|c|☆Mango Meloetta|i thought you were gonna kill me for real\n|c|☆Mango Meloetta|gg\n|c|☆mistermoscow|another?\n|c|☆Mango Meloetta|sure!\n","uploadtime":1740023492,"views":"22","formatid":"gen9doublescustomgame","rating":null,"private":0,"password":null}