{"id":"gen9doublescustomgame-2287432494","format":"[Gen 9] Doubles Custom Game","players":["mistermoscow","Mattmandaman"],"log":"|j|☆mistermoscow\n|j|☆Mattmandaman\n|t:|1737738887\n|gametype|doubles\n|player|p1|mistermoscow|alder|\n|player|p2|Mattmandaman|giovanni|\n|teamsize|p1|6\n|teamsize|p2|6\n|gen|9\n|tier|[Gen 9] Doubles Custom Game\n|clearpoke\n|poke|p1|Flareon, M|\n|poke|p1|Gengar, M|\n|poke|p1|Victreebel, M|\n|poke|p1|Jolteon, M|\n|poke|p1|Dragonite, M|\n|poke|p1|Fearow, M|\n|poke|p2|Primeape, F|\n|poke|p2|Marowak, M|\n|poke|p2|Dodrio, M|\n|poke|p2|Gengar, F|\n|poke|p2|Pikachu, F|\n|poke|p2|Electrode|\n|teampreview\n|\n|t:|1737738938\n|start\n|switch|p1a: Sparky|Jolteon, M|271/271\n|switch|p1b: Big Bird|Fearow, M|334/334\n|switch|p2a: Dodrio|Dodrio, M|262/262\n|switch|p2b: Pikachu|Pikachu, F|211/211\n|turn|1\n|\n|t:|1737739022\n|move|p1a: Sparky|Protect|p1a: Sparky\n|-singleturn|p1a: Sparky|Protect\n|move|p1b: Big Bird|Protect|p1b: Big Bird\n|-singleturn|p1b: Big Bird|Protect\n|move|p2b: Pikachu|Fake Out|p1a: Sparky\n|-activate|p1a: Sparky|move: Protect\n|move|p2a: Dodrio|Brave Bird|p1b: Big Bird\n|-activate|p1b: Big Bird|move: Protect\n|\n|upkeep\n|turn|2\n|\n|t:|1737739039\n|switch|p2a: Electrode|Electrode|324/324\n|move|p1a: Sparky|Electroweb|p2b: Pikachu|[spread] p2a,p2b\n|debug|Spread modifier: 0.75\n|-resisted|p2a: Electrode\n|debug|Spread modifier: 0.75\n|-resisted|p2b: Pikachu\n|-damage|p2a: Electrode|287/324\n|-damage|p2b: Pikachu|157/211\n|-unboost|p2a: Electrode|spe|1\n|-unboost|p2b: Pikachu|spe|1\n|move|p1b: Big Bird|Tailwind|p1b: Big Bird\n|-sidestart|p1: mistermoscow|move: Tailwind\n|move|p2b: Pikachu|Volt Switch|p1b: Big Bird\n|-supereffective|p1b: Big Bird\n|-damage|p1b: Big Bird|74/334\n|\n|t:|1737739055\n|switch|p2b: Marowak|Marowak, M|262/262|[from] Volt Switch\n|\n|upkeep\n|turn|3\n|\n|t:|1737739091\n|switch|p1a: Puff Daddy|Dragonite, M|386/386\n|move|p1b: Big Bird|Sunny Day|p1b: Big Bird\n|-weather|SunnyDay\n|move|p2a: Electrode|Thunderbolt|p1b: Big Bird\n|-supereffective|p1b: Big Bird\n|-damage|p1b: Big Bird|0 fnt\n|faint|p1b: Big Bird\n|move|p2b: Marowak|Stealth Rock|p1a: Puff Daddy\n|-sidestart|p1: mistermoscow|move: Stealth Rock\n|\n|-weather|SunnyDay|[upkeep]\n|upkeep\n|\n|t:|1737739106\n|switch|p1b: Victor|Victreebel, M|333/333\n|-damage|p1b: Victor|292/333|[from] Stealth Rock\n|turn|4\n|\n|t:|1737739148\n|move|p1b: Victor|Solar Beam||[still]\n|-prepare|p1b: Victor|Solar Beam\n|-anim|p1b: Victor|Solar Beam|p2b: Marowak\n|-supereffective|p2b: Marowak\n|-damage|p2b: Marowak|0 fnt\n|faint|p2b: Marowak\n|move|p1a: Puff Daddy|Dragon Dance|p1a: Puff Daddy\n|-boost|p1a: Puff Daddy|atk|1\n|-boost|p1a: Puff Daddy|spe|1\n|move|p2a: Electrode|Electroweb|p1b: Victor|[spread] p1a,p1b\n|debug|Spread modifier: 0.75\n|debug|Spread modifier: 0.75\n|-resisted|p1b: Victor\n|-damage|p1a: Puff Daddy|314/386\n|-damage|p1b: Victor|245/333\n|-unboost|p1a: Puff Daddy|spe|1\n|-unboost|p1b: Victor|spe|1\n|\n|-weather|SunnyDay|[upkeep]\n|-heal|p1b: Victor|265/333|[from] item: Black Sludge\n|upkeep\n|\n|t:|1737739161\n|switch|p2b: Gengar|Gengar, F|262/262\n|turn|5\n|\n|t:|1737739190\n|move|p1b: Victor|Protect|p1b: Victor\n|-singleturn|p1b: Victor|Protect\n|move|p2b: Gengar|Protect|p2b: Gengar\n|-singleturn|p2b: Gengar|Protect\n|move|p1a: Puff Daddy|Dragon Claw|p2a: Electrode\n|-damage|p2a: Electrode|0 fnt\n|faint|p2a: Electrode\n|-damage|p1a: Puff Daddy|276/386|[from] item: Life Orb\n|\n|-weather|SunnyDay|[upkeep]\n|-heal|p1b: Victor|285/333|[from] item: Black Sludge\n|-sideend|p1: mistermoscow|move: Tailwind\n|upkeep\n|\n|t:|1737739226\n|switch|p2a: Dodrio|Dodrio, M|262/262\n|turn|6\n|\n|t:|1737739243\n|switch|p1b: Sparky|Jolteon, M|271/271\n|-damage|p1b: Sparky|238/271|[from] Stealth Rock\n|move|p2a: Dodrio|Tailwind|p2a: Dodrio\n|-sidestart|p2: Mattmandaman|move: Tailwind\n|move|p2b: Gengar|Will-O-Wisp|p1a: Puff Daddy\n|-status|p1a: Puff Daddy|brn\n|move|p1a: Puff Daddy|Dual Wingbeat|p2b: Gengar\n|-damage|p2b: Gengar|145/262\n|-damage|p2b: Gengar|35/262\n|-hitcount|p2b: Gengar|2\n|-damage|p1a: Puff Daddy|238/386 brn|[from] item: Life Orb\n|\n|-weather|SunnyDay|[upkeep]\n|-damage|p1a: Puff Daddy|214/386 brn|[from] brn\n|upkeep\n|turn|7\n|\n|t:|1737739260\n|move|p1a: Puff Daddy|Extreme Speed|p2a: Dodrio\n|-damage|p2a: Dodrio|129/262\n|-damage|p1a: Puff Daddy|176/386 brn|[from] item: Life Orb\n|move|p2a: Dodrio|Brave Bird|p1b: Sparky\n|-resisted|p1b: Sparky\n|-damage|p1b: Sparky|88/271\n|-damage|p2a: Dodrio|79/262|[from] Recoil\n|move|p2b: Gengar|Sludge Bomb|p1b: Sparky\n|-damage|p1b: Sparky|0 fnt\n|debug|Covert Cloak prevent secondary\n|faint|p1b: Sparky\n|\n|-weather|none\n|-damage|p1a: Puff Daddy|152/386 brn|[from] brn\n|upkeep\n|\n|t:|1737739286\n|switch|p1b: Victor|Victreebel, M|285/333\n|-damage|p1b: Victor|244/333|[from] Stealth Rock\n|turn|8\n|\n|t:|1737739313\n|move|p2a: Dodrio|Protect|p2a: Dodrio\n|-singleturn|p2a: Dodrio|Protect\n|move|p1a: Puff Daddy|Extreme Speed|p2a: Dodrio\n|-activate|p2a: Dodrio|move: Protect\n|move|p2b: Gengar|Sludge Bomb|p1a: Puff Daddy\n|-damage|p1a: Puff Daddy|0 fnt\n|debug|move failed because it did nothing\n|faint|p1a: Puff Daddy\n|move|p1b: Victor|Sludge Bomb|p2b: Gengar\n|-resisted|p2b: Gengar\n|-crit|p2b: Gengar\n|-damage|p2b: Gengar|0 fnt\n|-start|p1b: Victor|Disable|Sludge Bomb|[from] ability: Cursed Body|[of] p2b: Gengar\n|faint|p2b: Gengar\n|\n|-heal|p1b: Victor|264/333|[from] item: Black Sludge\n|upkeep\n|\n|t:|1737739334\n|switch|p2b: Primeape|Primeape, F|272/272\n|switch|p1a: Bernie|Flareon, M|272/272\n|-damage|p1a: Bernie|204/272|[from] Stealth Rock\n|turn|9\n|\n|t:|1737739347\n|switch|p1b: Gang Gang|Gengar, M|262/262\n|-damage|p1b: Gang Gang|230/262|[from] Stealth Rock\n|move|p1a: Bernie|Quick Attack|p2a: Dodrio\n|-damage|p2a: Dodrio|2/262\n|move|p2a: Dodrio|Brave Bird|p1b: Gang Gang\n|-damage|p1b: Gang Gang|0 fnt\n|-start|p2a: Dodrio|Disable|Brave Bird|[from] ability: Cursed Body|[of] p1b: Gang Gang\n|faint|p1b: Gang Gang\n|-damage|p2a: Dodrio|0 fnt|[from] Recoil\n|faint|p2a: Dodrio\n|move|p2b: Primeape|Rock Slide|p1a: Bernie\n|-supereffective|p1a: Bernie\n|-damage|p1a: Bernie|42/272\n|-enditem|p1a: Bernie|Aguav Berry|[eat]\n|-heal|p1a: Bernie|132/272|[from] item: Aguav Berry\n|\n|-sideend|p2: Mattmandaman|move: Tailwind\n|upkeep\n|\n|t:|1737739363\n|switch|p1b: Victor|Victreebel, M|264/333\n|switch|p2a: Pikachu|Pikachu, F|157/211\n|-damage|p1b: Victor|223/333|[from] Stealth Rock\n|turn|10\n|c|☆mistermoscow|weak\n|c|☆Mattmandaman|wild so close\n|\n|t:|1737739393\n|move|p2b: Primeape|Rock Slide|p1a: Bernie|[spread] p1a\n|-miss|p2b: Primeape|p1b: Victor\n|debug|Spread modifier: 0.75\n|-supereffective|p1a: Bernie\n|-damage|p1a: Bernie|14/272\n|move|p2a: Pikachu|Volt Switch|p1a: Bernie\n|-damage|p1a: Bernie|0 fnt\n|faint|p1a: Bernie\n|move|p1b: Victor|Sludge Bomb|p2b: Primeape\n|-damage|p2b: Primeape|151/272\n|-status|p2b: Primeape|psn\n|\n|-heal|p1b: Victor|243/333|[from] item: Black Sludge\n|-damage|p2b: Primeape|117/272 psn|[from] psn\n|upkeep\n|turn|11\n|c|☆mistermoscow|that was prob the gamer\n|\n|t:|1737739412\n|move|p2b: Primeape|Rage Fist|p1b: Victor\n|-damage|p1b: Victor|93/333\n|move|p2a: Pikachu|Volt Tackle|p1b: Victor\n|-resisted|p1b: Victor\n|-damage|p1b: Victor|0 fnt\n|faint|p1b: Victor\n|-damage|p2a: Pikachu|126/211|[from] Recoil\n|\n|win|Mattmandaman\n|c|☆Mattmandaman|gamer?\n|c|☆mistermoscow|game*\n|c|☆Mattmandaman|oh yea for sure\n|c|☆mistermoscow|rematch?\n","uploadtime":1737739466,"views":"24","formatid":"gen9doublescustomgame","rating":null,"private":0,"password":null}