{"id":"gen9doublescustomgame-2257642853","format":"[Gen 9] Doubles Custom Game","players":["mistermoscow","mattmandaman"],"log":"|badge|p2|silver|gen9doublesou|30-3\n|uhtml|medal-msg|<div class=\"broadcast-blue\">Curious what those medals under the avatar are? PS now has Ladder Seasons! For more information, check out the <a href=\"https://www.smogon.com/forums/threads/3740067/\">thread on Smogon.</a></div>\n|j|☆mistermoscow\n|j|☆mattmandaman\n|t:|1733451568\n|gametype|doubles\n|player|p1|mistermoscow|alder|\n|player|p2|mattmandaman|giovanni|\n|teamsize|p1|6\n|teamsize|p2|6\n|gen|9\n|tier|[Gen 9] Doubles Custom Game\n|clearpoke\n|poke|p1|Nidoqueen, F|\n|poke|p1|Clefairy, M|\n|poke|p1|Victreebel, M|\n|poke|p1|Tentacruel, M|\n|poke|p1|Dodrio, F|\n|poke|p1|Snorlax, M|\n|poke|p2|Butterfree, M|\n|poke|p2|Pikachu, M|\n|poke|p2|Clefairy, M|\n|poke|p2|Primeape, M|\n|poke|p2|Gengar, M|\n|poke|p2|Pinsir, F|\n|teampreview\n|c|☆mistermoscow|i almost wish we could use teras in this format\n|c|☆mattmandaman|you just wanna tera your own pokemon\n|\n|t:|1733451702\n|start\n|switch|p1a: Dodie|Dodrio, F|261/261\n|switch|p1b: Crude Dude|Tentacruel, M|364/364\n|switch|p2a: Pikachu|Pikachu, M|212/212\n|switch|p2b: Gengar|Gengar, M|262/262\n|turn|1\n|c|☆mistermoscow|i dont have great type variety lol\n|c|☆mistermoscow|6 poison types\n|c|☆mattmandaman|yea you could def use it\n|\n|t:|1733451775\n|switch|p1b: Miss Nido|Nidoqueen, F|353/353\n|move|p2a: Pikachu|Fake Out|p1a: Dodie\n|-damage|p1a: Dodie|190/261\n|debug|Covert Cloak prevent secondary\n|move|p1a: Dodie|Drill Run|p2b: Gengar\n|-supereffective|p2b: Gengar\n|-damage|p2b: Gengar|0 fnt\n|faint|p2b: Gengar\n|\n|upkeep\n|\n|t:|1733451798\n|switch|p2b: Clefairy|Clefairy, M|344/344\n|turn|2\n|\n|t:|1733451816\n|switch|p1b: Victor|Victreebel, M|364/364\n|move|p2b: Clefairy|Follow Me|p2b: Clefairy\n|-singleturn|p2b: Clefairy|move: Follow Me\n|move|p1a: Dodie|Tailwind|p1a: Dodie\n|-sidestart|p1: mistermoscow|move: Tailwind\n|move|p2a: Pikachu|Volt Tackle|p1a: Dodie\n|-supereffective|p1a: Dodie\n|-damage|p1a: Dodie|0 fnt\n|debug|Covert Cloak prevent secondary\n|faint|p1a: Dodie\n|-damage|p2a: Pikachu|149/212|[from] Recoil\n|\n|upkeep\n|\n|t:|1733451843\n|switch|p1a: Crude Dude|Tentacruel, M|364/364\n|turn|3\n|\n|t:|1733451854\n|move|p2b: Clefairy|Follow Me|p2b: Clefairy\n|-singleturn|p2b: Clefairy|move: Follow Me\n|move|p1a: Crude Dude|Toxic Spikes|p2a: Pikachu\n|-sidestart|p2: mattmandaman|move: Toxic Spikes\n|move|p1b: Victor|Sleep Powder|p2b: Clefairy\n|debug|Follow Me redirected target of move\n|-status|p2b: Clefairy|slp|[from] move: Sleep Powder\n|move|p2a: Pikachu|Volt Tackle|p1a: Crude Dude\n|-supereffective|p1a: Crude Dude\n|-damage|p1a: Crude Dude|0 fnt\n|faint|p1a: Crude Dude\n|-damage|p2a: Pikachu|29/212|[from] Recoil\n|\n|upkeep\n|\n|t:|1733451880\n|switch|p1a: Miss Nido|Nidoqueen, F|353/353\n|turn|4\n|\n|t:|1733451907\n|move|p2a: Pikachu|Protect|p2a: Pikachu\n|-singleturn|p2a: Pikachu|Protect\n|move|p1a: Miss Nido|Earth Power|p2b: Clefairy\n|-damage|p2b: Clefairy|184/344 slp\n|move|p1b: Victor|Poison Jab|p2a: Pikachu\n|-activate|p2a: Pikachu|move: Protect\n|cant|p2b: Clefairy|slp\n|\n|upkeep\n|turn|5\n|\n|t:|1733451931\n|switch|p2a: Primeape|Primeape, M|334/334\n|-status|p2a: Primeape|psn\n|move|p1a: Miss Nido|Earth Power|p2a: Primeape\n|debug|Friend Guard weaken\n|-damage|p2a: Primeape|188/334 psn\n|move|p1b: Victor|Poison Jab|p2b: Clefairy\n|-supereffective|p2b: Clefairy\n|-damage|p2b: Clefairy|0 fnt\n|debug|move failed because it did nothing\n|faint|p2b: Clefairy\n|\n|-damage|p2a: Primeape|147/334 psn|[from] psn\n|-sideend|p1: mistermoscow|move: Tailwind\n|upkeep\n|\n|t:|1733451948\n|switch|p2b: Butterfree|Butterfree, M|262/262\n|turn|6\n|\n|t:|1733451971\n|move|p2b: Butterfree|Hurricane|p1b: Victor|[miss]\n|debug|compoundeyes - enhancing accuracy\n|-miss|p2b: Butterfree|p1b: Victor\n|move|p2a: Primeape|Rage Fist|p1b: Victor\n|-damage|p1b: Victor|214/364\n|move|p1a: Miss Nido|Earth Power|p2a: Primeape\n|-damage|p2a: Primeape|0 fnt\n|faint|p2a: Primeape\n|move|p1b: Victor|Power Whip|p2b: Butterfree|[miss]\n|-miss|p1b: Victor|p2b: Butterfree\n|\n|upkeep\n|\n|t:|1733451991\n|switch|p2a: Pinsir|Pinsir, F|272/272\n|-status|p2a: Pinsir|psn\n|turn|7\n|\n|t:|1733452007\n|move|p2a: Pinsir|Earthquake|p1b: Victor|[spread] p1a,p1b\n|-immune|p2b: Butterfree\n|debug|Spread modifier: 0.75\n|-supereffective|p1a: Miss Nido\n|debug|Spread modifier: 0.75\n|-damage|p1a: Miss Nido|149/353\n|-damage|p1b: Victor|77/364\n|-enditem|p1b: Victor|Aguav Berry|[eat]\n|-heal|p1b: Victor|198/364|[from] item: Aguav Berry\n|move|p2b: Butterfree|Sleep Powder|p1a: Miss Nido\n|debug|compoundeyes - enhancing accuracy\n|-status|p1a: Miss Nido|slp|[from] move: Sleep Powder\n|cant|p1a: Miss Nido|slp\n|move|p1b: Victor|Sleep Powder|p2b: Butterfree\n|-status|p2b: Butterfree|slp|[from] move: Sleep Powder\n|\n|-damage|p2a: Pinsir|238/272 psn|[from] psn\n|upkeep\n|turn|8\n|\n|t:|1733452034\n|move|p2a: Pinsir|Earthquake|p1b: Victor|[spread] p1a,p1b\n|-immune|p2b: Butterfree\n|debug|Spread modifier: 0.75\n|-supereffective|p1a: Miss Nido\n|debug|Spread modifier: 0.75\n|-damage|p1a: Miss Nido|0 fnt\n|-damage|p1b: Victor|60/364\n|faint|p1a: Miss Nido\n|-ability|p2a: Pinsir|Moxie|boost\n|-boost|p2a: Pinsir|atk|1\n|cant|p2b: Butterfree|slp\n|move|p1b: Victor|Poison Jab|p2b: Butterfree\n|-damage|p2b: Butterfree|12/262 slp\n|\n|-damage|p2a: Pinsir|204/272 psn|[from] psn\n|upkeep\n|\n|t:|1733452063\n|switch|p1a: Snax|Snorlax, M|461/461\n|turn|9\n|\n|t:|1733452083\n|move|p2a: Pinsir|Earthquake|p1a: Snax|[spread] p1a,p1b\n|-immune|p2b: Butterfree\n|debug|Spread modifier: 0.75\n|-crit|p1a: Snax\n|debug|Spread modifier: 0.75\n|-damage|p1a: Snax|255/461\n|-damage|p1b: Victor|0 fnt\n|faint|p1b: Victor\n|-ability|p2a: Pinsir|Moxie|boost\n|-boost|p2a: Pinsir|atk|1\n|-curestatus|p2b: Butterfree|slp|[msg]\n|move|p2b: Butterfree|Sleep Powder|p1a: Snax\n|debug|compoundeyes - enhancing accuracy\n|-status|p1a: Snax|slp|[from] move: Sleep Powder\n|cant|p1a: Snax|slp\n|\n|-heal|p1a: Snax|283/461 slp|[from] item: Leftovers\n|-damage|p2a: Pinsir|170/272 psn|[from] psn\n|upkeep\n|c|☆mistermoscow|brb\n|c|☆mistermoscow|back\n|\n|t:|1733452153\n|switch|p1b: Clifford|Clefairy, M|282/282\n|turn|10\n|\n|t:|1733452182\n|move|p2a: Pinsir|Earthquake|p1a: Snax|[spread] p1a,p1b\n|-immune|p2b: Butterfree\n|debug|Spread modifier: 0.75\n|debug|Spread modifier: 0.75\n|-damage|p1a: Snax|104/461 slp\n|-damage|p1b: Clifford|141/282\n|move|p2b: Butterfree|Sleep Powder|p1b: Clifford\n|debug|compoundeyes - enhancing accuracy\n|-status|p1b: Clifford|slp|[from] move: Sleep Powder\n|cant|p1b: Clifford|slp\n|-curestatus|p1a: Snax|slp|[msg]\n|move|p1a: Snax|Double-Edge|p2a: Pinsir\n|-damage|p2a: Pinsir|0 fnt\n|faint|p2a: Pinsir\n|-damage|p1a: Snax|48/461|[from] Recoil\n|\n|-heal|p1a: Snax|76/461|[from] item: Leftovers\n|upkeep\n|\n|t:|1733452192\n|switch|p2a: Pikachu|Pikachu, M|29/212\n|-status|p2a: Pikachu|psn\n|turn|11\n|\n|t:|1733452212\n|move|p2a: Pikachu|Volt Tackle|p1b: Clifford\n|-damage|p1b: Clifford|0 fnt\n|faint|p1b: Clifford\n|-damage|p2a: Pikachu|0 fnt|[from] Recoil\n|faint|p2a: Pikachu\n|move|p2b: Butterfree|Hurricane|p1a: Snax\n|debug|compoundeyes - enhancing accuracy\n|-damage|p1a: Snax|0 fnt\n|debug|move failed because it did nothing\n|faint|p1a: Snax\n|\n|win|mattmandaman\n|c|☆mistermoscow|oof\n|c|☆mistermoscow|gg\n|c|☆mattmandaman|gg\n|c|☆mattmandaman|close\n|c|☆mistermoscow|gimme butterfree\n|c|☆mattmandaman|lmao noo\n|c|☆mattmandaman|its too good\n|c|☆mistermoscow|boooo\n|c|☆mistermoscow|i gotta go for Lancer, I'll talk to ya later dude\n|c|☆mattmandaman|sounds good pce\n|l|☆mistermoscow\n|player|p1|\n","uploadtime":1733452238,"views":"40","formatid":"gen9doublescustomgame","rating":null,"private":0,"password":null}