{"id":"gen9championsdoublescustomgame-2657512891","format":"[Gen 9 Champions] Doubles Custom Game","players":["mistermoscow","je64"],"log":"|j|☆mistermoscow\n|j|☆je64\n|t:|1785465702\n|gametype|doubles\n|player|p1|mistermoscow|alder|\n|player|p2|je64|101|\n|gen|9\n|tier|[Gen 9 Champions] Doubles Custom Game\n|clearpoke\n|poke|p1|Venusaur, L50, M|\n|poke|p1|Ninetales, L50, M|\n|poke|p1|Magearna, L50|\n|poke|p1|Ursaluna-Bloodmoon, L50, M|\n|poke|p1|Flutter Mane, L50|\n|poke|p1|Chi-Yu, L50|\n|poke|p2|Volcanion, L50|\n|poke|p2|Diancie, L50|\n|poke|p2|Ogerpon-Cornerstone, L50, F|\n|poke|p2|Grimmsnarl, L50, M|\n|poke|p2|Farigiraf, L50|\n|poke|p2|Salamence, L50|\n|teampreview\n|j| mattmandaman\n|\n|t:|1785465781\n|teamsize|p1|6\n|teamsize|p2|6\n|start\n|switch|p1a: Prince Ember|Ninetales, L50, M|180/180\n|switch|p1b: Vinny|Venusaur, L50, M|155/155\n|switch|p2a: Hot Shrek|Ogerpon-Cornerstone, L50, F|157/157\n|switch|p2b: It's not a phase!|Grimmsnarl, L50, M|202/202\n|-weather|SunnyDay|[from] ability: Drought|[of] p1a: Prince Ember\n|turn|1\n|\n|t:|1785465831\n|detailschange|p1b: Vinny|Venusaur-Mega, L50, M\n|-mega|p1b: Vinny|Venusaur|Venusaurite\n|move|p2b: It's not a phase!|Scary Face|p1b: Vinny\n|-unboost|p1b: Vinny|spe|2\n|move|p2a: Hot Shrek|Ivy Cudgel|p1a: Prince Ember|[anim] Ivy Cudgel Rock\n|-supereffective|p1a: Prince Ember|1\n|-damage|p1a: Prince Ember|0 fnt\n|faint|p1a: Prince Ember\n|move|p1b: Vinny|Leech Seed|p2b: It's not a phase!|[miss]\n|-miss|p1b: Vinny|p2b: It's not a phase!\n|\n|-weather|SunnyDay|[upkeep]\n|upkeep\n|\n|t:|1785465857\n|switch|p1a: Chip|Chi-Yu, L50|130/130\n|-ability|p1a: Chip|Beads of Ruin\n|turn|2\n|\n|t:|1785465889\n|move|p2b: It's not a phase!|Scary Face|p1a: Chip\n|debug|natural prankster immunity\n|-hint|Since gen 7, Dark is immune to Prankster moves.\n|-immune|p1a: Chip\n|move|p1a: Chip|Heat Wave|p2b: It's not a phase!|[spread] p2a\n|-miss|p1a: Chip|p2b: It's not a phase!\n|debug|Beads of Ruin SpD drop\n|debug|Spread modifier: 0.75\n|debug|Sunny Day fire boost\n|-damage|p2a: Hot Shrek|9/157\n|move|p2a: Hot Shrek|Ivy Cudgel|p1a: Chip|[anim] Ivy Cudgel Rock\n|-supereffective|p1a: Chip|1\n|-damage|p1a: Chip|0 fnt\n|faint|p1a: Chip\n|move|p1b: Vinny|Toxic|p2b: It's not a phase!\n|-status|p2b: It's not a phase!|tox\n|\n|-weather|SunnyDay|[upkeep]\n|-damage|p2b: It's not a phase!|190/202 tox|[from] psn\n|upkeep\n|\n|t:|1785465905\n|switch|p1a: Floots|Flutter Mane, L50|130/130\n|-activate|p1a: Floots|ability: Protosynthesis\n|-start|p1a: Floots|protosynthesisspe\n|turn|3\n|debug|Protosynthesis spe boost\n|debug|Protosynthesis spe boost\n|\n|t:|1785465928\n|debug|Protosynthesis spe boost\n|debug|Protosynthesis spe boost\n|move|p1a: Floots|Protect|p1a: Floots\n|-singleturn|p1a: Floots|Protect\n|debug|Protosynthesis spe boost\n|move|p2b: It's not a phase!|Scary Face|p1a: Floots\n|-activate|p1a: Floots|move: Protect\n|debug|Protosynthesis spe boost\n|move|p2a: Hot Shrek|Ivy Cudgel|p1a: Floots|[anim] Ivy Cudgel Rock\n|-activate|p1a: Floots|move: Protect\n|debug|Protosynthesis spe boost\n|debug|BP: 100\n|move|p1b: Vinny|Weather Ball|p2a: Hot Shrek\n|debug|Sunny Day fire boost\n|-damage|p2a: Hot Shrek|0 fnt\n|faint|p2a: Hot Shrek\n|\n|debug|Protosynthesis spe boost\n|-weather|SunnyDay|[upkeep]\n|-damage|p2b: It's not a phase!|166/202 tox|[from] psn\n|upkeep\n|debug|Protosynthesis spe boost\n|\n|t:|1785465951\n|switch|p2a: Tubular|Volcanion, L50|187/187\n|turn|4\n|debug|Protosynthesis spe boost\n|debug|Protosynthesis spe boost\n|\n|t:|1785465965\n|debug|Protosynthesis spe boost\n|debug|Protosynthesis spe boost\n|move|p2b: It's not a phase!|Light Screen|p2b: It's not a phase!\n|-sidestart|p2: je64|move: Light Screen\n|debug|Protosynthesis spe boost\n|debug|Protosynthesis spe boost\n|move|p1a: Floots|Icy Wind|p2b: It's not a phase!|[spread] p2a,p2b\n|debug|Spread modifier: 0.75\n|-resisted|p2a: Tubular|2\n|debug|Light Screen weaken\n|debug|Spread modifier: 0.75\n|debug|Light Screen weaken\n|-damage|p2a: Tubular|184/187\n|-damage|p2b: It's not a phase!|149/202 tox\n|-unboost|p2a: Tubular|spe|1\n|-unboost|p2b: It's not a phase!|spe|1\n|debug|Protosynthesis spe boost\n|move|p2a: Tubular|Heat Wave|p1a: Floots|[spread] p1b\n|-miss|p2a: Tubular|p1a: Floots\n|debug|Thick Fat weaken\n|debug|Spread modifier: 0.75\n|debug|Sunny Day fire boost\n|-supereffective|p1b: Vinny|1\n|-damage|p1b: Vinny|77/155\n|debug|Protosynthesis spe boost\n|move|p1b: Vinny|Earth Power|p2a: Tubular\n|-supereffective|p2a: Tubular|1\n|debug|Light Screen weaken\n|-damage|p2a: Tubular|132/187\n|\n|debug|Protosynthesis spe boost\n|-weather|SunnyDay|[upkeep]\n|-damage|p2b: It's not a phase!|113/202 tox|[from] psn\n|upkeep\n|turn|5\n|debug|Protosynthesis spe boost\n|debug|Protosynthesis spe boost\n|\n|t:|1785466046\n|debug|Protosynthesis spe boost\n|debug|Protosynthesis spe boost\n|move|p1a: Floots|Protect|p1a: Floots\n|-singleturn|p1a: Floots|Protect\n|debug|Protosynthesis spe boost\n|move|p2b: It's not a phase!|Parting Shot|p1a: Floots\n|-activate|p1a: Floots|move: Protect\n|debug|Protosynthesis spe boost\n|move|p2a: Tubular|Heat Wave|p1a: Floots|[spread] p1b\n|-activate|p1a: Floots|move: Protect\n|debug|Thick Fat weaken\n|debug|Spread modifier: 0.75\n|debug|Sunny Day fire boost\n|-supereffective|p1b: Vinny|1\n|-damage|p1b: Vinny|0 fnt\n|faint|p1b: Vinny\n|debug|Protosynthesis spe boost\n|\n|debug|Protosynthesis spe boost\n|-weather|SunnyDay|[upkeep]\n|-damage|p2b: It's not a phase!|65/202 tox|[from] psn\n|upkeep\n|debug|Protosynthesis spe boost\n|\n|t:|1785466074\n|switch|p1b: Ursa Major|Ursaluna-Bloodmoon, L50, M|197/197\n|turn|6\n|debug|Protosynthesis spe boost\n|debug|Protosynthesis spe boost\n|\n|t:|1785466144\n|debug|Protosynthesis spe boost\n|debug|Protosynthesis spe boost\n|move|p2b: It's not a phase!|Scary Face|p1a: Floots\n|-unboost|p1a: Floots|spe|2\n|debug|Protosynthesis spe boost\n|debug|Protosynthesis spe boost\n|move|p1a: Floots|Shadow Ball|p2a: Tubular\n|debug|Light Screen weaken\n|-damage|p2a: Tubular|94/187\n|debug|Protosynthesis spe boost\n|move|p1b: Ursa Major|Snarl|p2a: Tubular|[spread] p2a,p2b\n|debug|Spread modifier: 0.75\n|debug|Light Screen weaken\n|debug|Spread modifier: 0.75\n|-resisted|p2b: It's not a phase!|2\n|debug|Light Screen weaken\n|-damage|p2a: Tubular|81/187\n|-damage|p2b: It's not a phase!|60/202 tox\n|-unboost|p2a: Tubular|spa|1\n|-unboost|p2b: It's not a phase!|spa|1\n|debug|Protosynthesis spe boost\n|move|p2a: Tubular|Steam Eruption|p1b: Ursa Major\n|debug|Sunny Day water suppress\n|-supereffective|p1b: Ursa Major|1\n|-damage|p1b: Ursa Major|137/197\n|-status|p1b: Ursa Major|brn\n|\n|debug|Protosynthesis spe boost\n|-weather|SunnyDay|[upkeep]\n|-damage|p2b: It's not a phase!|0 fnt|[from] psn\n|faint|p2b: It's not a phase!\n|-damage|p1b: Ursa Major|125/197 brn|[from] brn\n|upkeep\n|debug|Protosynthesis spe boost\n|\n|t:|1785466214\n|switch|p2b: Mancy|Salamence, L50|170/170\n|-ability|p2b: Mancy|Intimidate|boost\n|-unboost|p1a: Floots|atk|1\n|-unboost|p1b: Ursa Major|atk|1\n|turn|7\n|debug|Protosynthesis spe boost\n|debug|Protosynthesis spe boost\n|\n|t:|1785466253\n|switch|p2a: Wemby|Farigiraf, L50|227/227\n|detailschange|p2b: Mancy|Salamence-Mega, L50\n|-mega|p2b: Mancy|Salamence|Salamencite\n|debug|Protosynthesis spe boost\n|debug|Protosynthesis spe boost\n|move|p2b: Mancy|Return|p1a: Floots\n|-enditem|p1a: Floots|Focus Sash\n|-damage|p1a: Floots|1/130\n|debug|Protosynthesis spe boost\n|debug|Protosynthesis spe boost\n|move|p1a: Floots|Icy Wind|p2a: Wemby|[spread] p2a,p2b\n|debug|Spread modifier: 0.75\n|debug|Light Screen weaken\n|debug|Spread modifier: 0.75\n|-supereffective|p2b: Mancy|2\n|debug|Light Screen weaken\n|-damage|p2a: Wemby|204/227\n|-damage|p2b: Mancy|93/170\n|-unboost|p2a: Wemby|spe|1\n|-unboost|p2b: Mancy|spe|1\n|debug|Protosynthesis spe boost\n|move|p1b: Ursa Major|Earth Power|p2a: Wemby\n|debug|Light Screen weaken\n|-damage|p2a: Wemby|116/227\n|\n|debug|Protosynthesis spe boost\n|-weather|SunnyDay|[upkeep]\n|-damage|p1b: Ursa Major|113/197 brn|[from] brn\n|upkeep\n|turn|8\n|debug|Protosynthesis spe boost\n|debug|Protosynthesis spe boost\n|\n|t:|1785466281\n|-end|p1a: Floots|Protosynthesis|[silent]\n|switch|p1a: Mags|Magearna, L50|187/187\n|move|p2a: Wemby|Helping Hand|p2b: Mancy\n|-singleturn|p2b: Mancy|Helping Hand|[of] p2a: Wemby\n|move|p2b: Mancy|Hyper Voice|p1b: Ursa Major|[spread] p1a,p1b\n|debug|Boosting from Helping Hand: 1.5\n|debug|Spread modifier: 0.75\n|-resisted|p1a: Mags|1\n|debug|Boosting from Helping Hand: 1.5\n|debug|Spread modifier: 0.75\n|-damage|p1a: Mags|149/187\n|-damage|p1b: Ursa Major|40/197 brn\n|move|p1b: Ursa Major|Snarl|p2b: Mancy|[spread] p2a,p2b\n|debug|Spread modifier: 0.75\n|-supereffective|p2a: Wemby|1\n|debug|Light Screen weaken\n|debug|Spread modifier: 0.75\n|debug|Light Screen weaken\n|-damage|p2a: Wemby|61/227\n|-damage|p2b: Mancy|71/170\n|-unboost|p2a: Wemby|spa|1\n|-unboost|p2b: Mancy|spa|1\n|\n|-weather|none\n|-heal|p1a: Mags|160/187|[from] item: Leftovers\n|-damage|p1b: Ursa Major|28/197 brn|[from] brn\n|upkeep\n|turn|9\n|\n|t:|1785466320\n|move|p2a: Wemby|Helping Hand|p2b: Mancy\n|-singleturn|p2b: Mancy|Helping Hand|[of] p2a: Wemby\n|move|p2b: Mancy|Hyper Voice|p1b: Ursa Major|[spread] p1a,p1b\n|debug|Boosting from Helping Hand: 1.5\n|debug|Spread modifier: 0.75\n|-resisted|p1a: Mags|1\n|debug|Boosting from Helping Hand: 1.5\n|debug|Spread modifier: 0.75\n|-damage|p1a: Mags|136/187\n|-damage|p1b: Ursa Major|0 fnt\n|faint|p1b: Ursa Major\n|-ability|p1a: Mags|Soul-Heart|boost\n|-boost|p1a: Mags|spa|1\n|move|p1a: Mags|Dazzling Gleam|p2b: Mancy|[spread] p2a,p2b\n|debug|Spread modifier: 0.75\n|debug|Light Screen weaken\n|debug|Spread modifier: 0.75\n|-supereffective|p2b: Mancy|1\n|debug|Light Screen weaken\n|-damage|p2a: Wemby|0 fnt\n|-damage|p2b: Mancy|0 fnt\n|faint|p2a: Wemby\n|-ability|p1a: Mags|Soul-Heart|boost\n|-boost|p1a: Mags|spa|1\n|faint|p2b: Mancy\n|-ability|p1a: Mags|Soul-Heart|boost\n|-boost|p1a: Mags|spa|1\n|\n|-heal|p1a: Mags|147/187|[from] item: Leftovers\n|upkeep\n|\n|t:|1785466338\n|switch|p2b: Tubular|Volcanion, L50|81/187\n|switch|p2a: Poca Roca|Diancie, L50|157/157\n|switch|p1b: Floots|Flutter Mane, L50|1/130\n|turn|10\n|\n|t:|1785466402\n|move|p1a: Mags|Protect|p1a: Mags\n|-singleturn|p1a: Mags|Protect\n|move|p1b: Floots|Shadow Ball|p2b: Tubular\n|debug|Light Screen weaken\n|-damage|p2b: Tubular|45/187\n|move|p2b: Tubular|Heat Wave|p1a: Mags|[spread] p1b\n|-activate|p1a: Mags|move: Protect\n|debug|Spread modifier: 0.75\n|-damage|p1b: Floots|0 fnt\n|faint|p1b: Floots\n|-ability|p1a: Mags|Soul-Heart|boost\n|-boost|p1a: Mags|spa|1\n|-end|p1b: Floots|Protosynthesis|[silent]\n|move|p2a: Poca Roca|Trick Room|p2a: Poca Roca\n|-fieldstart|move: Trick Room|[of] p2a: Poca Roca\n|\n|-heal|p1a: Mags|158/187|[from] item: Leftovers\n|upkeep\n|turn|11\n|\n|t:|1785466428\n|move|p2a: Poca Roca|Moonblast|p1a: Mags\n|-resisted|p1a: Mags|1\n|-damage|p1a: Mags|134/187\n|move|p1a: Mags|Shadow Ball|p2b: Tubular\n|debug|Light Screen weaken\n|-damage|p2b: Tubular|0 fnt\n|faint|p2b: Tubular\n|-ability|p1a: Mags|Soul-Heart|boost\n|-boost|p1a: Mags|spa|1\n|\n|-heal|p1a: Mags|145/187|[from] item: Leftovers\n|-sideend|p2: je64|move: Light Screen\n|upkeep\n|turn|12\n|\n|t:|1785466443\n|move|p2a: Poca Roca|Diamond Storm|p1a: Mags|[miss]\n|-miss|p2a: Poca Roca|p1a: Mags\n|move|p1a: Mags|Dazzling Gleam|p2a: Poca Roca\n|-damage|p2a: Poca Roca|0 fnt\n|faint|p2a: Poca Roca\n|\n|win|mistermoscow\n","uploadtime":1785466505,"views":"11","formatid":"gen9championsdoublescustomgame","rating":null,"private":0,"password":null}