{"id":"gen9doublescustomgame-2254105017","format":"[Gen 9] Doubles Custom Game","players":["Mattmandaman","smokeydabearrr"],"log":"|badge|p1|silver|gen9doublesou|30-3\n|uhtml|medal-msg|<div class=\"broadcast-blue\">Curious what those medals under the avatar are? PS now has Ladder Seasons! For more information, check out the <a href=\"https://www.smogon.com/forums/threads/3740067/\">thread on Smogon.</a></div>\n|j|☆Mattmandaman\n|j|☆smokeydabearrr\n|t:|1732991854\n|gametype|doubles\n|player|p1|Mattmandaman|giovanni|\n|player|p2|smokeydabearrr|101|\n|teamsize|p1|6\n|teamsize|p2|6\n|gen|9\n|tier|[Gen 9] Doubles Custom Game\n|clearpoke\n|poke|p1|Kangaskhan, F|\n|poke|p1|Marshadow|\n|poke|p1|Diancie|\n|poke|p1|Volcanion|\n|poke|p1|Grimmsnarl, M|\n|poke|p1|Thundurus, M|\n|poke|p2|Charizard, F|\n|poke|p2|Blastoise, F|\n|poke|p2|Whimsicott, M|\n|poke|p2|Cresselia, F|\n|poke|p2|Raging Bolt|\n|poke|p2|Walking Wake|\n|teampreview\n|j| je64\n|j| mistermoscow\n|\n|t:|1732992039\n|start\n|switch|p1a: Grimmsnarl|Grimmsnarl, M|394/394\n|switch|p1b: Kangaskhan|Kangaskhan, F|414/414\n|switch|p2a: PSA 10 Shadowless|Charizard, F|297/297\n|switch|p2b: Scott Tennerman|Whimsicott, M|261/261\n|turn|1\n|\n|t:|1732992085\n|detailschange|p2a: PSA 10 Shadowless|Charizard-Mega-Y, F\n|-mega|p2a: PSA 10 Shadowless|Charizard|Charizardite Y\n|-weather|SunnyDay|[from] ability: Drought|[of] p2a: PSA 10 Shadowless\n|detailschange|p1b: Kangaskhan|Kangaskhan-Mega, F\n|-mega|p1b: Kangaskhan|Kangaskhan|Kangaskhanite\n|move|p2a: PSA 10 Shadowless|Protect|p2a: PSA 10 Shadowless\n|-singleturn|p2a: PSA 10 Shadowless|Protect\n|move|p2b: Scott Tennerman|Taunt|p1b: Kangaskhan\n|-start|p1b: Kangaskhan|move: Taunt\n|move|p1a: Grimmsnarl|Light Screen|p1a: Grimmsnarl\n|-sidestart|p1: Mattmandaman|move: Light Screen\n|move|p1b: Kangaskhan|Return|p2b: Scott Tennerman\n|-damage|p2b: Scott Tennerman|50/261\n|debug|Parental Bond modifier: 0.25\n|-damage|p2b: Scott Tennerman|0 fnt\n|faint|p2b: Scott Tennerman\n|-hitcount|p2: Scott Tennerman|2\n|\n|-weather|SunnyDay|[upkeep]\n|upkeep\n|\n|t:|1732992118\n|switch|p2b: Cresselia|Cresselia, F|444/444\n|turn|2\n|\n|t:|1732992154\n|move|p1a: Grimmsnarl|Parting Shot|p2a: PSA 10 Shadowless\n|-unboost|p2a: PSA 10 Shadowless|atk|1\n|-unboost|p2a: PSA 10 Shadowless|spa|1\n|\n|t:|1732992161\n|switch|p1a: Thundurus|Thundurus, M|300/300|[from] Parting Shot\n|move|p2a: PSA 10 Shadowless|Heat Wave|p1a: Thundurus|[spread] p1b\n|-miss|p2a: PSA 10 Shadowless|p1a: Thundurus\n|debug|Spread modifier: 0.75\n|debug|Sunny Day fire boost\n|debug|Light Screen weaken\n|-damage|p1b: Kangaskhan|309/414\n|move|p1b: Kangaskhan|Power-Up Punch|p2b: Cresselia\n|-resisted|p2b: Cresselia\n|-damage|p2b: Cresselia|423/444\n|debug|Covert Cloak prevent secondary\n|-boost|p1b: Kangaskhan|atk|1\n|debug|Parental Bond modifier: 0.25\n|-resisted|p2b: Cresselia\n|-damage|p2b: Cresselia|416/444\n|debug|Covert Cloak prevent secondary\n|-boost|p1b: Kangaskhan|atk|1\n|-hitcount|p2b: Cresselia|2\n|move|p2b: Cresselia|Calm Mind|p2b: Cresselia\n|-boost|p2b: Cresselia|spa|1\n|-boost|p2b: Cresselia|spd|1\n|\n|-weather|SunnyDay|[upkeep]\n|upkeep\n|turn|3\n|\n|t:|1732992198\n|switch|p2a: Raging B0ner|Raging Bolt|454/454\n|-activate|p2a: Raging B0ner|ability: Protosynthesis\n|-start|p2a: Raging B0ner|protosynthesisspa\n|move|p1a: Thundurus|Wildbolt Storm|p2b: Cresselia|[spread] p2a,p2b\n|debug|Spread modifier: 0.75\n|-resisted|p2a: Raging B0ner\n|debug|Spread modifier: 0.75\n|-damage|p2a: Raging B0ner|432/454\n|-damage|p2b: Cresselia|349/444\n|debug|natural status immunity\n|debug|immune to status\n|debug|move failed because it did nothing\n|debug|Covert Cloak prevent secondary\n|move|p1b: Kangaskhan|Crunch|p2b: Cresselia\n|-supereffective|p2b: Cresselia\n|-damage|p2b: Cresselia|5/444\n|debug|Covert Cloak prevent secondary\n|debug|Parental Bond modifier: 0.25\n|-supereffective|p2b: Cresselia\n|-damage|p2b: Cresselia|0 fnt\n|debug|Covert Cloak prevent secondary\n|faint|p2b: Cresselia\n|-hitcount|p2: Cresselia|2\n|\n|-weather|SunnyDay|[upkeep]\n|-end|p1b: Kangaskhan|move: Taunt\n|upkeep\n|\n|t:|1732992235\n|switch|p2b: PSA 10 Shadowless|Charizard-Mega-Y, F|297/297\n|turn|4\n|\n|t:|1732992259\n|move|p2b: PSA 10 Shadowless|Protect|p2b: PSA 10 Shadowless\n|-singleturn|p2b: PSA 10 Shadowless|Protect\n|move|p1a: Thundurus|Scary Face|p2b: PSA 10 Shadowless\n|-activate|p2b: PSA 10 Shadowless|move: Protect\n|move|p1b: Kangaskhan|Return|p2a: Raging B0ner\n|-damage|p2a: Raging B0ner|41/454\n|debug|Parental Bond modifier: 0.25\n|-damage|p2a: Raging B0ner|0 fnt\n|faint|p2a: Raging B0ner\n|-end|p2a: Raging B0ner|Protosynthesis|[silent]\n|-hitcount|p2: Raging B0ner|2\n|\n|-weather|SunnyDay|[upkeep]\n|upkeep\n|\n|t:|1732992273\n|switch|p2a: Yurtle the Turtle?|Blastoise, F|362/362\n|turn|5\n|j| Mango Meloetta\n|c| Mango Meloetta|ITS AWN\n|\n|t:|1732992304\n|-terastallize|p2a: Yurtle the Turtle?|Ghost\n|move|p2a: Yurtle the Turtle?|Fake Out|p1a: Thundurus\n|-damage|p1a: Thundurus|261/300\n|cant|p1a: Thundurus|flinch\n|move|p2b: PSA 10 Shadowless|Heat Wave|p1b: Kangaskhan|[spread] p1a,p1b\n|debug|Spread modifier: 0.75\n|debug|Sunny Day fire boost\n|debug|Light Screen weaken\n|debug|Spread modifier: 0.75\n|debug|Sunny Day fire boost\n|debug|Light Screen weaken\n|-damage|p1a: Thundurus|85/300\n|-damage|p1b: Kangaskhan|156/414\n|move|p1b: Kangaskhan|Return|p2b: PSA 10 Shadowless\n|-damage|p2b: PSA 10 Shadowless|0 fnt\n|faint|p2b: PSA 10 Shadowless\n|-hitcount|p2: PSA 10 Shadowless|1\n|\n|-weather|none\n|upkeep\n|\n|t:|1732992315\n|switch|p2b: WAKE ME UP INSIDE|Walking Wake|339/339\n|turn|6\n|\n|t:|1732992330\n|move|p2a: Yurtle the Turtle?|Follow Me|p2a: Yurtle the Turtle?\n|-singleturn|p2a: Yurtle the Turtle?|move: Follow Me\n|move|p1a: Thundurus|Wildbolt Storm|p2b: WAKE ME UP INSIDE|[spread] p2a,p2b\n|debug|Spread modifier: 0.75\n|debug|Spread modifier: 0.75\n|-damage|p2a: Yurtle the Turtle?|232/362\n|-damage|p2b: WAKE ME UP INSIDE|192/339\n|move|p2b: WAKE ME UP INSIDE|Draco Meteor|p1a: Thundurus\n|debug|Light Screen weaken\n|-damage|p1a: Thundurus|0 fnt\n|-unboost|p2b: WAKE ME UP INSIDE|spa|2\n|faint|p1a: Thundurus\n|-damage|p2b: WAKE ME UP INSIDE|159/339|[from] item: Life Orb\n|move|p1b: Kangaskhan|Crunch|p2a: Yurtle the Turtle?\n|debug|Follow Me redirected target of move\n|-supereffective|p2a: Yurtle the Turtle?\n|-damage|p2a: Yurtle the Turtle?|0 fnt\n|faint|p2a: Yurtle the Turtle?\n|-hitcount|p2: Yurtle the Turtle?|1\n|\n|upkeep\n|\n|t:|1732992346\n|switch|p1a: Marshadow|Marshadow|322/322\n|turn|7\n|\n|t:|1732992352\n|-terastallize|p1a: Marshadow|Ghost\n|move|p1a: Marshadow|Shadow Sneak|p2b: WAKE ME UP INSIDE\n|debug|Base Power: 40\n|debug|Technician boost\n|-damage|p2b: WAKE ME UP INSIDE|0 fnt\n|faint|p2b: WAKE ME UP INSIDE\n|-end|p2b: WAKE ME UP INSIDE|Protosynthesis|[silent]\n|-damage|p1a: Marshadow|290/322|[from] item: Life Orb\n|\n|win|Mattmandaman\n|l|☆smokeydabearrr\n|player|p2|\n","uploadtime":1732992360,"views":"40","formatid":"gen9doublescustomgame","rating":null,"private":0,"password":null}