{"id":"gen9doublescustomgame-2292714533","format":"[Gen 9] Doubles Custom Game","players":["mistermoscow","Mattmandaman"],"log":"|j|☆mistermoscow\n|j|☆Mattmandaman\n|t:|1738459209\n|gametype|doubles\n|player|p1|mistermoscow|alder|\n|player|p2|Mattmandaman|giovanni|\n|teamsize|p1|6\n|teamsize|p2|6\n|gen|9\n|tier|[Gen 9] Doubles Custom Game\n|clearpoke\n|poke|p1|Victreebel, M|\n|poke|p1|Dewgong, M|\n|poke|p1|Nidoking, M|\n|poke|p1|Poliwrath, F|\n|poke|p1|Gengar, M|\n|poke|p1|Dragonite, M|\n|poke|p2|Rhydon, F|\n|poke|p2|Starmie|\n|poke|p2|Gengar, F|\n|poke|p2|Nidoking, M|\n|poke|p2|Chansey, F|\n|poke|p2|Muk, F|\n|teampreview\n|c|☆mistermoscow|official\n|c|☆Mattmandaman|lets do it\n|\n|t:|1738459296\n|start\n|switch|p1a: Dewey|Dewgong, M|384/384\n|switch|p1b: Victor|Victreebel, M|364/364\n|switch|p2a: Rhydon|Rhydon, F|414/414\n|switch|p2b: Gengar|Gengar, F|262/262\n|turn|1\n|\n|t:|1738459330\n|switch|p2a: Muk|Muk, F|414/414\n|move|p1b: Victor|Protect|p1b: Victor\n|-singleturn|p1b: Victor|Protect\n|move|p1a: Dewey|Ice Shard|p2b: Gengar\n|-damage|p2b: Gengar|175/262\n|move|p2b: Gengar|Sludge Bomb|p1b: Victor\n|-activate|p1b: Victor|move: Protect\n|\n|upkeep\n|turn|2\n|\n|t:|1738459370\n|switch|p2b: Chansey|Chansey, F|641/641\n|switch|p1b: King Nido|Nidoking, M|304/304\n|move|p1a: Dewey|Flip Turn|p2b: Chansey\n|-damage|p2b: Chansey|523/641\n|\n|t:|1738459391\n|switch|p1a: Polly|Poliwrath, F|322/322|[from] Flip Turn\n|move|p2a: Muk|Ice Punch|p1b: King Nido\n|-supereffective|p1b: King Nido\n|-damage|p1b: King Nido|84/304\n|debug|natural status immunity\n|debug|immune to status\n|\n|upkeep\n|turn|3\n|\n|t:|1738459462\n|switch|p2b: Starmie|Starmie|262/262\n|move|p1b: King Nido|Earth Power|p2a: Muk\n|-supereffective|p2a: Muk\n|-damage|p2a: Muk|78/414\n|move|p2a: Muk|Ice Punch|p1b: King Nido\n|-supereffective|p1b: King Nido\n|-damage|p1b: King Nido|0 fnt\n|faint|p1b: King Nido\n|move|p1a: Polly|Circle Throw|p2b: Starmie\n|-resisted|p2b: Starmie\n|-damage|p2b: Starmie|206/262\n|drag|p2b: Nidoking|Nidoking, M|304/304\n|\n|-heal|p2a: Muk|103/414|[from] item: Black Sludge\n|upkeep\n|\n|t:|1738459488\n|switch|p1b: Gang Gang|Gengar, M|262/262\n|turn|4\n|\n|t:|1738459528\n|switch|p2b: Starmie|Starmie|206/262\n|move|p1b: Gang Gang|Protect|p1b: Gang Gang\n|-singleturn|p1b: Gang Gang|Protect\n|move|p1a: Polly|Liquidation|p2b: Starmie\n|-resisted|p2b: Starmie\n|-damage|p2b: Starmie|128/262\n|-unboost|p2b: Starmie|def|1\n|move|p2a: Muk|Poison Jab|p1a: Polly\n|-damage|p1a: Polly|208/322\n|\n|-heal|p2a: Muk|128/414|[from] item: Black Sludge\n|upkeep\n|turn|5\n|\n|t:|1738459597\n|switch|p1a: Puff Daddy|Dragonite, M|323/323\n|move|p2b: Starmie|Psychic|p1a: Puff Daddy\n|debug|Multiscale weaken\n|-damage|p1a: Puff Daddy|262/323\n|move|p1b: Gang Gang|Shadow Ball|p2a: Muk\n|-damage|p2a: Muk|0 fnt\n|faint|p2a: Muk\n|\n|upkeep\n|\n|t:|1738459610\n|switch|p2a: Rhydon|Rhydon, F|414/414\n|turn|6\n|\n|t:|1738459646\n|switch|p2b: Gengar|Gengar, F|175/262\n|move|p1a: Puff Daddy|Extreme Speed|p2b: Gengar\n|-immune|p2b: Gengar\n|move|p1b: Gang Gang|Will-O-Wisp|p2a: Rhydon|[miss]\n|-miss|p1b: Gang Gang|p2a: Rhydon\n|move|p2a: Rhydon|Rock Slide|p1a: Puff Daddy|[spread] p1a,p1b\n|debug|Spread modifier: 0.75\n|-supereffective|p1a: Puff Daddy\n|debug|Spread modifier: 0.75\n|-damage|p1a: Puff Daddy|82/323\n|-damage|p1b: Gang Gang|123/262\n|\n|upkeep\n|turn|7\n|\n|t:|1738459675\n|switch|p1a: Polly|Poliwrath, F|208/322\n|move|p1b: Gang Gang|Will-O-Wisp|p2a: Rhydon\n|-status|p2a: Rhydon|brn\n|move|p2b: Gengar|Icy Wind|p1a: Polly|[spread] p1a,p1b\n|debug|Spread modifier: 0.75\n|-resisted|p1a: Polly\n|debug|Spread modifier: 0.75\n|-damage|p1a: Polly|190/322\n|-damage|p1b: Gang Gang|57/262\n|-unboost|p1a: Polly|spe|1\n|-unboost|p1b: Gang Gang|spe|1\n|move|p2a: Rhydon|Rock Slide|p1b: Gang Gang|[spread] p1a,p1b\n|debug|Spread modifier: 0.75\n|-resisted|p1a: Polly\n|debug|Spread modifier: 0.75\n|-damage|p1a: Polly|172/322\n|-damage|p1b: Gang Gang|0 fnt\n|debug|move failed because it did nothing\n|faint|p1b: Gang Gang\n|\n|-damage|p2a: Rhydon|389/414 brn|[from] brn\n|upkeep\n|\n|t:|1738459708\n|switch|p1b: Victor|Victreebel, M|364/364\n|turn|8\n|\n|t:|1738459729\n|move|p1b: Victor|Sucker Punch|p2b: Gengar\n|-supereffective|p2b: Gengar\n|-crit|p2b: Gengar\n|-damage|p2b: Gengar|0 fnt\n|faint|p2b: Gengar\n|move|p1a: Polly|Drain Punch|p2a: Rhydon\n|-supereffective|p2a: Rhydon\n|-damage|p2a: Rhydon|249/414 brn\n|-heal|p1a: Polly|242/322|[from] drain|[of] p2a: Rhydon\n|move|p2a: Rhydon|High Horsepower|p1b: Victor\n|-damage|p1b: Victor|247/364\n|\n|-damage|p2a: Rhydon|224/414 brn|[from] brn\n|upkeep\n|\n|t:|1738459751\n|switch|p2b: Nidoking|Nidoking, M|304/304\n|turn|9\n|\n|t:|1738459764\n|move|p1b: Victor|Protect|p1b: Victor\n|-singleturn|p1b: Victor|Protect\n|move|p2b: Nidoking|Earth Power|p1a: Polly\n|-damage|p1a: Polly|130/322\n|move|p1a: Polly|Liquidation|p2b: Nidoking\n|-supereffective|p2b: Nidoking\n|-damage|p2b: Nidoking|0 fnt\n|faint|p2b: Nidoking\n|move|p2a: Rhydon|High Horsepower|p1a: Polly\n|-damage|p1a: Polly|64/322\n|\n|-damage|p2a: Rhydon|199/414 brn|[from] brn\n|upkeep\n|\n|t:|1738459777\n|switch|p2b: Chansey|Chansey, F|523/641\n|turn|10\n|\n|t:|1738459807\n|switch|p2b: Starmie|Starmie|128/262\n|switch|p1a: Dewey|Dewgong, M|384/384\n|move|p1b: Victor|Leaf Blade|p2a: Rhydon\n|-supereffective|p2a: Rhydon\n|-damage|p2a: Rhydon|0 fnt\n|faint|p2a: Rhydon\n|\n|upkeep\n|\n|t:|1738459811\n|switch|p2a: Chansey|Chansey, F|523/641\n|turn|11\n|\n|t:|1738459825\n|move|p1a: Dewey|Fake Out|p2a: Chansey\n|-damage|p2a: Chansey|473/641\n|move|p1b: Victor|Sucker Punch|p2b: Starmie\n|-supereffective|p2b: Starmie\n|-damage|p2b: Starmie|0 fnt\n|faint|p2b: Starmie\n|cant|p2a: Chansey|flinch\n|\n|upkeep\n|turn|12\n|\n|t:|1738459844\n|move|p1a: Dewey|Rain Dance|p1a: Dewey\n|-weather|RainDance\n|move|p1b: Victor|Swords Dance|p1b: Victor\n|-boost|p1b: Victor|atk|2\n|move|p2a: Chansey|Calm Mind|p2a: Chansey\n|-boost|p2a: Chansey|spa|1\n|-boost|p2a: Chansey|spd|1\n|\n|-weather|RainDance|[upkeep]\n|upkeep\n|turn|13\n|\n|t:|1738459868\n|move|p1a: Dewey|Flip Turn|p2a: Chansey\n|debug|rain water boost\n|-damage|p2a: Chansey|314/641\n|\n|t:|1738459872\n|switch|p1a: Polly|Poliwrath, F|64/322|[from] Flip Turn\n|move|p1b: Victor|Leaf Blade|p2a: Chansey\n|-damage|p2a: Chansey|0 fnt\n|faint|p2a: Chansey\n|\n|win|mistermoscow\n|c|☆Mattmandaman|gg\n|c|☆mistermoscow|gg\n","uploadtime":1738459880,"views":"13","formatid":"gen9doublescustomgame","rating":null,"private":0,"password":null}