{"id":"gen9doublescustomgame-2292007855","format":"[Gen 9] Doubles Custom Game","players":["mistermoscow","je64"],"log":"|j|☆mistermoscow\n|j|☆je64\n|t:|1738353560\n|gametype|doubles\n|player|p1|mistermoscow|alder|\n|player|p2|je64|102|\n|teamsize|p1|6\n|teamsize|p2|6\n|gen|9\n|tier|[Gen 9] Doubles Custom Game\n|clearpoke\n|poke|p1|Victreebel, M|\n|poke|p1|Dewgong, M|\n|poke|p1|Nidoking, M|\n|poke|p1|Poliwrath, F|\n|poke|p1|Gengar, M|\n|poke|p1|Dragonite, M|\n|poke|p2|Kadabra, M|\n|poke|p2|Exeggutor, M|\n|poke|p2|Hitmonchan, M|\n|poke|p2|Rhydon, M|\n|poke|p2|Chansey, F|\n|poke|p2|Electabuzz, M|\n|teampreview\n|j| Mattmandaman\n|\n|t:|1738353610\n|start\n|switch|p1a: Gang Gang|Gengar, M|262/262\n|switch|p1b: Puff Daddy|Dragonite, M|323/323\n|switch|p2a: Jackie|Hitmonchan, M|304/304\n|switch|p2b: San Ti Ren 三体人|Exeggutor, M|363/363\n|turn|1\n|\n|t:|1738353635\n|switch|p2b: Lizzo|Chansey, F|704/704\n|move|p1a: Gang Gang|Will-O-Wisp|p2a: Jackie\n|-status|p2a: Jackie|brn\n|move|p1b: Puff Daddy|Dual Wingbeat|p2b: Lizzo\n|-damage|p2b: Lizzo|592/704\n|-damage|p2b: Lizzo|481/704\n|-hitcount|p2b: Lizzo|2\n|move|p2a: Jackie|Ice Punch|p1b: Puff Daddy\n|debug|Iron Fist boost\n|-supereffective|p1b: Puff Daddy\n|debug|Multiscale weaken\n|-damage|p1b: Puff Daddy|219/323\n|\n|-damage|p2a: Jackie|285/304 brn|[from] brn\n|upkeep\n|turn|2\n|\n|t:|1738353702\n|switch|p1a: Dewey|Dewgong, M|384/384\n|switch|p2a: Rhydon Corleone|Rhydon, M|351/351\n|move|p1b: Puff Daddy|Dragon Claw|p2a: Rhydon Corleone\n|-crit|p2a: Rhydon Corleone\n|-damage|p2a: Rhydon Corleone|224/351\n|move|p2b: Lizzo|Toxic|p1b: Puff Daddy\n|-status|p1b: Puff Daddy|tox\n|\n|-damage|p1b: Puff Daddy|199/323 tox|[from] psn\n|upkeep\n|turn|3\n|\n|t:|1738353736\n|move|p1a: Dewey|Fake Out|p2a: Rhydon Corleone\n|-resisted|p2a: Rhydon Corleone\n|-damage|p2a: Rhydon Corleone|213/351\n|move|p1b: Puff Daddy|Rain Dance|p1b: Puff Daddy\n|-weather|RainDance\n|move|p2b: Lizzo|Toxic|p1a: Dewey\n|-status|p1a: Dewey|tox\n|cant|p2a: Rhydon Corleone|flinch\n|\n|-weather|RainDance|[upkeep]\n|-damage|p1b: Puff Daddy|159/323 tox|[from] psn\n|-damage|p1a: Dewey|360/384 tox|[from] psn\n|upkeep\n|turn|4\n|\n|t:|1738353757\n|switch|p1b: Polly|Poliwrath, F|322/322\n|switch|p2a: Buzz Lightyear|Electabuzz, M|334/334\n|move|p1a: Dewey|Flip Turn|p2a: Buzz Lightyear\n|debug|rain water boost\n|-damage|p2a: Buzz Lightyear|241/334\n|\n|t:|1738353769\n|switch|p1a: King Nido|Nidoking, M|304/304|[from] Flip Turn\n|move|p2b: Lizzo|Seismic Toss|p1b: Polly\n|-damage|p1b: Polly|222/322\n|\n|-weather|RainDance|[upkeep]\n|upkeep\n|turn|5\n|\n|t:|1738353793\n|switch|p2a: Jackie|Hitmonchan, M|285/304 brn\n|move|p1a: King Nido|Earth Power|p2a: Jackie\n|-damage|p2a: Jackie|170/304 brn\n|move|p1b: Polly|Drain Punch|p2b: Lizzo\n|-supereffective|p2b: Lizzo\n|-damage|p2b: Lizzo|157/704\n|-heal|p1b: Polly|322/322|[from] drain|[of] p2b: Lizzo\n|move|p2b: Lizzo|Toxic|p1b: Polly\n|-status|p1b: Polly|tox\n|\n|-weather|RainDance|[upkeep]\n|-damage|p1b: Polly|302/322 tox|[from] psn\n|-damage|p2a: Jackie|151/304 brn|[from] brn\n|upkeep\n|turn|6\n|\n|t:|1738353824\n|switch|p1a: Dewey|Dewgong, M|360/384 tox\n|switch|p2b: San Ti Ren 三体人|Exeggutor, M|363/363\n|move|p2a: Jackie|Fake Out|p1a: Dewey\n|-damage|p1a: Dewey|331/384 tox\n|move|p1b: Polly|Drain Punch|p2b: San Ti Ren 三体人\n|-resisted|p2b: San Ti Ren 三体人\n|-damage|p2b: San Ti Ren 三体人|297/363\n|-heal|p1b: Polly|322/322 tox|[from] drain|[of] p2b: San Ti Ren 三体人\n|\n|-weather|RainDance|[upkeep]\n|-heal|p1a: Dewey|355/384 tox|[from] item: Leftovers\n|-damage|p1b: Polly|282/322 tox|[from] psn\n|-damage|p1a: Dewey|331/384 tox|[from] psn\n|-damage|p2a: Jackie|132/304 brn|[from] brn\n|upkeep\n|turn|7\n|\n|t:|1738353887\n|move|p1a: Dewey|Fake Out|p2b: San Ti Ren 三体人\n|-damage|p2b: San Ti Ren 三体人|257/363\n|move|p2a: Jackie|Drain Punch|p1a: Dewey\n|debug|Iron Fist boost\n|-supereffective|p1a: Dewey\n|-damage|p1a: Dewey|150/384 tox\n|-heal|p2a: Jackie|223/304 brn|[from] drain|[of] p1a: Dewey\n|move|p1b: Polly|Liquidation|p2b: San Ti Ren 三体人\n|debug|rain water boost\n|-resisted|p2b: San Ti Ren 三体人\n|-damage|p2b: San Ti Ren 三体人|143/363\n|-enditem|p2b: San Ti Ren 三体人|Sitrus Berry|[eat]\n|-heal|p2b: San Ti Ren 三体人|233/363|[from] item: Sitrus Berry\n|cant|p2b: San Ti Ren 三体人|flinch\n|\n|-weather|none\n|-heal|p1a: Dewey|174/384 tox|[from] item: Leftovers\n|-damage|p1a: Dewey|126/384 tox|[from] psn\n|-damage|p1b: Polly|222/322 tox|[from] psn\n|-damage|p2a: Jackie|204/304 brn|[from] brn\n|upkeep\n|turn|8\n|\n|t:|1738353926\n|switch|p1a: Victor|Victreebel, M|364/364\n|move|p2a: Jackie|Drain Punch|p1a: Victor\n|debug|Iron Fist boost\n|-resisted|p1a: Victor\n|-damage|p1a: Victor|308/364\n|-heal|p2a: Jackie|232/304 brn|[from] drain|[of] p1a: Victor\n|move|p1b: Polly|Circle Throw|p2b: San Ti Ren 三体人\n|-resisted|p2b: San Ti Ren 三体人\n|-damage|p2b: San Ti Ren 三体人|182/363\n|drag|p2b: K.Dot|Kadabra, M|221/221\n|\n|-damage|p1b: Polly|142/322 tox|[from] psn\n|-damage|p2a: Jackie|213/304 brn|[from] brn\n|upkeep\n|turn|9\n|\n|t:|1738353972\n|move|p1a: Victor|Sucker Punch|p2b: K.Dot\n|-supereffective|p2b: K.Dot\n|-damage|p2b: K.Dot|0 fnt\n|faint|p2b: K.Dot\n|move|p2a: Jackie|Drain Punch|p1b: Polly\n|debug|Iron Fist boost\n|-damage|p1b: Polly|75/322 tox\n|-heal|p2a: Jackie|247/304 brn|[from] drain|[of] p1b: Polly\n|move|p1b: Polly|Rock Slide|p2a: Jackie\n|-resisted|p2a: Jackie\n|-damage|p2a: Jackie|196/304 brn\n|\n|-damage|p1b: Polly|0 fnt|[from] psn\n|faint|p1b: Polly\n|-damage|p2a: Jackie|177/304 brn|[from] brn\n|upkeep\n|\n|t:|1738354026\n|switch|p2b: Buzz Lightyear|Electabuzz, M|241/334\n|switch|p1b: King Nido|Nidoking, M|304/304\n|turn|10\n|\n|t:|1738354062\n|move|p2b: Buzz Lightyear|Protect|p2b: Buzz Lightyear\n|-singleturn|p2b: Buzz Lightyear|Protect\n|move|p1b: King Nido|Earth Power|p2b: Buzz Lightyear\n|-activate|p2b: Buzz Lightyear|move: Protect\n|move|p2a: Jackie|Ice Punch|p1a: Victor\n|debug|Iron Fist boost\n|-supereffective|p1a: Victor\n|-damage|p1a: Victor|163/364\n|-enditem|p1a: Victor|Aguav Berry|[eat]\n|-heal|p1a: Victor|284/364|[from] item: Aguav Berry\n|move|p1a: Victor|Swords Dance|p1a: Victor\n|-boost|p1a: Victor|atk|2\n|\n|-damage|p2a: Jackie|158/304 brn|[from] brn\n|upkeep\n|turn|11\n|\n|t:|1738354099\n|move|p2b: Buzz Lightyear|Follow Me|p2b: Buzz Lightyear\n|-singleturn|p2b: Buzz Lightyear|move: Follow Me\n|move|p1b: King Nido|Earth Power|p2b: Buzz Lightyear\n|debug|Follow Me redirected target of move\n|-supereffective|p2b: Buzz Lightyear\n|-damage|p2b: Buzz Lightyear|0 fnt\n|faint|p2b: Buzz Lightyear\n|move|p2a: Jackie|Ice Punch|p1a: Victor\n|debug|Iron Fist boost\n|-supereffective|p1a: Victor\n|-damage|p1a: Victor|139/364\n|move|p1a: Victor|Leaf Blade|p2a: Jackie\n|-damage|p2a: Jackie|0 fnt\n|faint|p2a: Jackie\n|\n|upkeep\n|\n|t:|1738354160\n|switch|p2b: Lizzo|Chansey, F|157/704\n|switch|p2a: San Ti Ren 三体人|Exeggutor, M|182/363\n|turn|12\n|\n|t:|1738354173\n|switch|p1b: Dewey|Dewgong, M|126/384 tox\n|move|p1a: Victor|Leaf Blade|p2b: Lizzo\n|-crit|p2b: Lizzo\n|-damage|p2b: Lizzo|0 fnt\n|faint|p2b: Lizzo\n|move|p2a: San Ti Ren 三体人|Trick Room|p2a: San Ti Ren 三体人\n|-fieldstart|move: Trick Room|[of] p2a: San Ti Ren 三体人\n|\n|-heal|p1b: Dewey|150/384 tox|[from] item: Leftovers\n|-damage|p1b: Dewey|126/384 tox|[from] psn\n|-item|p2a: San Ti Ren 三体人|Sitrus Berry|[from] ability: Harvest\n|upkeep\n|\n|t:|1738354184\n|switch|p2b: Rhydon Corleone|Rhydon, M|213/351\n|turn|13\n|\n|t:|1738354231\n|move|p2a: San Ti Ren 三体人|Protect|p2a: San Ti Ren 三体人\n|-singleturn|p2a: San Ti Ren 三体人|Protect\n|move|p1b: Dewey|Fake Out|p2b: Rhydon Corleone\n|-resisted|p2b: Rhydon Corleone\n|-damage|p2b: Rhydon Corleone|204/351\n|move|p1a: Victor|Sucker Punch||[still]\n|-fail|p1a: Victor\n|cant|p2b: Rhydon Corleone|flinch\n|\n|-heal|p1b: Dewey|150/384 tox|[from] item: Leftovers\n|-damage|p1b: Dewey|102/384 tox|[from] psn\n|upkeep\n|turn|14\n|\n|t:|1738354263\n|move|p2a: San Ti Ren 三体人|Protect|p2a: San Ti Ren 三体人\n|debug|Success chance: 33%\n|-singleturn|p2a: San Ti Ren 三体人|Protect\n|move|p1b: Dewey|Ice Shard|p2a: San Ti Ren 三体人\n|-activate|p2a: San Ti Ren 三体人|move: Protect\n|move|p1a: Victor|Sucker Punch|p2b: Rhydon Corleone\n|-crit|p2b: Rhydon Corleone\n|-damage|p2b: Rhydon Corleone|62/351\n|move|p2b: Rhydon Corleone|High Horsepower|p1a: Victor\n|-damage|p1a: Victor|0 fnt\n|faint|p1a: Victor\n|\n|-heal|p1b: Dewey|126/384 tox|[from] item: Leftovers\n|-damage|p1b: Dewey|54/384 tox|[from] psn\n|upkeep\n|\n|t:|1738354280\n|switch|p1a: Puff Daddy|Dragonite, M|159/323 tox\n|turn|15\n|\n|t:|1738354308\n|move|p1a: Puff Daddy|Extreme Speed|p2b: Rhydon Corleone\n|-resisted|p2b: Rhydon Corleone\n|-damage|p2b: Rhydon Corleone|33/351\n|move|p1b: Dewey|Ice Shard|p2a: San Ti Ren 三体人\n|-supereffective|p2a: San Ti Ren 三体人\n|-damage|p2a: San Ti Ren 三体人|60/363\n|-enditem|p2a: San Ti Ren 三体人|Sitrus Berry|[eat]\n|-heal|p2a: San Ti Ren 三体人|150/363|[from] item: Sitrus Berry\n|move|p2b: Rhydon Corleone|Rock Slide|p1a: Puff Daddy|[spread] p1a,p1b\n|debug|Spread modifier: 0.75\n|-supereffective|p1a: Puff Daddy\n|debug|Spread modifier: 0.75\n|-supereffective|p1b: Dewey\n|-damage|p1a: Puff Daddy|0 fnt\n|-damage|p1b: Dewey|0 fnt\n|faint|p1a: Puff Daddy\n|faint|p1b: Dewey\n|move|p2a: San Ti Ren 三体人|Psychic|p1: Puff Daddy|[notarget]\n|-fail|p2a: San Ti Ren 三体人\n|\n|upkeep\n|\n|t:|1738354326\n|switch|p1b: Gang Gang|Gengar, M|262/262\n|switch|p1a: King Nido|Nidoking, M|304/304\n|turn|16\n|\n|t:|1738354355\n|move|p1b: Gang Gang|Protect|p1b: Gang Gang\n|-singleturn|p1b: Gang Gang|Protect\n|move|p2b: Rhydon Corleone|High Horsepower|p1a: King Nido\n|-supereffective|p1a: King Nido\n|-damage|p1a: King Nido|0 fnt\n|faint|p1a: King Nido\n|move|p2a: San Ti Ren 三体人|Psychic|p1b: Gang Gang\n|-activate|p1b: Gang Gang|move: Protect\n|\n|-fieldend|move: Trick Room\n|-item|p2a: San Ti Ren 三体人|Sitrus Berry|[from] ability: Harvest\n|upkeep\n|-enditem|p2a: San Ti Ren 三体人|Sitrus Berry|[eat]\n|-heal|p2a: San Ti Ren 三体人|240/363|[from] item: Sitrus Berry\n|turn|17\n|\n|t:|1738354390\n|move|p1b: Gang Gang|Shadow Ball|p2b: Rhydon Corleone\n|-damage|p2b: Rhydon Corleone|0 fnt\n|faint|p2b: Rhydon Corleone\n|move|p2a: San Ti Ren 三体人|Psychic|p1b: Gang Gang\n|-supereffective|p1b: Gang Gang\n|-enditem|p1b: Gang Gang|Focus Sash\n|-damage|p1b: Gang Gang|1/262\n|\n|-item|p2a: San Ti Ren 三体人|Sitrus Berry|[from] ability: Harvest\n|upkeep\n|turn|18\n|\n|t:|1738354412\n|move|p1b: Gang Gang|Shadow Ball|p2a: San Ti Ren 三体人\n|-supereffective|p2a: San Ti Ren 三体人\n|-damage|p2a: San Ti Ren 三体人|0 fnt\n|faint|p2a: San Ti Ren 三体人\n|\n|win|mistermoscow\n","uploadtime":1738354416,"views":"10","formatid":"gen9doublescustomgame","rating":null,"private":0,"password":null}