{"id":"gen9doublescustomgame-2436119054","format":"[Gen 9] Doubles Custom Game","players":["mango meloetta","mistermoscow"],"log":"|j|☆mango meloetta\n|j|☆mistermoscow\n|t:|1757126469\n|gametype|doubles\n|player|p1|mango meloetta|ghetsis-gen5bw|\n|player|p2|mistermoscow|alder|\n|gen|9\n|tier|[Gen 9] Doubles Custom Game\n|clearpoke\n|poke|p1|Electabuzz|\n|poke|p1|Arcanine|\n|poke|p1|Weezing|\n|poke|p1|Snorlax|\n|poke|p1|Persian|\n|poke|p1|Pinsir|\n|poke|p2|Nidoking, M|\n|poke|p2|Dugtrio, M|\n|poke|p2|Exeggutor, M|\n|poke|p2|Mr. Mime, F|\n|poke|p2|Jolteon, M|\n|poke|p2|Dragonite, M|\n|teampreview\n|j| noli_cannoli1O\n|j| mattmandaman\n|\n|t:|1757126668\n|teamsize|p1|6\n|teamsize|p2|6\n|start\n|switch|p1a: Persian|Persian|272/272\n|switch|p1b: Weezing|Weezing|334/334\n|switch|p2a: Puff Daddy|Dragonite, M|323/323\n|switch|p2b: Sally|Mr. Mime, F|284/284\n|turn|1\n|\n|t:|1757126694\n|move|p1a: Persian|Fake Out|p2a: Puff Daddy\n|debug|Base Power: 40\n|debug|Technician boost\n|debug|Multiscale weaken\n|-damage|p2a: Puff Daddy|284/323\n|debug|Covert Cloak prevent secondary\n|move|p2b: Sally|Fake Out|p1b: Weezing\n|-damage|p1b: Weezing|320/334\n|move|p2a: Puff Daddy|Tailwind|p2a: Puff Daddy\n|-sidestart|p2: mistermoscow|move: Tailwind\n|cant|p1b: Weezing|flinch\n|\n|-heal|p1b: Weezing|334/334|[from] item: Black Sludge\n|upkeep\n|turn|2\n|\n|t:|1757126727\n|move|p2a: Puff Daddy|Breaking Swipe|p1a: Persian|[spread] p1a,p1b\n|debug|Spread modifier: 0.75\n|debug|Spread modifier: 0.75\n|-damage|p1a: Persian|134/272\n|-damage|p1b: Weezing|259/334\n|-unboost|p1a: Persian|atk|1\n|-unboost|p1b: Weezing|atk|1\n|move|p2b: Sally|Psychic Terrain|p2b: Sally\n|-fieldstart|move: Psychic Terrain\n|move|p1a: Persian|Thunder Wave|p2a: Puff Daddy\n|-status|p2a: Puff Daddy|par\n|move|p1b: Weezing|Heat Wave|p2b: Sally|[spread] p2a,p2b\n|debug|Spread modifier: 0.75\n|-resisted|p2a: Puff Daddy\n|debug|Spread modifier: 0.75\n|-damage|p2a: Puff Daddy|258/323 par\n|-damage|p2b: Sally|239/284\n|debug|Covert Cloak prevent secondary\n|\n|-heal|p2b: Sally|256/284|[from] item: Leftovers\n|-heal|p1b: Weezing|279/334|[from] item: Black Sludge\n|upkeep\n|turn|3\n|\n|t:|1757126750\n|switch|p1b: Pinsir|Pinsir|271/271\n|move|p2b: Sally|Expanding Force|p1b: Pinsir|[spread] p1a,p1b\n|debug|psychic terrain boost\n|debug|terrain buff\n|debug|Spread modifier: 0.75\n|debug|psychic terrain boost\n|debug|terrain buff\n|debug|Spread modifier: 0.75\n|-damage|p1a: Persian|0 fnt\n|-damage|p1b: Pinsir|54/271\n|faint|p1a: Persian\n|move|p2a: Puff Daddy|Facade|p1b: Pinsir\n|-damage|p1b: Pinsir|0 fnt\n|faint|p1b: Pinsir\n|\n|-heal|p2b: Sally|273/284|[from] item: Leftovers\n|upkeep\n|\n|t:|1757126776\n|switch|p1a: Snorlax|Snorlax|524/524\n|switch|p1b: Electabuzz|Electabuzz|334/334\n|turn|4\n|\n|t:|1757126790\n|move|p2b: Sally|Expanding Force|p1a: Snorlax|[spread] p1a,p1b\n|debug|psychic terrain boost\n|debug|terrain buff\n|debug|Spread modifier: 0.75\n|debug|psychic terrain boost\n|debug|terrain buff\n|debug|Spread modifier: 0.75\n|-damage|p1a: Snorlax|407/524\n|-damage|p1b: Electabuzz|217/334\n|cant|p2a: Puff Daddy|par\n|move|p1b: Electabuzz|Electroweb|p2a: Puff Daddy|[spread] p2a,p2b\n|debug|Spread modifier: 0.75\n|debug|Spread modifier: 0.75\n|-damage|p2a: Puff Daddy|210/323 par\n|-damage|p2b: Sally|236/284\n|debug|Covert Cloak prevent secondary\n|-unboost|p2b: Sally|spe|1\n|move|p1a: Snorlax|Return|p2b: Sally\n|-damage|p2b: Sally|104/284\n|\n|-heal|p2b: Sally|121/284|[from] item: Leftovers\n|-sideend|p2: mistermoscow|move: Tailwind\n|upkeep\n|turn|5\n|\n|t:|1757126810\n|move|p1b: Electabuzz|Light Screen|p1b: Electabuzz\n|-sidestart|p1: mango meloetta|move: Light Screen\n|move|p2b: Sally|Expanding Force|p1a: Snorlax|[spread] p1a,p1b\n|debug|psychic terrain boost\n|debug|terrain buff\n|debug|Spread modifier: 0.75\n|debug|Light Screen weaken\n|debug|psychic terrain boost\n|debug|terrain buff\n|debug|Spread modifier: 0.75\n|debug|Light Screen weaken\n|-damage|p1a: Snorlax|329/524\n|-damage|p1b: Electabuzz|134/334\n|move|p2a: Puff Daddy|Breaking Swipe|p1b: Electabuzz|[spread] p1a,p1b\n|debug|Spread modifier: 0.75\n|debug|Spread modifier: 0.75\n|-damage|p1a: Snorlax|233/524\n|-damage|p1b: Electabuzz|74/334\n|-unboost|p1a: Snorlax|atk|1\n|-unboost|p1b: Electabuzz|atk|1\n|-enditem|p1a: Snorlax|Figy Berry|[eat]\n|-heal|p1a: Snorlax|407/524|[from] item: Figy Berry\n|move|p1a: Snorlax|Return|p2b: Sally\n|-damage|p2b: Sally|33/284\n|\n|-heal|p2b: Sally|50/284|[from] item: Leftovers\n|upkeep\n|turn|6\n|\n|t:|1757126891\n|switch|p2b: King Nido|Nidoking, M|366/366\n|move|p1b: Electabuzz|Electroweb|p2a: Puff Daddy|[spread] p2a\n|-immune|p2b: King Nido\n|debug|Spread modifier: 0.75\n|-damage|p2a: Puff Daddy|167/323 par\n|debug|Covert Cloak prevent secondary\n|cant|p2a: Puff Daddy|par\n|move|p1a: Snorlax|Belly Drum|p1a: Snorlax\n|-damage|p1a: Snorlax|145/524\n|-setboost|p1a: Snorlax|atk|6|[from] move: Belly Drum\n|\n|-fieldend|move: Psychic Terrain\n|upkeep\n|turn|7\n|\n|t:|1757126962\n|move|p1b: Electabuzz|Follow Me|p1b: Electabuzz\n|-singleturn|p1b: Electabuzz|move: Follow Me\n|move|p2b: King Nido|Earth Power|p1b: Electabuzz\n|debug|Follow Me redirected target of move\n|-supereffective|p1b: Electabuzz\n|debug|Light Screen weaken\n|-damage|p1b: Electabuzz|0 fnt\n|faint|p1b: Electabuzz\n|move|p2a: Puff Daddy|Facade|p1a: Snorlax\n|-damage|p1a: Snorlax|0 fnt\n|faint|p1a: Snorlax\n|\n|upkeep\n|\n|t:|1757126972\n|switch|p1b: Weezing|Weezing|279/334\n|switch|p1a: Arcanine|Arcanine|321/321\n|-ability|p1a: Arcanine|Intimidate|boost\n|-unboost|p2a: Puff Daddy|atk|1\n|-unboost|p2b: King Nido|atk|1\n|turn|8\n|\n|t:|1757126987\n|move|p1a: Arcanine|Protect|p1a: Arcanine\n|-singleturn|p1a: Arcanine|Protect\n|move|p2b: King Nido|Earth Power|p1a: Arcanine\n|-activate|p1a: Arcanine|move: Protect\n|move|p1b: Weezing|Stockpile|p1b: Weezing\n|-start|p1b: Weezing|stockpile1\n|-boost|p1b: Weezing|def|1\n|-boost|p1b: Weezing|spd|1\n|cant|p2a: Puff Daddy|par\n|\n|-heal|p1b: Weezing|299/334|[from] item: Black Sludge\n|upkeep\n|turn|9\n|\n|t:|1757127056\n|move|p1a: Arcanine|Flare Blitz|p2b: King Nido\n|-damage|p2b: King Nido|126/366\n|-damage|p1a: Arcanine|242/321|[from] Recoil\n|move|p2b: King Nido|Earth Power|p1a: Arcanine\n|-supereffective|p1a: Arcanine\n|debug|Light Screen weaken\n|-damage|p1a: Arcanine|0 fnt\n|faint|p1a: Arcanine\n|move|p1b: Weezing|Stockpile|p1b: Weezing\n|-start|p1b: Weezing|stockpile2\n|-boost|p1b: Weezing|def|1\n|-boost|p1b: Weezing|spd|1\n|move|p2a: Puff Daddy|Tailwind|p2a: Puff Daddy\n|-sidestart|p2: mistermoscow|move: Tailwind\n|\n|-heal|p1b: Weezing|319/334|[from] item: Black Sludge\n|-sideend|p1: mango meloetta|move: Light Screen\n|upkeep\n|turn|10\n|\n|t:|1757127125\n|move|p2b: King Nido|Earth Power|p1b: Weezing\n|-immune|p1b: Weezing|[from] ability: Levitate\n|move|p2a: Puff Daddy|Breaking Swipe|p1b: Weezing\n|debug|Negating (sp)atk boost/penalty.\n|debug|Negating (sp)def boost/penalty.\n|-crit|p1b: Weezing\n|-damage|p1b: Weezing|159/334\n|-unboost|p1b: Weezing|atk|1\n|move|p1b: Weezing|Stockpile|p1b: Weezing\n|-start|p1b: Weezing|stockpile3\n|-boost|p1b: Weezing|def|1\n|-boost|p1b: Weezing|spd|1\n|\n|-heal|p1b: Weezing|179/334|[from] item: Black Sludge\n|upkeep\n|turn|11\n|\n|t:|1757127147\n|move|p2b: King Nido|Flamethrower|p1b: Weezing\n|-damage|p1b: Weezing|121/334\n|move|p2a: Puff Daddy|Facade|p1b: Weezing\n|-damage|p1b: Weezing|79/334\n|move|p1b: Weezing|Heat Wave|p2b: King Nido|[spread] p2a,p2b\n|debug|Spread modifier: 0.75\n|-resisted|p2a: Puff Daddy\n|debug|Spread modifier: 0.75\n|-damage|p2a: Puff Daddy|144/323 par\n|-damage|p2b: King Nido|62/366\n|debug|Covert Cloak prevent secondary\n|\n|-heal|p1b: Weezing|99/334|[from] item: Black Sludge\n|upkeep\n|turn|12\n|\n|t:|1757127169\n|move|p1b: Weezing|Protect|p1b: Weezing\n|-singleturn|p1b: Weezing|Protect\n|move|p2b: King Nido|Flamethrower|p1b: Weezing\n|-activate|p1b: Weezing|move: Protect\n|move|p2a: Puff Daddy|Breaking Swipe|p1b: Weezing\n|-activate|p1b: Weezing|move: Protect\n|\n|-heal|p1b: Weezing|119/334|[from] item: Black Sludge\n|-sideend|p2: mistermoscow|move: Tailwind\n|upkeep\n|turn|13\n|\n|t:|1757127194\n|move|p2b: King Nido|Flamethrower|p1b: Weezing\n|debug|Negating (sp)def boost/penalty.\n|-crit|p1b: Weezing\n|-damage|p1b: Weezing|0 fnt\n|faint|p1b: Weezing\n|\n|win|mistermoscow\n|c|☆mistermoscow|gg\n|c|☆mango meloetta|gg\n","uploadtime":1757127204,"views":"20","formatid":"gen9doublescustomgame","rating":null,"private":0,"password":null}