{"id":"gen9doublescustomgame-2017934069","format":"[Gen 9] Doubles Custom Game","players":["je64","mattmandaman"],"log":"|j|☆je64\n|j|☆mattmandaman\n|t:|1703293329\n|gametype|doubles\n|player|p1|je64|2|\n|player|p2|mattmandaman|giovanni|\n|teamsize|p1|6\n|teamsize|p2|6\n|gen|9\n|tier|[Gen 9] Doubles Custom Game\n|clearpoke\n|poke|p1|Cresselia, F|\n|poke|p1|Magearna|\n|poke|p1|Ursaluna, F|\n|poke|p1|Enamorus-Therian, F|\n|poke|p1|Smeargle, F|\n|poke|p1|Incineroar, F|\n|poke|p2|Mew|\n|poke|p2|Grimmsnarl, M|\n|poke|p2|Rillaboom, M|\n|poke|p2|Zoroark-Hisui, F|\n|poke|p2|Tapu Lele|\n|poke|p2|Baxcalibur, M|\n|teampreview\n|j| Weedichu\n|\n|t:|1703293394\n|start\n|switch|p1a: Could Be Anything!|Smeargle, F|314/314\n|switch|p1b: I Ma-gearna kill u|Magearna|364/364\n|switch|p2a: Mew|Mew|252/252\n|switch|p2b: Grimmsnarl|Grimmsnarl, M|394/394\n|turn|1\n|\n|t:|1703293419\n|move|p1a: Could Be Anything!|Fake Out|p2a: Mew\n|-immune|p2a: Mew\n|move|p2b: Grimmsnarl|Light Screen|p2b: Grimmsnarl\n|-sidestart|p2: mattmandaman|move: Light Screen\n|move|p2a: Mew|Taunt|p1a: Could Be Anything!\n|-start|p1a: Could Be Anything!|move: Taunt\n|move|p1b: I Ma-gearna kill u|Trick Room|p1b: I Ma-gearna kill u\n|-fieldstart|move: Trick Room|[of] p1b: I Ma-gearna kill u\n|\n|-ability|p1a: Could Be Anything!|Moody|boost\n|-boost|p1a: Could Be Anything!|atk|2\n|-unboost|p1a: Could Be Anything!|def|1\n|upkeep\n|turn|2\n|\n|t:|1703293480\n|switch|p1a: Yassss Queen|Enamorus-Therian, F|352/352\n|move|p2b: Grimmsnarl|Parting Shot|p1b: I Ma-gearna kill u\n|-unboost|p1b: I Ma-gearna kill u|atk|1\n|-unboost|p1b: I Ma-gearna kill u|spa|1\n|\n|t:|1703293490\n|switch|p2b: Mew|Mew|404/404|[from] Parting Shot\n|move|p1b: I Ma-gearna kill u|Dazzling Gleam|p2b: Mew|[spread] p2a,p2b\n|debug|Spread modifier: 0.75\n|debug|Light Screen weaken\n|debug|Spread modifier: 0.75\n|debug|Light Screen weaken\n|-damage|p2a: Mew|178/252\n|-damage|p2b: Mew|353/404\n|debug|illusion cleared\n|replace|p2a: Zoroark|Zoroark-Hisui, F\n|-end|p2a: Zoroark|Illusion\n|move|p2a: Zoroark|Hyper Voice|p1b: I Ma-gearna kill u|[spread] p1a,p1b\n|debug|Spread modifier: 0.75\n|-crit|p1a: Yassss Queen\n|debug|Spread modifier: 0.75\n|-resisted|p1b: I Ma-gearna kill u\n|-damage|p1a: Yassss Queen|180/352\n|-damage|p1b: I Ma-gearna kill u|307/364\n|\n|-heal|p1b: I Ma-gearna kill u|329/364|[from] item: Leftovers\n|upkeep\n|turn|3\n|\n|t:|1703293531\n|switch|p1b: Chairman Mao|Incineroar, F|394/394\n|-ability|p1b: Chairman Mao|Intimidate|boost\n|-unboost|p2a: Zoroark|atk|1\n|-unboost|p2b: Mew|atk|1\n|move|p1a: Yassss Queen|Calm Mind|p1a: Yassss Queen\n|-boost|p1a: Yassss Queen|spa|1\n|-boost|p1a: Yassss Queen|spd|1\n|move|p2b: Mew|Cosmic Power|p2b: Mew\n|-boost|p2b: Mew|def|1\n|-boost|p2b: Mew|spd|1\n|move|p2a: Zoroark|Hyper Voice|p1b: Chairman Mao|[spread] p1a,p1b\n|debug|Spread modifier: 0.75\n|debug|Spread modifier: 0.75\n|-damage|p1a: Yassss Queen|107/352\n|-damage|p1b: Chairman Mao|279/394\n|\n|upkeep\n|turn|4\n|\n|t:|1703293562\n|move|p1a: Yassss Queen|Springtide Storm|p2a: Zoroark|[spread] p2a,p2b\n|debug|Spread modifier: 0.75\n|debug|Light Screen weaken\n|debug|Negating (sp)def boost/penalty.\n|debug|Spread modifier: 0.75\n|-crit|p2b: Mew\n|-damage|p2a: Zoroark|0 fnt\n|-damage|p2b: Mew|0 fnt\n|faint|p2a: Zoroark\n|faint|p2b: Mew\n|-damage|p1a: Yassss Queen|72/352|[from] item: Life Orb\n|move|p1b: Chairman Mao|Darkest Lariat|p2: Zoroark|[notarget]\n|-fail|p1b: Chairman Mao\n|\n|upkeep\n|\n|t:|1703293606\n|switch|p2b: Tapu Lele|Tapu Lele|282/282\n|switch|p2a: Grimmsnarl|Grimmsnarl, M|394/394\n|-fieldstart|move: Psychic Terrain|[from] ability: Psychic Surge|[of] p2b: Tapu Lele\n|turn|5\n|\n|t:|1703293633\n|move|p2a: Grimmsnarl|Reflect|p2a: Grimmsnarl\n|-sidestart|p2: mattmandaman|Reflect\n|move|p1a: Yassss Queen|Draining Kiss|p2a: Grimmsnarl\n|-supereffective|p2a: Grimmsnarl\n|debug|Light Screen weaken\n|-damage|p2a: Grimmsnarl|91/394\n|-heal|p1a: Yassss Queen|299/352|[from] drain|[of] p2a: Grimmsnarl\n|-damage|p1a: Yassss Queen|264/352|[from] item: Life Orb\n|move|p1b: Chairman Mao|Parting Shot|p2b: Tapu Lele\n|-unboost|p2b: Tapu Lele|atk|1\n|-unboost|p2b: Tapu Lele|spa|1\n|\n|t:|1703293653\n|switch|p1b: I Ma-gearna kill u|Magearna|329/364|[from] Parting Shot\n|move|p2b: Tapu Lele|Dazzling Gleam|p1a: Yassss Queen|[spread] p1a,p1b\n|debug|Spread modifier: 0.75\n|debug|Spread modifier: 0.75\n|-resisted|p1b: I Ma-gearna kill u\n|-damage|p1a: Yassss Queen|216/352\n|-damage|p1b: I Ma-gearna kill u|295/364\n|\n|-heal|p1b: I Ma-gearna kill u|317/364|[from] item: Leftovers\n|-fieldend|move: Trick Room\n|upkeep\n|turn|6\n|\n|t:|1703293692\n|switch|p2b: Rillaboom|Rillaboom, M|404/404\n|-fieldstart|move: Grassy Terrain|[from] ability: Grassy Surge|[of] p2b: Rillaboom\n|move|p2a: Grimmsnarl|Parting Shot|p1a: Yassss Queen\n|-unboost|p1a: Yassss Queen|atk|1\n|-unboost|p1a: Yassss Queen|spa|1\n|\n|t:|1703293703\n|switch|p2a: Tapu Lele|Tapu Lele|282/282|[from] Parting Shot\n|-fieldstart|move: Psychic Terrain|[from] ability: Psychic Surge|[of] p2a: Tapu Lele\n|move|p1a: Yassss Queen|Calm Mind|p1a: Yassss Queen\n|-boost|p1a: Yassss Queen|spa|1\n|-boost|p1a: Yassss Queen|spd|1\n|move|p1b: I Ma-gearna kill u|Trick Room|p1b: I Ma-gearna kill u\n|-fieldstart|move: Trick Room|[of] p1b: I Ma-gearna kill u\n|\n|-heal|p1b: I Ma-gearna kill u|339/364|[from] item: Leftovers\n|upkeep\n|turn|7\n|\n|t:|1703293725\n|move|p1a: Yassss Queen|Draining Kiss|p2b: Rillaboom\n|debug|Light Screen weaken\n|-damage|p2b: Rillaboom|295/404\n|-heal|p1a: Yassss Queen|298/352|[from] drain|[of] p2b: Rillaboom\n|-damage|p1a: Yassss Queen|263/352|[from] item: Life Orb\n|move|p1b: I Ma-gearna kill u|Flash Cannon|p2a: Tapu Lele\n|-supereffective|p2a: Tapu Lele\n|debug|Light Screen weaken\n|-damage|p2a: Tapu Lele|94/282\n|move|p2b: Rillaboom|Knock Off|p1b: I Ma-gearna kill u\n|-resisted|p1b: I Ma-gearna kill u\n|-damage|p1b: I Ma-gearna kill u|286/364\n|-enditem|p1b: I Ma-gearna kill u|Leftovers|[from] move: Knock Off|[of] p2b: Rillaboom\n|move|p2a: Tapu Lele|Psyshock|p1a: Yassss Queen\n|debug|psychic terrain boost\n|-damage|p1a: Yassss Queen|88/352\n|\n|upkeep\n|turn|8\n|\n|t:|1703293761\n|move|p1a: Yassss Queen|Draining Kiss|p2b: Rillaboom\n|debug|Light Screen weaken\n|-damage|p2b: Rillaboom|183/404\n|-heal|p1a: Yassss Queen|172/352|[from] drain|[of] p2b: Rillaboom\n|-damage|p1a: Yassss Queen|137/352|[from] item: Life Orb\n|move|p1b: I Ma-gearna kill u|Flash Cannon|p2a: Tapu Lele\n|-supereffective|p2a: Tapu Lele\n|debug|Light Screen weaken\n|-damage|p2a: Tapu Lele|0 fnt\n|faint|p2a: Tapu Lele\n|-ability|p1b: I Ma-gearna kill u|Soul-Heart|boost\n|-boost|p1b: I Ma-gearna kill u|spa|1\n|move|p2b: Rillaboom|U-turn|p1b: I Ma-gearna kill u\n|-resisted|p1b: I Ma-gearna kill u\n|-damage|p1b: I Ma-gearna kill u|267/364\n|\n|t:|1703293770\n|switch|p2b: Baxcalibur|Baxcalibur, M|372/372|[from] U-turn\n|\n|-sideend|p2: mattmandaman|move: Light Screen\n|upkeep\n|\n|t:|1703293773\n|switch|p2a: Rillaboom|Rillaboom, M|183/404\n|-fieldstart|move: Grassy Terrain|[from] ability: Grassy Surge|[of] p2a: Rillaboom\n|turn|9\n|\n|t:|1703293795\n|-terastallize|p2b: Baxcalibur|Steel\n|move|p2a: Rillaboom|Fake Out|p1b: I Ma-gearna kill u\n|-resisted|p1b: I Ma-gearna kill u\n|-damage|p1b: I Ma-gearna kill u|245/364\n|move|p1a: Yassss Queen|Draining Kiss|p2b: Baxcalibur\n|-resisted|p2b: Baxcalibur\n|-damage|p2b: Baxcalibur|269/372\n|-heal|p1a: Yassss Queen|214/352|[from] drain|[of] p2b: Baxcalibur\n|-damage|p1a: Yassss Queen|179/352|[from] item: Life Orb\n|cant|p1b: I Ma-gearna kill u|flinch\n|move|p2b: Baxcalibur|Swords Dance|p2b: Baxcalibur\n|-boost|p2b: Baxcalibur|atk|2\n|\n|debug|Pokemon semi-invuln or not grounded; Grassy Terrain skipped\n|-heal|p1b: I Ma-gearna kill u|267/364|[from] Grassy Terrain\n|-heal|p2a: Rillaboom|208/404|[from] Grassy Terrain\n|-heal|p2b: Baxcalibur|292/372|[from] Grassy Terrain\n|upkeep\n|turn|10\n|\n|t:|1703293823\n|switch|p2a: Grimmsnarl|Grimmsnarl, M|91/394\n|-terastallize|p1a: Yassss Queen|Ground\n|move|p2b: Baxcalibur|Protect|p2b: Baxcalibur\n|-singleturn|p2b: Baxcalibur|Protect\n|move|p1a: Yassss Queen|Earth Power|p2b: Baxcalibur\n|-activate|p2b: Baxcalibur|move: Protect\n|move|p1b: I Ma-gearna kill u|Flash Cannon|p2a: Grimmsnarl\n|-supereffective|p2a: Grimmsnarl\n|-damage|p2a: Grimmsnarl|0 fnt\n|faint|p2a: Grimmsnarl\n|-ability|p1b: I Ma-gearna kill u|Soul-Heart|boost\n|-boost|p1b: I Ma-gearna kill u|spa|1\n|\n|-heal|p1a: Yassss Queen|201/352|[from] Grassy Terrain\n|-heal|p1b: I Ma-gearna kill u|289/364|[from] Grassy Terrain\n|-heal|p2b: Baxcalibur|315/372|[from] Grassy Terrain\n|-fieldend|move: Trick Room\n|upkeep\n|\n|t:|1703293834\n|switch|p2a: Rillaboom|Rillaboom, M|208/404\n|turn|11\n|\n|t:|1703293848\n|move|p2a: Rillaboom|Fake Out|p1b: I Ma-gearna kill u\n|-resisted|p1b: I Ma-gearna kill u\n|-damage|p1b: I Ma-gearna kill u|265/364\n|move|p2b: Baxcalibur|Icicle Spear|p1a: Yassss Queen\n|-supereffective|p1a: Yassss Queen\n|-damage|p1a: Yassss Queen|21/352\n|-supereffective|p1a: Yassss Queen\n|-damage|p1a: Yassss Queen|0 fnt\n|faint|p1a: Yassss Queen\n|-ability|p1b: I Ma-gearna kill u|Soul-Heart|boost\n|-boost|p1b: I Ma-gearna kill u|spa|1\n|-hitcount|p1: Yassss Queen|2\n|cant|p1b: I Ma-gearna kill u|flinch\n|\n|-heal|p2b: Baxcalibur|338/372|[from] Grassy Terrain\n|-heal|p2a: Rillaboom|233/404|[from] Grassy Terrain\n|-heal|p1b: I Ma-gearna kill u|287/364|[from] Grassy Terrain\n|upkeep\n|\n|t:|1703293868\n|switch|p1a: Chairman Mao|Incineroar, F|279/394\n|-ability|p1a: Chairman Mao|Intimidate|boost\n|-unboost|p2a: Rillaboom|atk|1\n|-unboost|p2b: Baxcalibur|atk|1\n|turn|12\n|\n|t:|1703293883\n|move|p2b: Baxcalibur|Protect|p2b: Baxcalibur\n|-singleturn|p2b: Baxcalibur|Protect\n|move|p1a: Chairman Mao|Fake Out|p2b: Baxcalibur\n|-activate|p2b: Baxcalibur|move: Protect\n|move|p2a: Rillaboom|U-turn|p1a: Chairman Mao\n|-damage|p1a: Chairman Mao|221/394\n|move|p1b: I Ma-gearna kill u|Flash Cannon|p2a: Rillaboom\n|-damage|p2a: Rillaboom|0 fnt\n|faint|p2a: Rillaboom\n|-ability|p1b: I Ma-gearna kill u|Soul-Heart|boost\n|-boost|p1b: I Ma-gearna kill u|spa|1\n|\n|-heal|p2b: Baxcalibur|361/372|[from] Grassy Terrain\n|-heal|p1a: Chairman Mao|245/394|[from] Grassy Terrain\n|-heal|p1b: I Ma-gearna kill u|309/364|[from] Grassy Terrain\n|-sideend|p2: mattmandaman|Reflect\n|upkeep\n|turn|13\n|\n|t:|1703293903\n|move|p2b: Baxcalibur|Icicle Spear|p1b: I Ma-gearna kill u\n|-resisted|p1b: I Ma-gearna kill u\n|-damage|p1b: I Ma-gearna kill u|275/364\n|-resisted|p1b: I Ma-gearna kill u\n|-damage|p1b: I Ma-gearna kill u|242/364\n|-resisted|p1b: I Ma-gearna kill u\n|-damage|p1b: I Ma-gearna kill u|209/364\n|-resisted|p1b: I Ma-gearna kill u\n|-damage|p1b: I Ma-gearna kill u|174/364\n|-resisted|p1b: I Ma-gearna kill u\n|-damage|p1b: I Ma-gearna kill u|140/364\n|-hitcount|p1b: I Ma-gearna kill u|5\n|move|p1a: Chairman Mao|Parting Shot|p2b: Baxcalibur\n|-unboost|p2b: Baxcalibur|atk|1\n|-unboost|p2b: Baxcalibur|spa|1\n|\n|t:|1703293916\n|switch|p1a: Could Be Anything!|Smeargle, F|314/314|[from] Parting Shot\n|move|p1b: I Ma-gearna kill u|Flash Cannon|p2b: Baxcalibur\n|-resisted|p2b: Baxcalibur\n|-damage|p2b: Baxcalibur|74/372\n|\n|-heal|p2b: Baxcalibur|97/372|[from] Grassy Terrain\n|-heal|p1b: I Ma-gearna kill u|162/364|[from] Grassy Terrain\n|-fieldend|move: Grassy Terrain\n|-ability|p1a: Could Be Anything!|Moody|boost\n|-boost|p1a: Could Be Anything!|spe|2\n|-unboost|p1a: Could Be Anything!|def|1\n|upkeep\n|turn|14\n|\n|t:|1703293932\n|move|p1a: Could Be Anything!|Spore|p2b: Baxcalibur\n|-status|p2b: Baxcalibur|slp|[from] move: Spore\n|cant|p2b: Baxcalibur|slp\n|move|p1b: I Ma-gearna kill u|Flash Cannon|p2b: Baxcalibur\n|-resisted|p2b: Baxcalibur\n|-damage|p2b: Baxcalibur|0 fnt\n|faint|p2b: Baxcalibur\n|\n|win|je64\n","uploadtime":1703293940,"views":"58","formatid":"gen9doublescustomgame","rating":null,"private":0,"password":null}