{"id":"gen9doublescustomgame-2242763304","format":"[Gen 9] Doubles Custom Game","players":["mistermoscow","mattmandaman"],"log":"|badge|p2|silver|gen9doublesou|30-3\n|uhtml|medal-msg|<div class=\"broadcast-blue\">Curious what those medals under the avatar are? PS now has Ladder Seasons! For more information, check out the <a href=\"https://www.smogon.com/forums/threads/3740067/\">thread on Smogon.</a></div>\n|j|☆mistermoscow\n|j|☆mattmandaman\n|t:|1731460984\n|gametype|doubles\n|player|p1|mistermoscow|alder|\n|player|p2|mattmandaman|giovanni|\n|teamsize|p1|6\n|teamsize|p2|6\n|gen|9\n|tier|[Gen 9] Doubles Custom Game\n|clearpoke\n|poke|p1|Murkrow, M|\n|poke|p1|Landorus, M|\n|poke|p1|Incineroar, F|\n|poke|p1|Iron Hands|\n|poke|p1|Gholdengo|\n|poke|p1|Ogerpon-Wellspring, F|\n|poke|p2|Deoxys-Attack|\n|poke|p2|Indeedee-F, F|\n|poke|p2|Diancie|\n|poke|p2|Volcanion|\n|poke|p2|Grimmsnarl, M|\n|poke|p2|Venusaur, F|\n|teampreview\n|j| noli_cannoli10\n|j| Mango Meloetta\n|\n|t:|1731461048\n|start\n|switch|p1a: Krowbar|Murkrow, M|324/324\n|switch|p1b: Zora|Ogerpon-Wellspring, F|302/302\n|switch|p2a: Volcanion|Volcanion|364/364\n|switch|p2b: Grimmsnarl|Grimmsnarl, M|394/394\n|turn|1\n|\n|t:|1731461092\n|-terastallize|p1b: Zora|Water\n|detailschange|p1b: Zora|Ogerpon-Wellspring-Tera, F, tera:Water\n|-ability|p1b: Zora|Embody Aspect (Wellspring)|boost\n|-boost|p1b: Zora|spd|1\n|move|p1a: Krowbar|Thunder Wave|p2a: Volcanion\n|-status|p2a: Volcanion|par\n|move|p2b: Grimmsnarl|Reflect|p2b: Grimmsnarl\n|-sidestart|p2: mattmandaman|Reflect\n|move|p1b: Zora|Ivy Cudgel|p2b: Grimmsnarl|[anim] Ivy Cudgel Water\n|debug|Reflect weaken\n|-damage|p2b: Grimmsnarl|177/394\n|move|p2a: Volcanion|Heat Wave|p1b: Zora|[spread] p1a,p1b\n|debug|Spread modifier: 0.75\n|debug|Spread modifier: 0.75\n|-resisted|p1b: Zora\n|-damage|p1a: Krowbar|138/324\n|-damage|p1b: Zora|254/302\n|-status|p1b: Zora|brn\n|\n|-damage|p1b: Zora|236/302 brn|[from] brn\n|upkeep\n|turn|2\n|\n|t:|1731461131\n|switch|p1a: Cindy|Incineroar, F|363/363\n|-ability|p1a: Cindy|Intimidate|boost\n|-unboost|p2a: Volcanion|atk|1\n|-unboost|p2b: Grimmsnarl|atk|1\n|move|p2b: Grimmsnarl|Light Screen|p2b: Grimmsnarl\n|-sidestart|p2: mattmandaman|move: Light Screen\n|move|p1b: Zora|Leech Seed|p2b: Grimmsnarl\n|-start|p2b: Grimmsnarl|move: Leech Seed\n|move|p2a: Volcanion|Heat Wave|p1b: Zora|[spread] p1a,p1b\n|debug|Spread modifier: 0.75\n|-resisted|p1a: Cindy\n|debug|Spread modifier: 0.75\n|-resisted|p1b: Zora\n|-damage|p1a: Cindy|288/363\n|-damage|p1b: Zora|186/302 brn\n|debug|Covert Cloak prevent secondary\n|\n|-damage|p2b: Grimmsnarl|128/394|[from] Leech Seed|[of] p1b: Zora\n|-heal|p1b: Zora|235/302 brn|[silent]\n|-damage|p1b: Zora|217/302 brn|[from] brn\n|upkeep\n|turn|3\n|\n|t:|1731461165\n|move|p2b: Grimmsnarl|Parting Shot|p1b: Zora\n|-unboost|p1b: Zora|atk|1\n|-unboost|p1b: Zora|spa|1\n|\n|t:|1731461170\n|switch|p2b: Diancie|Diancie|304/304|[from] Parting Shot\n|move|p1b: Zora|Ivy Cudgel|p2b: Diancie|[anim] Ivy Cudgel Water\n|-supereffective|p2b: Diancie\n|debug|Reflect weaken\n|-damage|p2b: Diancie|216/304\n|move|p1a: Cindy|Knock Off|p2a: Volcanion\n|debug|Reflect weaken\n|-damage|p2a: Volcanion|263/364 par\n|-enditem|p2a: Volcanion|Shuca Berry|[from] move: Knock Off|[of] p1a: Cindy\n|move|p2a: Volcanion|Steam Eruption|p1a: Cindy\n|-supereffective|p1a: Cindy\n|-damage|p1a: Cindy|0 fnt\n|debug|Covert Cloak prevent secondary\n|faint|p1a: Cindy\n|\n|-heal|p2b: Diancie|235/304|[from] item: Leftovers\n|-damage|p1b: Zora|199/302 brn|[from] brn\n|upkeep\n|\n|t:|1731461224\n|switch|p1a: Handiman|Iron Hands|512/512\n|turn|4\n|\n|t:|1731461244\n|move|p1a: Handiman|Fake Out|p2a: Volcanion\n|debug|Reflect weaken\n|-damage|p2a: Volcanion|230/364 par\n|move|p1b: Zora|Leech Seed|p2a: Volcanion\n|-start|p2a: Volcanion|move: Leech Seed\n|move|p2b: Diancie|Diamond Storm|p1b: Zora|[spread] p1a,p1b\n|debug|Spread modifier: 0.75\n|-resisted|p1a: Handiman\n|debug|Spread modifier: 0.75\n|-damage|p1a: Handiman|457/512\n|-damage|p1b: Zora|52/302 brn\n|cant|p2a: Volcanion|flinch\n|\n|-heal|p2b: Diancie|254/304|[from] item: Leftovers\n|-damage|p2a: Volcanion|185/364 par|[from] Leech Seed|[of] p1b: Zora\n|-heal|p1b: Zora|97/302 brn|[silent]\n|-damage|p1b: Zora|79/302 brn|[from] brn\n|upkeep\n|turn|5\n|\n|t:|1731461293\n|move|p1b: Zora|Spiky Shield|p1b: Zora\n|-singleturn|p1b: Zora|move: Protect\n|move|p1a: Handiman|Volt Switch|p2a: Volcanion\n|-supereffective|p2a: Volcanion\n|debug|Light Screen weaken\n|-damage|p2a: Volcanion|113/364 par\n|\n|t:|1731461300\n|-end|p1a: Handiman|Quark Drive|[silent]\n|switch|p1a: Goldi|Gholdengo|378/378|[from] Volt Switch\n|move|p2b: Diancie|Diamond Storm|p1b: Zora|[spread] p1a\n|-activate|p1b: Zora|move: Protect\n|debug|Spread modifier: 0.75\n|-resisted|p1a: Goldi\n|-damage|p1a: Goldi|315/378\n|-boost|p2b: Diancie|def|2\n|move|p2a: Volcanion|Steam Eruption|p1a: Goldi\n|-damage|p1a: Goldi|87/378\n|-status|p1a: Goldi|brn\n|\n|-heal|p2b: Diancie|273/304|[from] item: Leftovers\n|-damage|p2a: Volcanion|68/364 par|[from] Leech Seed|[of] p1b: Zora\n|-heal|p1b: Zora|124/302 brn|[silent]\n|-damage|p1b: Zora|106/302 brn|[from] brn\n|-damage|p1a: Goldi|64/378 brn|[from] brn\n|upkeep\n|turn|6\n|\n|t:|1731461337\n|switch|p2a: Indeedee|Indeedee-F, F|344/344\n|-fieldstart|move: Psychic Terrain|[from] ability: Psychic Surge|[of] p2a: Indeedee\n|-terastallize|p2b: Diancie|Fire\n|move|p1b: Zora|Leech Seed|p2b: Diancie\n|-start|p2b: Diancie|move: Leech Seed\n|move|p1a: Goldi|Make It Rain|p2b: Diancie|[spread] p2a,p2b\n|debug|Spread modifier: 0.75\n|debug|Light Screen weaken\n|debug|Spread modifier: 0.75\n|-resisted|p2b: Diancie\n|debug|Light Screen weaken\n|-damage|p2a: Indeedee|243/344\n|-damage|p2b: Diancie|235/304\n|-unboost|p1a: Goldi|spa|1\n|move|p2b: Diancie|Trick Room|p2b: Diancie\n|-fieldstart|move: Trick Room|[of] p2b: Diancie\n|\n|-heal|p2b: Diancie|254/304|[from] item: Leftovers\n|-damage|p2b: Diancie|216/304|[from] Leech Seed|[of] p1b: Zora\n|-heal|p1b: Zora|144/302 brn|[silent]\n|-damage|p1a: Goldi|41/378 brn|[from] brn\n|-damage|p1b: Zora|126/302 brn|[from] brn\n|upkeep\n|turn|7\n|\n|t:|1731461371\n|switch|p1a: Handiman|Iron Hands|457/512\n|move|p1b: Zora|Spiky Shield|p1b: Zora\n|-singleturn|p1b: Zora|move: Protect\n|move|p2b: Diancie|Diamond Storm|p1a: Handiman|[spread] p1a\n|-activate|p1b: Zora|move: Protect\n|debug|Spread modifier: 0.75\n|-resisted|p1a: Handiman\n|-damage|p1a: Handiman|401/512\n|move|p2a: Indeedee|Dazzling Gleam|p1a: Handiman|[spread] p1a\n|-activate|p1b: Zora|move: Protect\n|debug|Spread modifier: 0.75\n|-supereffective|p1a: Handiman\n|-crit|p1a: Handiman\n|-damage|p1a: Handiman|283/512\n|\n|-heal|p2b: Diancie|235/304|[from] item: Leftovers\n|-damage|p2b: Diancie|197/304|[from] Leech Seed|[of] p1b: Zora\n|-heal|p1b: Zora|164/302 brn|[silent]\n|-damage|p1b: Zora|146/302 brn|[from] brn\n|upkeep\n|turn|8\n|\n|t:|1731461409\n|move|p2b: Diancie|Diamond Storm|p1a: Handiman|[spread] p1a,p1b\n|debug|Spread modifier: 0.75\n|-resisted|p1a: Handiman\n|-crit|p1a: Handiman\n|debug|Spread modifier: 0.75\n|-damage|p1a: Handiman|193/512\n|-damage|p1b: Zora|2/302 brn\n|move|p1a: Handiman|Drain Punch|p2b: Diancie\n|debug|Reflect weaken\n|-damage|p2b: Diancie|159/304\n|-heal|p1a: Handiman|212/512|[from] drain|[of] p2b: Diancie\n|move|p2a: Indeedee|Dazzling Gleam|p1a: Handiman|[spread] p1a,p1b\n|debug|Spread modifier: 0.75\n|-supereffective|p1a: Handiman\n|debug|Spread modifier: 0.75\n|-damage|p1a: Handiman|132/512\n|-damage|p1b: Zora|0 fnt\n|faint|p1b: Zora\n|\n|-heal|p2b: Diancie|178/304|[from] item: Leftovers\n|debug|Nothing to leech into\n|-sideend|p2: mattmandaman|Reflect\n|upkeep\n|\n|t:|1731461433\n|switch|p1b: Krowbar|Murkrow, M|138/324\n|turn|9\n|\n|t:|1731461471\n|-end|p1a: Handiman|Quark Drive|[silent]\n|switch|p1a: Goldi|Gholdengo|41/378 brn\n|move|p1b: Krowbar|Thunder Wave|p2b: Diancie\n|-activate|p2b: Diancie|move: Psychic Terrain\n|move|p2b: Diancie|Diamond Storm|p1b: Krowbar|[spread] p1a,p1b\n|debug|Spread modifier: 0.75\n|-resisted|p1a: Goldi\n|debug|Spread modifier: 0.75\n|-supereffective|p1b: Krowbar\n|-damage|p1a: Goldi|0 fnt\n|-damage|p1b: Krowbar|0 fnt\n|-boost|p2b: Diancie|def|2\n|faint|p1a: Goldi\n|faint|p1b: Krowbar\n|move|p2a: Indeedee|Dazzling Gleam|p1: Goldi|[notarget]\n|-fail|p2a: Indeedee\n|\n|-heal|p2b: Diancie|197/304|[from] item: Leftovers\n|debug|Nothing to leech into\n|-sideend|p2: mattmandaman|move: Light Screen\n|upkeep\n|\n|t:|1731461485\n|switch|p1a: Handiman|Iron Hands|132/512\n|switch|p1b: God|Landorus, M|319/319\n|turn|10\n|\n|t:|1731461503\n|switch|p2a: Volcanion|Volcanion|68/364 par\n|move|p1a: Handiman|Drain Punch|p2a: Volcanion\n|-damage|p2a: Volcanion|0 fnt\n|-heal|p1a: Handiman|166/512|[from] drain|[of] p2a: Volcanion\n|faint|p2a: Volcanion\n|move|p2b: Diancie|Diamond Storm|p1b: God|[spread] p1a,p1b\n|debug|Spread modifier: 0.75\n|-resisted|p1a: Handiman\n|-crit|p1a: Handiman\n|debug|Spread modifier: 0.75\n|-damage|p1a: Handiman|87/512\n|-damage|p1b: God|178/319\n|-boost|p2b: Diancie|def|2\n|move|p1b: God|Earth Power|p2b: Diancie\n|-supereffective|p2b: Diancie\n|-damage|p2b: Diancie|0 fnt\n|faint|p2b: Diancie\n|\n|-fieldend|move: Trick Room\n|-fieldend|move: Psychic Terrain\n|upkeep\n|\n|t:|1731461518\n|switch|p2a: Indeedee|Indeedee-F, F|243/344\n|switch|p2b: Deoxys|Deoxys-Attack|241/241\n|-ability|p2b: Deoxys|Pressure\n|-fieldstart|move: Psychic Terrain|[from] ability: Psychic Surge|[of] p2a: Indeedee\n|turn|11\n|\n|t:|1731461539\n|move|p2a: Indeedee|Helping Hand|p2b: Deoxys\n|-singleturn|p2b: Deoxys|Helping Hand|[of] p2a: Indeedee\n|move|p2b: Deoxys|Expanding Force|p1a: Handiman|[spread] p1a,p1b\n|debug|Boosting from Helping Hand: 1.5\n|debug|psychic terrain boost\n|debug|terrain buff\n|debug|Spread modifier: 0.75\n|-supereffective|p1a: Handiman\n|debug|Boosting from Helping Hand: 1.5\n|debug|psychic terrain boost\n|debug|terrain buff\n|debug|Spread modifier: 0.75\n|-damage|p1a: Handiman|0 fnt\n|-damage|p1b: God|0 fnt\n|faint|p1a: Handiman\n|-end|p1a: Handiman|Quark Drive|[silent]\n|faint|p1b: God\n|\n|win|mattmandaman\n","uploadtime":1731461550,"views":"13","formatid":"gen9doublescustomgame","rating":null,"private":0,"password":null}