{"id":"gen9doublescustomgame-2262018869","format":"[Gen 9] Doubles Custom Game","players":["mistermoscow","mattmandaman"],"log":"|badge|p2|gold|gen9doublesou|3-3\n|uhtml|medal-msg|<div class=\"broadcast-blue\">Curious what those medals under the avatar are? PS now has Ladder Seasons! For more information, check out the <a href=\"https://www.smogon.com/forums/threads/3740067/\">thread on Smogon.</a></div>\n|j|☆mistermoscow\n|j|☆mattmandaman\n|t:|1734054530\n|gametype|doubles\n|player|p1|mistermoscow|alder|\n|player|p2|mattmandaman|giovanni|\n|teamsize|p1|6\n|teamsize|p2|6\n|gen|9\n|tier|[Gen 9] Doubles Custom Game\n|clearpoke\n|poke|p1|Nidoqueen, F|\n|poke|p1|Meowth, M|\n|poke|p1|Clefairy, M|\n|poke|p1|Ditto|\n|poke|p1|Victreebel, M|\n|poke|p1|Snorlax, M|\n|poke|p2|Fearow, M|\n|poke|p2|Marowak, M|\n|poke|p2|Pikachu, F|\n|poke|p2|Porygon|\n|poke|p2|Butterfree, M|\n|poke|p2|Gengar, M|\n|teampreview\n|\n|t:|1734054572\n|start\n|switch|p1a: Prince Puss|Meowth, M|284/284\n|switch|p1b: Victor|Victreebel, M|364/364\n|switch|p2a: Porygon|Porygon|334/334\n|switch|p2b: Fearow|Fearow, M|272/272\n|-ability|p2a: Porygon|Download|boost\n|-boost|p2a: Porygon|atk|1\n|turn|1\n|\n|t:|1734054618\n|switch|p1b: Clifford|Clefairy, M|344/344\n|move|p1a: Prince Puss|Fake Out|p2a: Porygon\n|debug|Base Power: 40\n|debug|Technician boost\n|-damage|p2a: Porygon|306/334\n|move|p2b: Fearow|Drill Peck|p1b: Clifford\n|-damage|p1b: Clifford|263/344\n|cant|p2a: Porygon|flinch\n|\n|upkeep\n|turn|2\n|\n|t:|1734054643\n|switch|p1a: Miss Nido|Nidoqueen, F|353/353\n|move|p2b: Fearow|Drill Peck|p1b: Clifford\n|-damage|p1b: Clifford|181/344\n|move|p2a: Porygon|Icy Wind|p1a: Miss Nido|[spread] p1a,p1b\n|debug|Spread modifier: 0.75\n|-supereffective|p1a: Miss Nido\n|-crit|p1a: Miss Nido\n|debug|Spread modifier: 0.75\n|-damage|p1a: Miss Nido|295/353\n|-damage|p1b: Clifford|154/344\n|-unboost|p1a: Miss Nido|spe|1\n|-unboost|p1b: Clifford|spe|1\n|move|p1b: Clifford|Minimize|p1b: Clifford\n|-boost|p1b: Clifford|evasion|2\n|\n|upkeep\n|turn|3\n|\n|t:|1734054672\n|move|p2b: Fearow|Drill Peck|p1b: Clifford\n|-damage|p1b: Clifford|69/344\n|move|p1a: Miss Nido|Poison Jab|p2a: Porygon\n|-damage|p2a: Porygon|221/334\n|move|p1b: Clifford|Minimize|p1b: Clifford\n|-boost|p1b: Clifford|evasion|2\n|move|p2a: Porygon|Teleport|p2a: Porygon\n|\n|t:|1734054679\n|switch|p2a: Marowak|Marowak, M|262/262|[from] Teleport\n|\n|upkeep\n|turn|4\n|\n|t:|1734054708\n|move|p1b: Clifford|Follow Me|p1b: Clifford\n|-singleturn|p1b: Clifford|move: Follow Me\n|move|p2b: Fearow|Drill Run|p1b: Clifford|[miss]\n|debug|Follow Me redirected target of move\n|-miss|p2b: Fearow|p1b: Clifford\n|move|p2a: Marowak|Earthquake|p1a: Miss Nido|[spread] p1a\n|-immune|p2b: Fearow\n|-miss|p2a: Marowak|p1b: Clifford\n|debug|Spread modifier: 0.75\n|-supereffective|p1a: Miss Nido\n|-damage|p1a: Miss Nido|0 fnt\n|faint|p1a: Miss Nido\n|\n|upkeep\n|\n|t:|1734054726\n|switch|p1a: Imp|Ditto|300/300\n|-transform|p1a: Imp|p2b: Fearow|[from] ability: Imposter\n|turn|5\n|\n|t:|1734054764\n|move|p1a: Imp|Drill Run|p2a: Marowak\n|-damage|p2a: Marowak|190/262\n|move|p2b: Fearow|Tailwind|p2b: Fearow\n|-sidestart|p2: mattmandaman|move: Tailwind\n|move|p2a: Marowak|Rock Slide|p1a: Imp|[spread] p1a\n|-miss|p2a: Marowak|p1b: Clifford\n|debug|Spread modifier: 0.75\n|-supereffective|p1a: Imp\n|-damage|p1a: Imp|14/300\n|move|p1b: Clifford|Baton Pass|p1b: Clifford\n|\n|t:|1734054796\n|switch|p1b: Snax|Snorlax, M|524/524|[from] Baton Pass\n|\n|upkeep\n|turn|6\n|\n|t:|1734054809\n|move|p2b: Fearow|Drill Peck|p1a: Imp\n|-damage|p1a: Imp|0 fnt\n|faint|p1a: Imp\n|move|p2a: Marowak|Earthquake|p1b: Snax|[spread] p1b\n|-immune|p2b: Fearow\n|debug|Spread modifier: 0.75\n|-damage|p1b: Snax|332/524\n|move|p1b: Snax|Power-Up Punch|p2a: Marowak\n|-damage|p2a: Marowak|160/262\n|-boost|p1b: Snax|atk|1\n|\n|-heal|p1b: Snax|364/524|[from] item: Leftovers\n|upkeep\n|\n|t:|1734054822\n|switch|p1a: Prince Puss|Meowth, M|284/284\n|turn|7\n|\n|t:|1734054834\n|move|p2a: Marowak|Protect|p2a: Marowak\n|-singleturn|p2a: Marowak|Protect\n|move|p1a: Prince Puss|Fake Out|p2a: Marowak\n|-activate|p2a: Marowak|move: Protect\n|move|p2b: Fearow|Drill Peck|p1a: Prince Puss\n|-damage|p1a: Prince Puss|26/284\n|move|p1b: Snax|Power-Up Punch|p2a: Marowak\n|-activate|p2a: Marowak|move: Protect\n|\n|-heal|p1b: Snax|396/524|[from] item: Leftovers\n|upkeep\n|turn|8\n|\n|t:|1734054852\n|switch|p2b: Butterfree|Butterfree, M|262/262\n|move|p1a: Prince Puss|Helping Hand|p1b: Snax\n|-singleturn|p1b: Snax|Helping Hand|[of] p1a: Prince Puss\n|move|p2a: Marowak|Earthquake|p1b: Snax|[spread] p1a,p1b\n|-immune|p2b: Butterfree\n|debug|Spread modifier: 0.75\n|debug|Spread modifier: 0.75\n|-damage|p1a: Prince Puss|0 fnt\n|-damage|p1b: Snax|189/524\n|faint|p1a: Prince Puss\n|move|p1b: Snax|Double-Edge|p2a: Marowak\n|debug|Boosting from Helping Hand: 1.5\n|-damage|p2a: Marowak|0 fnt\n|faint|p2a: Marowak\n|-damage|p1b: Snax|136/524|[from] Recoil\n|\n|-heal|p1b: Snax|168/524|[from] item: Leftovers\n|-sideend|p2: mattmandaman|move: Tailwind\n|upkeep\n|\n|t:|1734054873\n|switch|p1a: Victor|Victreebel, M|364/364\n|switch|p2a: Pikachu|Pikachu, F|211/211\n|turn|9\n|\n|t:|1734054896\n|move|p2a: Pikachu|Volt Tackle|p1b: Snax\n|-damage|p1b: Snax|0 fnt\n|faint|p1b: Snax\n|-damage|p2a: Pikachu|156/211|[from] Recoil\n|move|p2b: Butterfree|Hurricane|p1a: Victor|[miss]\n|debug|compoundeyes - enhancing accuracy\n|-miss|p2b: Butterfree|p1a: Victor\n|move|p1a: Victor|Sleep Powder|p2a: Pikachu\n|-status|p2a: Pikachu|slp|[from] move: Sleep Powder\n|\n|upkeep\n|c|☆mistermoscow|itd be cool if any of your attacks actually missed snrlax\n|\n|t:|1734054918\n|switch|p1b: Clifford|Clefairy, M|69/344\n|turn|10\n|\n|t:|1734054938\n|cant|p2a: Pikachu|slp\n|move|p2b: Butterfree|Hurricane|p1a: Victor\n|debug|compoundeyes - enhancing accuracy\n|-supereffective|p1a: Victor\n|-damage|p1a: Victor|50/364\n|debug|Covert Cloak prevent secondary\n|move|p1a: Victor|Sleep Powder|p2b: Butterfree\n|-status|p2b: Butterfree|slp|[from] move: Sleep Powder\n|move|p1b: Clifford|Minimize|p1b: Clifford\n|-boost|p1b: Clifford|evasion|2\n|\n|upkeep\n|turn|11\n|c|☆mattmandaman|nah that be lame\n|\n|t:|1734054953\n|-curestatus|p2a: Pikachu|slp|[msg]\n|move|p2a: Pikachu|Volt Tackle|p1b: Clifford\n|-damage|p1b: Clifford|0 fnt\n|faint|p1b: Clifford\n|-damage|p2a: Pikachu|133/211|[from] Recoil\n|cant|p2b: Butterfree|slp\n|move|p1a: Victor|Swords Dance|p1a: Victor\n|-boost|p1a: Victor|atk|2\n|\n|upkeep\n|turn|12\n|c|☆mistermoscow|god i hate my fucking roster\n|\n|t:|1734054969\n|switch|p2a: Porygon|Porygon|221/334\n|-ability|p2a: Porygon|Download|boost\n|-boost|p2a: Porygon|atk|1\n|move|p1a: Victor|Sucker Punch||[still]\n|-fail|p1a: Victor\n|cant|p2b: Butterfree|slp\n|\n|upkeep\n|turn|13\n|c|☆mattmandaman|you want me to make you a team?\n|\n|t:|1734054992\n|move|p1a: Victor|Sucker Punch|p2b: Butterfree\n|-damage|p2b: Butterfree|78/262 slp\n|-curestatus|p2b: Butterfree|slp|[msg]\n|move|p2b: Butterfree|Hurricane|p1a: Victor\n|debug|compoundeyes - enhancing accuracy\n|-supereffective|p1a: Victor\n|-damage|p1a: Victor|0 fnt\n|debug|Covert Cloak prevent secondary\n|faint|p1a: Victor\n|\n|win|mattmandaman\n|c|☆mistermoscow|no\n|c|☆mattmandaman|why not lol\n","uploadtime":1734055111,"views":"60","formatid":"gen9doublescustomgame","rating":null,"private":0,"password":null}