{"id":"gen9doublescustomgame-2215492870","format":"[Gen 9] Doubles Custom Game","players":["smokeydabearrr","noli_cannoli10"],"log":"|j|☆smokeydabearrr\n|j|☆noli_cannoli10\n|t:|1728008624\n|gametype|doubles\n|player|p1|smokeydabearrr|102|\n|player|p2|noli_cannoli10|169|\n|teamsize|p1|6\n|teamsize|p2|6\n|gen|9\n|tier|[Gen 9] Doubles Custom Game\n|clearpoke\n|poke|p1|Charizard, F|\n|poke|p1|Blastoise, F|\n|poke|p1|Whimsicott, M|\n|poke|p1|Cresselia, F|\n|poke|p1|Raging Bolt|\n|poke|p1|Walking Wake|\n|poke|p2|Smeargle, F|\n|poke|p2|Metagross|\n|poke|p2|Volcarona, F|\n|poke|p2|Magearna|\n|poke|p2|Urshifu-*, F|\n|poke|p2|Annihilape, F|\n|teampreview\n|j| je64\n|j| Mango Meloetta\n|j| mistermoscow\n|\n|t:|1728008683\n|start\n|switch|p1a: Scott Tennerman|Whimsicott, M|261/261\n|switch|p1b: PSA 10 Shadowless|Charizard, F|297/297\n|switch|p2a: smearin' deez|Smeargle, F|314/314\n|switch|p2b: Facebook Eww|Metagross|301/301\n|turn|1\n|\n|t:|1728008715\n|detailschange|p1b: PSA 10 Shadowless|Charizard-Mega-Y, F\n|-mega|p1b: PSA 10 Shadowless|Charizard|Charizardite Y\n|-weather|SunnyDay|[from] ability: Drought|[of] p1b: PSA 10 Shadowless\n|detailschange|p2b: Facebook Eww|Metagross-Mega\n|-mega|p2b: Facebook Eww|Metagross|Metagrossite\n|move|p1b: PSA 10 Shadowless|Protect|p1b: PSA 10 Shadowless\n|-singleturn|p1b: PSA 10 Shadowless|Protect\n|move|p2a: smearin' deez|Fake Out|p1b: PSA 10 Shadowless\n|-activate|p1b: PSA 10 Shadowless|move: Protect\n|move|p1a: Scott Tennerman|Taunt|p2a: smearin' deez\n|-start|p2a: smearin' deez|move: Taunt\n|move|p2b: Facebook Eww|Ice Punch|p1a: Scott Tennerman\n|-supereffective|p1a: Scott Tennerman\n|-enditem|p1a: Scott Tennerman|Focus Sash\n|-damage|p1a: Scott Tennerman|1/261\n|\n|-weather|SunnyDay|[upkeep]\n|-ability|p2a: smearin' deez|Moody|boost\n|-boost|p2a: smearin' deez|spd|2\n|-unboost|p2a: smearin' deez|def|1\n|upkeep\n|turn|2\n|\n|t:|1728008747\n|switch|p2a: Usher Foo|Urshifu-Rapid-Strike, F|341/341\n|move|p2b: Facebook Eww|Protect|p2b: Facebook Eww\n|-singleturn|p2b: Facebook Eww|Protect\n|move|p1a: Scott Tennerman|Tailwind|p1a: Scott Tennerman\n|-sidestart|p1: smokeydabearrr|move: Tailwind\n|move|p1b: PSA 10 Shadowless|Heat Wave|p2b: Facebook Eww|[spread] p2a\n|-activate|p2b: Facebook Eww|move: Protect\n|debug|Spread modifier: 0.75\n|debug|Sunny Day fire boost\n|-resisted|p2a: Usher Foo\n|-damage|p2a: Usher Foo|176/341\n|\n|-weather|SunnyDay|[upkeep]\n|upkeep\n|turn|3\n|\n|t:|1728008817\n|switch|p1b: Raging B0ner|Raging Bolt|454/454\n|-activate|p1b: Raging B0ner|ability: Protosynthesis\n|-start|p1b: Raging B0ner|protosynthesisspa\n|switch|p2b: Butterfree?!|Volcarona, F|374/374\n|move|p1a: Scott Tennerman|Encore||[still]\n|-fail|p1a: Scott Tennerman\n|debug|move failed because it did nothing\n|move|p2a: Usher Foo|Aqua Jet|p1b: Raging B0ner\n|debug|Sunny Day water suppress\n|-resisted|p1b: Raging B0ner\n|-damage|p1b: Raging B0ner|436/454\n|\n|-weather|SunnyDay|[upkeep]\n|upkeep\n|turn|4\n|\n|t:|1728008849\n|switch|p2a: Facebook Eww|Metagross-Mega|301/301\n|move|p1a: Scott Tennerman|Taunt|p2b: Butterfree?!\n|-start|p2b: Butterfree?!|move: Taunt\n|move|p1b: Raging B0ner|Electroweb|p2a: Facebook Eww|[spread] p2a,p2b\n|debug|Protosynthesis spa boost\n|debug|Spread modifier: 0.75\n|debug|Protosynthesis spa boost\n|debug|Spread modifier: 0.75\n|-damage|p2a: Facebook Eww|207/301\n|-damage|p2b: Butterfree?!|269/374\n|-unboost|p2a: Facebook Eww|spe|1\n|-unboost|p2b: Butterfree?!|spe|1\n|cant|p2b: Butterfree?!|move: Taunt|Quiver Dance\n|\n|-weather|SunnyDay|[upkeep]\n|-heal|p2b: Butterfree?!|292/374|[from] item: Leftovers\n|upkeep\n|turn|5\n|\n|t:|1728008891\n|switch|p1a: Yurtle the Turtle?|Blastoise, F|362/362\n|move|p1b: Raging B0ner|Electroweb|p2a: Facebook Eww|[spread] p2a,p2b\n|debug|Protosynthesis spa boost\n|debug|Spread modifier: 0.75\n|debug|Protosynthesis spa boost\n|debug|Spread modifier: 0.75\n|-damage|p2a: Facebook Eww|117/301\n|-damage|p2b: Butterfree?!|189/374\n|-unboost|p2a: Facebook Eww|spe|1\n|-unboost|p2b: Butterfree?!|spe|1\n|move|p2a: Facebook Eww|Ice Punch|p1b: Raging B0ner\n|-supereffective|p1b: Raging B0ner\n|-damage|p1b: Raging B0ner|176/454\n|move|p2b: Butterfree?!|Heat Wave|p1a: Yurtle the Turtle?|[spread] p1a,p1b\n|debug|Spread modifier: 0.75\n|debug|Sunny Day fire boost\n|-resisted|p1a: Yurtle the Turtle?\n|debug|Spread modifier: 0.75\n|debug|Sunny Day fire boost\n|-resisted|p1b: Raging B0ner\n|-damage|p1a: Yurtle the Turtle?|285/362\n|-damage|p1b: Raging B0ner|113/454\n|-status|p1b: Raging B0ner|brn\n|\n|-weather|none\n|-end|p1b: Raging B0ner|Protosynthesis\n|-heal|p1a: Yurtle the Turtle?|307/362|[from] item: Leftovers\n|-heal|p2b: Butterfree?!|212/374|[from] item: Leftovers\n|-damage|p1b: Raging B0ner|85/454 brn|[from] brn\n|-sideend|p1: smokeydabearrr|move: Tailwind\n|upkeep\n|turn|6\n|\n|t:|1728008968\n|switch|p2b: smearin' deez|Smeargle, F|314/314\n|move|p1a: Yurtle the Turtle?|Fake Out|p2a: Facebook Eww\n|-resisted|p2a: Facebook Eww\n|-damage|p2a: Facebook Eww|107/301\n|move|p1b: Raging B0ner|Electroweb|p2b: smearin' deez|[spread] p2a,p2b\n|debug|Spread modifier: 0.75\n|debug|Spread modifier: 0.75\n|-damage|p2a: Facebook Eww|29/301\n|-damage|p2b: smearin' deez|160/314\n|-unboost|p2a: Facebook Eww|spe|1\n|-unboost|p2b: smearin' deez|spe|1\n|cant|p2a: Facebook Eww|flinch\n|\n|-heal|p1a: Yurtle the Turtle?|329/362|[from] item: Leftovers\n|-damage|p1b: Raging B0ner|57/454 brn|[from] brn\n|-ability|p2b: smearin' deez|Moody|boost\n|-boost|p2b: smearin' deez|spe|2\n|-unboost|p2b: smearin' deez|def|1\n|upkeep\n|turn|7\n|\n|t:|1728009032\n|move|p1a: Yurtle the Turtle?|Helping Hand|p1b: Raging B0ner\n|-singleturn|p1b: Raging B0ner|Helping Hand|[of] p1a: Yurtle the Turtle?\n|move|p2b: smearin' deez|Fake Out|p1b: Raging B0ner\n|-damage|p1b: Raging B0ner|44/454 brn\n|cant|p1b: Raging B0ner|flinch\n|move|p2a: Facebook Eww|Iron Head|p1a: Yurtle the Turtle?\n|-resisted|p1a: Yurtle the Turtle?\n|-damage|p1a: Yurtle the Turtle?|261/362\n|\n|-heal|p1a: Yurtle the Turtle?|283/362|[from] item: Leftovers\n|-damage|p1b: Raging B0ner|16/454 brn|[from] brn\n|-ability|p2b: smearin' deez|Moody|boost\n|-boost|p2b: smearin' deez|spa|2\n|-unboost|p2b: smearin' deez|def|1\n|upkeep\n|turn|8\n|\n|t:|1728009091\n|switch|p2a: Usher Foo|Urshifu-Rapid-Strike, F|176/341\n|move|p2b: smearin' deez|Spore||[still]\n|-fail|p2b: smearin' deez\n|debug|move failed because it did nothing\n|move|p1a: Yurtle the Turtle?|Life Dew|p1a: Yurtle the Turtle?|[spread] p1a,p1b\n|-heal|p1a: Yurtle the Turtle?|362/362\n|-heal|p1b: Raging B0ner|130/454 brn\n|move|p1b: Raging B0ner|Electroweb|p2a: Usher Foo|[spread] p2a,p2b\n|debug|Spread modifier: 0.75\n|-supereffective|p2a: Usher Foo\n|debug|Spread modifier: 0.75\n|-damage|p2a: Usher Foo|0 fnt\n|-damage|p2b: smearin' deez|22/314\n|-unboost|p2b: smearin' deez|spe|1\n|faint|p2a: Usher Foo\n|\n|-damage|p1b: Raging B0ner|102/454 brn|[from] brn\n|-ability|p2b: smearin' deez|Moody|boost\n|-boost|p2b: smearin' deez|atk|2\n|-unboost|p2b: smearin' deez|spa|1\n|upkeep\n|\n|t:|1728009154\n|switch|p2a: Metal Gyatt|Magearna|364/364\n|turn|9\n|\n|t:|1728009214\n|move|p1a: Yurtle the Turtle?|Helping Hand|p1b: Raging B0ner\n|-singleturn|p1b: Raging B0ner|Helping Hand|[of] p1a: Yurtle the Turtle?\n|move|p2b: smearin' deez|Spore|p1a: Yurtle the Turtle?\n|-status|p1a: Yurtle the Turtle?|slp|[from] move: Spore\n|move|p2a: Metal Gyatt|Dazzling Gleam|p1b: Raging B0ner|[spread] p1a,p1b\n|debug|Spread modifier: 0.75\n|debug|Spread modifier: 0.75\n|-supereffective|p1b: Raging B0ner\n|-damage|p1a: Yurtle the Turtle?|268/362 slp\n|-damage|p1b: Raging B0ner|0 fnt\n|faint|p1b: Raging B0ner\n|-ability|p2a: Metal Gyatt|Soul-Heart|boost\n|-boost|p2a: Metal Gyatt|spa|1\n|-end|p1b: Raging B0ner|Protosynthesis|[silent]\n|\n|-heal|p1a: Yurtle the Turtle?|290/362 slp|[from] item: Leftovers\n|-ability|p2b: smearin' deez|Moody|boost\n|-boost|p2b: smearin' deez|spa|2\n|-unboost|p2b: smearin' deez|spd|1\n|upkeep\n|\n|t:|1728009276\n|switch|p1b: PSA 10 Shadowless|Charizard-Mega-Y, F|297/297\n|-weather|SunnyDay|[from] ability: Drought|[of] p1b: PSA 10 Shadowless\n|turn|10\n|\n|t:|1728009290\n|move|p1b: PSA 10 Shadowless|Heat Wave|p2b: smearin' deez|[spread] p2a,p2b\n|debug|Spread modifier: 0.75\n|debug|Sunny Day fire boost\n|-supereffective|p2a: Metal Gyatt\n|debug|Spread modifier: 0.75\n|debug|Sunny Day fire boost\n|-damage|p2a: Metal Gyatt|0 fnt\n|-damage|p2b: smearin' deez|0 fnt\n|faint|p2a: Metal Gyatt\n|faint|p2b: smearin' deez\n|cant|p1a: Yurtle the Turtle?|slp\n|\n|-weather|SunnyDay|[upkeep]\n|-heal|p1a: Yurtle the Turtle?|312/362 slp|[from] item: Leftovers\n|upkeep\n|\n|t:|1728009301\n|switch|p2b: Facebook Eww|Metagross-Mega|29/301\n|switch|p2a: Butterfree?!|Volcarona, F|212/374\n|turn|11\n|\n|t:|1728009329\n|move|p2b: Facebook Eww|Ice Punch|p1b: PSA 10 Shadowless\n|-damage|p1b: PSA 10 Shadowless|152/297\n|move|p1b: PSA 10 Shadowless|Heat Wave|p2b: Facebook Eww|[spread] p2a,p2b\n|debug|Spread modifier: 0.75\n|debug|Sunny Day fire boost\n|debug|Spread modifier: 0.75\n|debug|Sunny Day fire boost\n|-supereffective|p2b: Facebook Eww\n|-damage|p2a: Butterfree?!|13/374\n|-damage|p2b: Facebook Eww|0 fnt\n|faint|p2b: Facebook Eww\n|move|p2a: Butterfree?!|Quiver Dance|p2a: Butterfree?!\n|-boost|p2a: Butterfree?!|spa|1\n|-boost|p2a: Butterfree?!|spd|1\n|-boost|p2a: Butterfree?!|spe|1\n|cant|p1a: Yurtle the Turtle?|slp\n|\n|-weather|SunnyDay|[upkeep]\n|-heal|p2a: Butterfree?!|36/374|[from] item: Leftovers\n|-heal|p1a: Yurtle the Turtle?|334/362 slp|[from] item: Leftovers\n|upkeep\n|\n|t:|1728009342\n|switch|p2b: Tickle Me Elmo|Annihilape, F|423/423\n|turn|12\n|\n|t:|1728009357\n|move|p1b: PSA 10 Shadowless|Protect|p1b: PSA 10 Shadowless\n|-singleturn|p1b: PSA 10 Shadowless|Protect\n|move|p2a: Butterfree?!|Heat Wave|p1b: PSA 10 Shadowless|[spread] p1a\n|-activate|p1b: PSA 10 Shadowless|move: Protect\n|debug|Spread modifier: 0.75\n|debug|Sunny Day fire boost\n|-resisted|p1a: Yurtle the Turtle?\n|-damage|p1a: Yurtle the Turtle?|213/362 slp\n|move|p2b: Tickle Me Elmo|Drain Punch|p1a: Yurtle the Turtle?\n|-damage|p1a: Yurtle the Turtle?|119/362 slp\n|-curestatus|p1a: Yurtle the Turtle?|slp|[msg]\n|move|p1a: Yurtle the Turtle?|Life Dew|p1a: Yurtle the Turtle?|[spread] p1a,p1b\n|-heal|p1a: Yurtle the Turtle?|210/362\n|-heal|p1b: PSA 10 Shadowless|226/297\n|\n|-weather|SunnyDay|[upkeep]\n|-heal|p2a: Butterfree?!|59/374|[from] item: Leftovers\n|-heal|p1a: Yurtle the Turtle?|232/362|[from] item: Leftovers\n|upkeep\n|turn|13\n|\n|t:|1728009412\n|-terastallize|p1a: Yurtle the Turtle?|Ghost\n|move|p1a: Yurtle the Turtle?|Follow Me|p1a: Yurtle the Turtle?\n|-singleturn|p1a: Yurtle the Turtle?|move: Follow Me\n|move|p2a: Butterfree?!|Heat Wave|p1a: Yurtle the Turtle?|[spread] p1a,p1b\n|debug|Spread modifier: 0.75\n|debug|Sunny Day fire boost\n|debug|Spread modifier: 0.75\n|debug|Sunny Day fire boost\n|-resisted|p1b: PSA 10 Shadowless\n|-damage|p1a: Yurtle the Turtle?|0 fnt\n|-damage|p1b: PSA 10 Shadowless|109/297\n|faint|p1a: Yurtle the Turtle?\n|move|p1b: PSA 10 Shadowless|Heat Wave|p2a: Butterfree?!|[spread] p2a,p2b\n|debug|Spread modifier: 0.75\n|debug|Sunny Day fire boost\n|debug|Spread modifier: 0.75\n|debug|Sunny Day fire boost\n|-damage|p2a: Butterfree?!|0 fnt\n|-damage|p2b: Tickle Me Elmo|165/423\n|faint|p2a: Butterfree?!\n|move|p2b: Tickle Me Elmo|Drain Punch|p1b: PSA 10 Shadowless\n|-resisted|p1b: PSA 10 Shadowless\n|-damage|p1b: PSA 10 Shadowless|28/297\n|-heal|p2b: Tickle Me Elmo|206/423|[from] drain|[of] p1b: PSA 10 Shadowless\n|\n|-weather|SunnyDay|[upkeep]\n|upkeep\n|\n|t:|1728009427\n|switch|p1a: Scott Tennerman|Whimsicott, M|1/261\n|turn|14\n|\n|t:|1728009446\n|move|p1a: Scott Tennerman|Tailwind|p1a: Scott Tennerman\n|-sidestart|p1: smokeydabearrr|move: Tailwind\n|move|p1b: PSA 10 Shadowless|Heat Wave|p2b: Tickle Me Elmo\n|debug|Sunny Day fire boost\n|-damage|p2b: Tickle Me Elmo|0 fnt\n|faint|p2b: Tickle Me Elmo\n|\n|win|smokeydabearrr\n|l|☆smokeydabearrr\n|player|p1|\n|l|☆noli_cannoli10\n|player|p2|\n|l| mistermoscow\n|l| Mango Meloetta\n","uploadtime":1728009452,"views":"36","formatid":"gen9doublescustomgame","rating":null,"private":0,"password":null}