{"id":"gen9doublescustomgame-2274015427","format":"[Gen 9] Doubles Custom Game","players":["mistermoscow","je64"],"log":"|j|☆mistermoscow\n|j|☆je64\n|t:|1735866581\n|gametype|doubles\n|player|p1|mistermoscow|alder|\n|player|p2|je64|102|\n|teamsize|p1|6\n|teamsize|p2|6\n|gen|9\n|tier|[Gen 9] Doubles Custom Game\n|clearpoke\n|poke|p1|Fearow, M|\n|poke|p1|Clefairy, M|\n|poke|p1|Poliwrath, F|\n|poke|p1|Victreebel, M|\n|poke|p1|Porygon|\n|poke|p1|Snorlax, M|\n|poke|p2|Hitmonchan, M|\n|poke|p2|Magmar, F|\n|poke|p2|Rhydon, M|\n|poke|p2|Articuno|\n|poke|p2|Exeggcute, M|\n|poke|p2|Electabuzz, F|\n|teampreview\n|\n|t:|1735866620\n|start\n|switch|p1a: Clifford|Clefairy, M|344/344\n|switch|p1b: Victor|Victreebel, M|364/364\n|switch|p2a: Myagmar|Magmar, F|271/271\n|switch|p2b: One day...|Exeggcute, M|324/324\n|turn|1\n|\n|t:|1735866690\n|move|p1b: Victor|Protect|p1b: Victor\n|-singleturn|p1b: Victor|Protect\n|move|p2a: Myagmar|Heat Wave|p1b: Victor|[spread] p1a\n|-activate|p1b: Victor|move: Protect\n|debug|Spread modifier: 0.75\n|-damage|p1a: Clifford|169/344\n|move|p2b: One day...|Leech Seed|p1a: Clifford\n|-start|p1a: Clifford|move: Leech Seed\n|move|p1a: Clifford|Baton Pass|p1a: Clifford\n|\n|t:|1735866699\n|switch|p1a: Big Bird|Fearow, M|271/271|[from] Baton Pass\n|\n|-damage|p1a: Big Bird|238/271|[from] Leech Seed|[of] p2b: One day...\n|upkeep\n|turn|2\n|\n|t:|1735866730\n|switch|p1b: Polly|Poliwrath, F|384/384\n|move|p1a: Big Bird|Drill Run|p2a: Myagmar\n|-supereffective|p2a: Myagmar\n|-damage|p2a: Myagmar|57/271\n|move|p2a: Myagmar|Heat Wave|p1b: Polly|[spread] p1a,p1b\n|debug|Spread modifier: 0.75\n|debug|Spread modifier: 0.75\n|-resisted|p1b: Polly\n|-damage|p1a: Big Bird|0 fnt\n|-damage|p1b: Polly|288/384\n|debug|Covert Cloak prevent secondary\n|-status|p1b: Polly|brn\n|faint|p1a: Big Bird\n|move|p2b: One day...|Trick Room|p2b: One day...\n|-fieldstart|move: Trick Room|[of] p2b: One day...\n|\n|-damage|p1b: Polly|264/384 brn|[from] brn\n|upkeep\n|\n|t:|1735866752\n|switch|p1a: Snax|Snorlax, M|461/461\n|turn|3\n|\n|t:|1735866781\n|switch|p2a: Articu-no-hit-me|Articuno|384/384\n|move|p1a: Snax|Double-Edge|p2b: One day...\n|-damage|p2b: One day...|107/324\n|-enditem|p2b: One day...|Sitrus Berry|[eat]\n|-heal|p2b: One day...|188/324|[from] item: Sitrus Berry\n|-damage|p1a: Snax|389/461|[from] Recoil\n|move|p2b: One day...|Leech Seed|p1b: Polly\n|-start|p1b: Polly|move: Leech Seed\n|move|p1b: Polly|Coaching|p1a: Snax\n|-boost|p1a: Snax|atk|1\n|-boost|p1a: Snax|def|1\n|\n|-damage|p1b: Polly|216/384 brn|[from] Leech Seed|[of] p2b: One day...\n|-heal|p2b: One day...|236/324|[silent]\n|-damage|p1b: Polly|192/384 brn|[from] brn\n|upkeep\n|turn|4\n|\n|t:|1735866878\n|move|p1a: Snax|Double-Edge|p2a: Articu-no-hit-me\n|-damage|p2a: Articu-no-hit-me|135/384\n|-damage|p1a: Snax|307/461|[from] Recoil\n|move|p2b: One day...|Leech Seed|p1a: Snax\n|-start|p1a: Snax|move: Leech Seed\n|move|p1b: Polly|Drain Punch|p2a: Articu-no-hit-me\n|-damage|p2a: Articu-no-hit-me|85/384\n|-heal|p1b: Polly|217/384 brn|[from] drain|[of] p2a: Articu-no-hit-me\n|move|p2a: Articu-no-hit-me|Snowscape|p2a: Articu-no-hit-me\n|-weather|Snow\n|\n|-weather|Snow|[upkeep]\n|-heal|p2a: Articu-no-hit-me|109/384|[from] item: Leftovers\n|-damage|p1a: Snax|250/461|[from] Leech Seed|[of] p2b: One day...\n|-heal|p2b: One day...|293/324|[silent]\n|-damage|p1b: Polly|169/384 brn|[from] Leech Seed|[of] p2b: One day...\n|-heal|p2b: One day...|324/324|[silent]\n|-damage|p1b: Polly|145/384 brn|[from] brn\n|-item|p2b: One day...|Sitrus Berry|[from] ability: Harvest\n|upkeep\n|turn|5\n|\n|t:|1735866910\n|move|p1a: Snax|Double-Edge|p2a: Articu-no-hit-me|[miss]\n|debug|Snow Cloak - decreasing accuracy\n|-miss|p1a: Snax|p2a: Articu-no-hit-me\n|move|p2b: One day...|Psychic|p1b: Polly\n|-supereffective|p1b: Polly\n|-damage|p1b: Polly|0 fnt\n|faint|p1b: Polly\n|move|p2a: Articu-no-hit-me|Blizzard|p1a: Snax\n|-damage|p1a: Snax|135/461\n|\n|-weather|Snow|[upkeep]\n|-heal|p2a: Articu-no-hit-me|133/384|[from] item: Leftovers\n|-damage|p1a: Snax|78/461|[from] Leech Seed|[of] p2b: One day...\n|upkeep\n|\n|t:|1735866929\n|switch|p1b: Clifford|Clefairy, M|169/344\n|turn|6\n|\n|t:|1735866952\n|move|p1a: Snax|Double-Edge|p2a: Articu-no-hit-me\n|debug|Snow Cloak - decreasing accuracy\n|-damage|p2a: Articu-no-hit-me|0 fnt\n|faint|p2a: Articu-no-hit-me\n|-damage|p1a: Snax|34/461|[from] Recoil\n|move|p1b: Clifford|Minimize|p1b: Clifford\n|-boost|p1b: Clifford|evasion|2\n|move|p2b: One day...|Leech Seed|p1b: Clifford|[miss]\n|-miss|p2b: One day...|p1b: Clifford\n|\n|-weather|Snow|[upkeep]\n|-damage|p1a: Snax|0 fnt|[from] Leech Seed|[of] p2b: One day...\n|faint|p1a: Snax\n|-fieldend|move: Trick Room\n|upkeep\n|\n|t:|1735866972\n|switch|p2a: Buzz Lightyear|Electabuzz, F|334/334\n|switch|p1a: Pogo Jr|Porygon|272/272\n|-ability|p1a: Pogo Jr|Vital Spirit|[from] ability: Trace|[of] p2a: Buzz Lightyear\n|turn|7\n|\n|t:|1735866987\n|move|p1b: Clifford|Protect|p1b: Clifford\n|-singleturn|p1b: Clifford|Protect\n|move|p2a: Buzz Lightyear|Taunt|p1b: Clifford\n|-activate|p1b: Clifford|move: Protect\n|move|p2b: One day...|Leech Seed|p1a: Pogo Jr\n|-start|p1a: Pogo Jr|move: Leech Seed\n|move|p1a: Pogo Jr|Toxic|p2b: One day...|[miss]\n|-miss|p1a: Pogo Jr|p2b: One day...\n|\n|-weather|Snow|[upkeep]\n|-damage|p1a: Pogo Jr|238/272|[from] Leech Seed|[of] p2b: One day...\n|upkeep\n|turn|8\n|\n|t:|1735867013\n|switch|p1b: Victor|Victreebel, M|364/364\n|move|p2a: Buzz Lightyear|Taunt|p1b: Victor\n|-start|p1b: Victor|move: Taunt\n|move|p1a: Pogo Jr|Toxic|p2b: One day...\n|-status|p2b: One day...|tox\n|move|p2b: One day...|Leech Seed|p1b: Victor\n|-immune|p1b: Victor\n|\n|-weather|none\n|-damage|p1a: Pogo Jr|204/272|[from] Leech Seed|[of] p2b: One day...\n|-damage|p2b: One day...|304/324 tox|[from] psn\n|upkeep\n|turn|9\n|\n|t:|1735867043\n|switch|p1a: Clifford|Clefairy, M|169/344\n|move|p2a: Buzz Lightyear|Follow Me|p2a: Buzz Lightyear\n|-singleturn|p2a: Buzz Lightyear|move: Follow Me\n|move|p1b: Victor|Leaf Blade|p2a: Buzz Lightyear\n|debug|Follow Me redirected target of move\n|-damage|p2a: Buzz Lightyear|196/334\n|-damage|p1b: Victor|328/364|[from] item: Life Orb\n|move|p2b: One day...|Psychic|p1b: Victor\n|-supereffective|p1b: Victor\n|debug|Friend Guard weaken\n|-damage|p1b: Victor|180/364\n|\n|-damage|p2b: One day...|264/324 tox|[from] psn\n|upkeep\n|turn|10\n|\n|t:|1735867074\n|switch|p1b: Pogo Jr|Porygon|204/272\n|-ability|p1b: Pogo Jr|Harvest|[from] ability: Trace|[of] p2b: One day...\n|move|p2a: Buzz Lightyear|Follow Me|p2a: Buzz Lightyear\n|-singleturn|p2a: Buzz Lightyear|move: Follow Me\n|move|p2b: One day...|Leech Seed|p1a: Clifford\n|-start|p1a: Clifford|move: Leech Seed\n|move|p1a: Clifford|Minimize|p1a: Clifford\n|-boost|p1a: Clifford|evasion|2\n|\n|-damage|p1a: Clifford|126/344|[from] Leech Seed|[of] p2b: One day...\n|-heal|p2b: One day...|307/324 tox|[silent]\n|-damage|p2b: One day...|247/324 tox|[from] psn\n|upkeep\n|turn|11\n|\n|t:|1735867114\n|move|p1a: Clifford|Protect|p1a: Clifford\n|-singleturn|p1a: Clifford|Protect\n|move|p2a: Buzz Lightyear|Taunt|p1a: Clifford\n|-activate|p1a: Clifford|move: Protect\n|move|p2b: One day...|Psychic|p1b: Pogo Jr\n|debug|Friend Guard weaken\n|-damage|p1b: Pogo Jr|168/272\n|move|p1b: Pogo Jr|Trick Room|p1b: Pogo Jr\n|-fieldstart|move: Trick Room|[of] p1b: Pogo Jr\n|\n|-damage|p1a: Clifford|83/344|[from] Leech Seed|[of] p2b: One day...\n|-heal|p2b: One day...|290/324 tox|[silent]\n|-damage|p2b: One day...|210/324 tox|[from] psn\n|upkeep\n|turn|12\n|\n|t:|1735867133\n|move|p1a: Clifford|Baton Pass|p1a: Clifford\n|\n|t:|1735867134\n|switch|p1a: Victor|Victreebel, M|180/364|[from] Baton Pass\n|move|p1b: Pogo Jr|Toxic|p2a: Buzz Lightyear\n|-status|p2a: Buzz Lightyear|tox\n|move|p2b: One day...|Leech Seed|p1b: Pogo Jr\n|-start|p1b: Pogo Jr|move: Leech Seed\n|move|p2a: Buzz Lightyear|Taunt|p1a: Victor\n|-start|p1a: Victor|move: Taunt\n|\n|-damage|p1b: Pogo Jr|134/272|[from] Leech Seed|[of] p2b: One day...\n|-heal|p2b: One day...|244/324 tox|[silent]\n|-damage|p1a: Victor|135/364|[from] Leech Seed|[of] p2b: One day...\n|-heal|p2b: One day...|289/324 tox|[silent]\n|-damage|p2b: One day...|189/324 tox|[from] psn\n|-damage|p2a: Buzz Lightyear|176/334 tox|[from] psn\n|upkeep\n|turn|13\n|\n|t:|1735867167\n|move|p2a: Buzz Lightyear|Follow Me|p2a: Buzz Lightyear\n|-singleturn|p2a: Buzz Lightyear|move: Follow Me\n|move|p2b: One day...|Psychic|p1a: Victor|[miss]\n|-miss|p2b: One day...|p1a: Victor\n|move|p1a: Victor|Leaf Blade|p2a: Buzz Lightyear\n|debug|Follow Me redirected target of move\n|-crit|p2a: Buzz Lightyear\n|-damage|p2a: Buzz Lightyear|0 fnt\n|faint|p2a: Buzz Lightyear\n|-damage|p1a: Victor|99/364|[from] item: Life Orb\n|move|p1b: Pogo Jr|Teleport|p1b: Pogo Jr\n|\n|t:|1735867176\n|switch|p1b: Clifford|Clefairy, M|83/344|[from] Teleport\n|\n|-damage|p1a: Victor|54/364|[from] Leech Seed|[of] p2b: One day...\n|-heal|p2b: One day...|234/324 tox|[silent]\n|-damage|p2b: One day...|114/324 tox|[from] psn\n|upkeep\n|-enditem|p2b: One day...|Sitrus Berry|[eat]\n|-heal|p2b: One day...|195/324 tox|[from] item: Sitrus Berry\n|\n|t:|1735867192\n|switch|p2a: Jackie|Hitmonchan, M|242/242\n|turn|14\n|\n|t:|1735867220\n|switch|p2b: Rhydon Corleone|Rhydon, M|414/414\n|move|p2a: Jackie|Fake Out|p1a: Victor\n|debug|Friend Guard weaken\n|-damage|p1a: Victor|5/364\n|move|p1b: Clifford|Follow Me|p1b: Clifford\n|-singleturn|p1b: Clifford|move: Follow Me\n|cant|p1a: Victor|flinch\n|\n|-damage|p1a: Victor|0 fnt|[from] Leech Seed|[of] p2b: Rhydon Corleone\n|faint|p1a: Victor\n|upkeep\n|\n|t:|1735867230\n|switch|p1a: Pogo Jr|Porygon|134/272\n|-ability|p1a: Pogo Jr|Lightning Rod|[from] ability: Trace|[of] p2b: Rhydon Corleone\n|turn|15\n|\n|t:|1735867254\n|move|p1b: Clifford|Follow Me|p1b: Clifford\n|-singleturn|p1b: Clifford|move: Follow Me\n|move|p1a: Pogo Jr|Toxic|p2b: Rhydon Corleone\n|-status|p2b: Rhydon Corleone|tox\n|move|p2b: Rhydon Corleone|Rock Slide|p1b: Clifford|[spread] p1a,p1b\n|debug|Spread modifier: 0.75\n|debug|Friend Guard weaken\n|debug|Spread modifier: 0.75\n|-damage|p1a: Pogo Jr|85/272\n|-damage|p1b: Clifford|4/344\n|move|p2a: Jackie|Coaching|p2b: Rhydon Corleone\n|-boost|p2b: Rhydon Corleone|atk|1\n|-boost|p2b: Rhydon Corleone|def|1\n|\n|-damage|p2b: Rhydon Corleone|389/414 tox|[from] psn\n|-fieldend|move: Trick Room\n|upkeep\n|turn|16\n|\n|t:|1735867311\n|move|p1b: Clifford|Protect|p1b: Clifford\n|-singleturn|p1b: Clifford|Protect\n|move|p2a: Jackie|Drain Punch|p1a: Pogo Jr\n|debug|Iron Fist boost\n|debug|Punching Glove boost\n|-supereffective|p1a: Pogo Jr\n|debug|Friend Guard weaken\n|-damage|p1a: Pogo Jr|0 fnt\n|faint|p1a: Pogo Jr\n|move|p2b: Rhydon Corleone|Rock Slide|p1b: Clifford\n|-activate|p1b: Clifford|move: Protect\n|\n|-damage|p2b: Rhydon Corleone|339/414 tox|[from] psn\n|upkeep\n|turn|17\n|\n|t:|1735867335\n|move|p2a: Jackie|Coaching|p2b: Rhydon Corleone\n|-boost|p2b: Rhydon Corleone|atk|1\n|-boost|p2b: Rhydon Corleone|def|1\n|move|p2b: Rhydon Corleone|Megahorn|p1b: Clifford\n|-resisted|p1b: Clifford\n|-damage|p1b: Clifford|0 fnt\n|faint|p1b: Clifford\n|\n|win|je64\n","uploadtime":1735867343,"views":"11","formatid":"gen9doublescustomgame","rating":null,"private":0,"password":null}