{"id":"gen9doublescustomgame-2148869106","format":"[Gen 9] Doubles Custom Game","players":["smokeydabearrr","Mango Meloetta"],"log":"|j|☆smokeydabearrr\n|j|☆Mango Meloetta\n|t:|1719188918\n|gametype|doubles\n|player|p1|smokeydabearrr|101|\n|player|p2|Mango Meloetta|ghetsis-gen5bw|\n|teamsize|p1|6\n|teamsize|p2|6\n|gen|9\n|tier|[Gen 9] Doubles Custom Game\n|clearpoke\n|poke|p1|Charizard, M|\n|poke|p1|Blastoise, F|\n|poke|p1|Whimsicott, F|\n|poke|p1|Rillaboom, F|\n|poke|p1|Raging Bolt|\n|poke|p1|Walking Wake|\n|poke|p2|Hitmontop, M|\n|poke|p2|Gengar, F|\n|poke|p2|Chien-Pao|\n|poke|p2|Porygon2|\n|poke|p2|Sinistcha|\n|poke|p2|Murkrow, F|\n|teampreview\n|j| noli_cannoli10\n|j| je64\n|c|☆Mango Meloetta|its awnnn\n|c|☆smokeydabearrr|oh its onnn\n|j| mistermoscow\n|\n|t:|1719189004\n|start\n|switch|p1a: PSA 10 Shadowless|Charizard, M|297/297\n|switch|p1b: Scott Tennerman|Whimsicott, F|261/261\n|switch|p2a: Haunter|Gengar, F|324/324\n|switch|p2b: Hitmonlee|Hitmontop, M|304/304\n|-ability|p2b: Hitmonlee|Intimidate|boost\n|-unboost|p1a: PSA 10 Shadowless|atk|1\n|-unboost|p1b: Scott Tennerman|atk|1\n|turn|1\n|\n|t:|1719189093\n|detailschange|p2a: Haunter|Gengar-Mega, F\n|-mega|p2a: Haunter|Gengar|Gengarite\n|detailschange|p1a: PSA 10 Shadowless|Charizard-Mega-Y, M\n|-mega|p1a: PSA 10 Shadowless|Charizard|Charizardite Y\n|-weather|SunnyDay|[from] ability: Drought|[of] p1a: PSA 10 Shadowless\n|-terastallize|p1b: Scott Tennerman|Ghost\n|move|p2b: Hitmonlee|Fake Out|p1a: PSA 10 Shadowless\n|-damage|p1a: PSA 10 Shadowless|254/297\n|move|p1b: Scott Tennerman|Tailwind|p1b: Scott Tennerman\n|-sidestart|p1: smokeydabearrr|move: Tailwind\n|cant|p1a: PSA 10 Shadowless|flinch\n|move|p2a: Haunter|Perish Song|p2a: Haunter\n|-start|p1a: PSA 10 Shadowless|perish3|[silent]\n|-start|p1b: Scott Tennerman|perish3|[silent]\n|-start|p2a: Haunter|perish3|[silent]\n|-start|p2b: Hitmonlee|perish3|[silent]\n|-fieldactivate|move: Perish Song\n|\n|-weather|SunnyDay|[upkeep]\n|-start|p1b: Scott Tennerman|perish3\n|-start|p1a: PSA 10 Shadowless|perish3\n|-start|p2a: Haunter|perish3\n|-start|p2b: Hitmonlee|perish3\n|upkeep\n|debug|natural status immunity\n|turn|2\n|\n|t:|1719189128\n|move|p2b: Hitmonlee|Wide Guard|p2b: Hitmonlee\n|-singleturn|p2b: Hitmonlee|Wide Guard\n|move|p1b: Scott Tennerman|Encore|p2a: Haunter\n|-start|p2a: Haunter|Encore\n|move|p1a: PSA 10 Shadowless|Heat Wave|p2a: Haunter|[spread] \n|-activate|p2a: Haunter|move: Wide Guard\n|-activate|p2b: Hitmonlee|move: Wide Guard\n|move|p2a: Haunter|Perish Song||[still]\n|-fail|p2a: Haunter\n|debug|move failed because it did nothing\n|\n|-weather|SunnyDay|[upkeep]\n|-start|p1b: Scott Tennerman|perish2\n|-start|p1a: PSA 10 Shadowless|perish2\n|-start|p2a: Haunter|perish2\n|-start|p2b: Hitmonlee|perish2\n|upkeep\n|debug|natural status immunity\n|turn|3\n|\n|t:|1719189174\n|move|p2b: Hitmonlee|Wide Guard|p2b: Hitmonlee\n|-singleturn|p2b: Hitmonlee|Wide Guard\n|move|p1b: Scott Tennerman|Giga Drain|p2b: Hitmonlee\n|-damage|p2b: Hitmonlee|208/304\n|move|p1a: PSA 10 Shadowless|Solar Beam||[still]\n|-prepare|p1a: PSA 10 Shadowless|Solar Beam\n|-anim|p1a: PSA 10 Shadowless|Solar Beam|p2b: Hitmonlee\n|-damage|p2b: Hitmonlee|59/304\n|-enditem|p2b: Hitmonlee|Sitrus Berry|[eat]\n|-heal|p2b: Hitmonlee|135/304|[from] item: Sitrus Berry\n|move|p2a: Haunter|Perish Song||[still]\n|-fail|p2a: Haunter\n|debug|move failed because it did nothing\n|\n|-weather|SunnyDay|[upkeep]\n|-start|p1b: Scott Tennerman|perish1\n|-start|p1a: PSA 10 Shadowless|perish1\n|-start|p2a: Haunter|perish1\n|-start|p2b: Hitmonlee|perish1\n|upkeep\n|debug|natural status immunity\n|turn|4\n|l| mistermoscow\n|j| mistermoscow\n|\n|t:|1719189225\n|switch|p1b: Yurtle the Turtle?|Blastoise, F|362/362\n|switch|p2a: Polygon|Porygon2|374/374\n|switch|p2b: CROW|Murkrow, F|323/323\n|move|p1a: PSA 10 Shadowless|Solar Beam||[still]\n|-prepare|p1a: PSA 10 Shadowless|Solar Beam\n|-anim|p1a: PSA 10 Shadowless|Solar Beam|p2b: CROW\n|-resisted|p2b: CROW\n|-damage|p2b: CROW|159/323\n|\n|-weather|SunnyDay|[upkeep]\n|-start|p1a: PSA 10 Shadowless|perish0\n|-sideend|p1: smokeydabearrr|move: Tailwind\n|upkeep\n|faint|p1a: PSA 10 Shadowless\n|\n|t:|1719189252\n|switch|p1a: Raging B0ner|Raging Bolt|454/454\n|-activate|p1a: Raging B0ner|ability: Protosynthesis\n|-start|p1a: Raging B0ner|protosynthesisspa\n|turn|5\n|\n|t:|1719189291\n|move|p1b: Yurtle the Turtle?|Fake Out|p2b: CROW\n|-damage|p2b: CROW|101/323\n|cant|p2b: CROW|flinch\n|move|p1a: Raging B0ner|Electroweb|p2a: Polygon|[spread] p2a,p2b\n|debug|Protosynthesis spa boost\n|debug|Spread modifier: 0.75\n|debug|Protosynthesis spa boost\n|debug|Spread modifier: 0.75\n|-supereffective|p2b: CROW\n|-damage|p2a: Polygon|303/374\n|-damage|p2b: CROW|0 fnt\n|-unboost|p2a: Polygon|spe|1\n|faint|p2b: CROW\n|-damage|p1a: Raging B0ner|409/454|[from] item: Life Orb\n|move|p2a: Polygon|Ice Beam|p1a: Raging B0ner\n|debug|Analytic boost\n|-supereffective|p1a: Raging B0ner\n|-damage|p1a: Raging B0ner|225/454\n|\n|-weather|none\n|-end|p1a: Raging B0ner|Protosynthesis\n|upkeep\n|\n|t:|1719189307\n|switch|p2b: Haunter|Gengar-Mega, F|324/324\n|turn|6\n|\n|t:|1719189382\n|move|p1b: Yurtle the Turtle?|Follow Me|p1b: Yurtle the Turtle?\n|-singleturn|p1b: Yurtle the Turtle?|move: Follow Me\n|move|p2b: Haunter|Perish Song|p2b: Haunter\n|-start|p1a: Raging B0ner|perish3|[silent]\n|-start|p1b: Yurtle the Turtle?|perish3|[silent]\n|-start|p2a: Polygon|perish3|[silent]\n|-start|p2b: Haunter|perish3|[silent]\n|-fieldactivate|move: Perish Song\n|move|p1a: Raging B0ner|Draco Meteor|p2b: Haunter\n|-damage|p2b: Haunter|0 fnt\n|-unboost|p1a: Raging B0ner|spa|2\n|faint|p2b: Haunter\n|-damage|p1a: Raging B0ner|180/454|[from] item: Life Orb\n|move|p2a: Polygon|Ice Beam|p1b: Yurtle the Turtle?\n|debug|Follow Me redirected target of move\n|debug|Analytic boost\n|-resisted|p1b: Yurtle the Turtle?\n|-damage|p1b: Yurtle the Turtle?|318/362\n|-status|p1b: Yurtle the Turtle?|frz\n|\n|-heal|p1b: Yurtle the Turtle?|340/362 frz|[from] item: Leftovers\n|-start|p1b: Yurtle the Turtle?|perish3\n|-start|p1a: Raging B0ner|perish3\n|-start|p2a: Polygon|perish3\n|upkeep\n|l| mistermoscow\n|j| mistermoscow\n|\n|t:|1719189424\n|switch|p2b: Dark Doggo|Chien-Pao|301/301\n|-ability|p2b: Dark Doggo|Sword of Ruin\n|turn|7\n|\n|t:|1719189454\n|-end|p1a: Raging B0ner|Protosynthesis|[silent]\n|switch|p1a: Scott Tennerman|Whimsicott, F, tera:Ghost|261/261\n|switch|p2a: Hitmonlee|Hitmontop, M|135/304\n|-ability|p2a: Hitmonlee|Intimidate|boost\n|-unboost|p1a: Scott Tennerman|atk|1\n|-unboost|p1b: Yurtle the Turtle?|atk|1\n|-curestatus|p1b: Yurtle the Turtle?|frz|[msg]\n|move|p1b: Yurtle the Turtle?|Follow Me|p1b: Yurtle the Turtle?\n|-singleturn|p1b: Yurtle the Turtle?|move: Follow Me\n|move|p2b: Dark Doggo|Ice Spinner|p1b: Yurtle the Turtle?\n|debug|Follow Me redirected target of move\n|debug|Sword of Ruin Def drop\n|-resisted|p1b: Yurtle the Turtle?\n|-damage|p1b: Yurtle the Turtle?|241/362\n|\n|-heal|p1b: Yurtle the Turtle?|263/362|[from] item: Leftovers\n|-start|p1b: Yurtle the Turtle?|perish2\n|upkeep\n|turn|8\n|\n|t:|1719189492\n|switch|p2b: Polygon|Porygon2|303/374\n|switch|p2a: Matcha GOTCHA|Sinistcha|346/346\n|-heal|p2b: Polygon|374/374|[from] ability: Hospitality|[of] p2a: Matcha GOTCHA\n|move|p1b: Yurtle the Turtle?|Follow Me|p1b: Yurtle the Turtle?\n|-singleturn|p1b: Yurtle the Turtle?|move: Follow Me\n|move|p1a: Scott Tennerman|Dazzling Gleam|p2b: Polygon|[spread] p2a,p2b\n|debug|Spread modifier: 0.75\n|debug|Spread modifier: 0.75\n|-damage|p2a: Matcha GOTCHA|264/346\n|-damage|p2b: Polygon|331/374\n|-enditem|p2a: Matcha GOTCHA|Eject Button\n|\n|t:|1719189511\n|switch|p2a: Dark Doggo|Chien-Pao|301/301\n|-ability|p2a: Dark Doggo|Sword of Ruin\n|\n|-heal|p1b: Yurtle the Turtle?|285/362|[from] item: Leftovers\n|-start|p1b: Yurtle the Turtle?|perish1\n|upkeep\n|turn|9\n|\n|t:|1719189539\n|switch|p1b: Raging B0ner|Raging Bolt|180/454\n|-terastallize|p2a: Dark Doggo|Dark\n|move|p1a: Scott Tennerman|Tailwind|p1a: Scott Tennerman\n|-sidestart|p1: smokeydabearrr|move: Tailwind\n|move|p2a: Dark Doggo|Crunch|p1a: Scott Tennerman\n|debug|Sword of Ruin Def drop\n|-supereffective|p1a: Scott Tennerman\n|-enditem|p1a: Scott Tennerman|Focus Sash\n|-damage|p1a: Scott Tennerman|1/261\n|move|p2b: Polygon|Ice Beam|p1b: Raging B0ner\n|debug|Analytic boost\n|-supereffective|p1b: Raging B0ner\n|-damage|p1b: Raging B0ner|0 fnt\n|faint|p1b: Raging B0ner\n|-end|p1b: Raging B0ner|Protosynthesis|[silent]\n|\n|upkeep\n|c|☆Mango Meloetta|ooof\n|c|☆Mango Meloetta|1%\n|\n|t:|1719189559\n|switch|p1b: Boom Burger|Rillaboom, F|404/404\n|-fieldstart|move: Grassy Terrain|[from] ability: Grassy Surge|[of] p1b: Boom Burger\n|turn|10\n|c|☆smokeydabearrr|sash lol\n|c|☆Mango Meloetta|ohhhh haha\n|\n|t:|1719189613\n|move|p1b: Boom Burger|Grassy Glide|p2a: Dark Doggo\n|debug|grassy terrain boost\n|-damage|p2a: Dark Doggo|129/301\n|move|p1a: Scott Tennerman|Dazzling Gleam|p2b: Polygon|[spread] p2a,p2b\n|debug|Spread modifier: 0.75\n|-supereffective|p2a: Dark Doggo\n|debug|Spread modifier: 0.75\n|-damage|p2a: Dark Doggo|0 fnt\n|-damage|p2b: Polygon|289/374\n|faint|p2a: Dark Doggo\n|move|p2b: Polygon|Ice Beam|p1b: Boom Burger\n|debug|Analytic boost\n|-supereffective|p1b: Boom Burger\n|-damage|p1b: Boom Burger|246/404\n|\n|-heal|p1a: Scott Tennerman|17/261|[from] Grassy Terrain\n|-heal|p1b: Boom Burger|271/404|[from] Grassy Terrain\n|-heal|p2b: Polygon|312/374|[from] Grassy Terrain\n|upkeep\n|\n|t:|1719189625\n|switch|p2a: Matcha GOTCHA|Sinistcha|264/346\n|-heal|p2b: Polygon|374/374|[from] ability: Hospitality|[of] p2a: Matcha GOTCHA\n|turn|11\n|\n|t:|1719189650\n|move|p1a: Scott Tennerman|Dazzling Gleam|p2a: Matcha GOTCHA|[spread] p2a,p2b\n|debug|Spread modifier: 0.75\n|debug|Spread modifier: 0.75\n|-damage|p2a: Matcha GOTCHA|176/346\n|-damage|p2b: Polygon|325/374\n|move|p1b: Boom Burger|Drain Punch|p2b: Polygon\n|-supereffective|p2b: Polygon\n|-damage|p2b: Polygon|205/374\n|-heal|p1b: Boom Burger|331/404|[from] drain|[of] p2b: Polygon\n|move|p2a: Matcha GOTCHA|Matcha Gotcha|p1a: Scott Tennerman|[spread] p1a,p1b\n|debug|grassy terrain boost\n|debug|Spread modifier: 0.75\n|debug|grassy terrain boost\n|debug|Spread modifier: 0.75\n|-resisted|p1b: Boom Burger\n|-damage|p1a: Scott Tennerman|0 fnt\n|-heal|p2a: Matcha GOTCHA|185/346|[from] drain|[of] p1a: Scott Tennerman\n|-damage|p1b: Boom Burger|281/404\n|-heal|p2a: Matcha GOTCHA|210/346|[from] drain|[of] p1b: Boom Burger\n|-status|p1b: Boom Burger|brn\n|faint|p1a: Scott Tennerman\n|move|p2b: Polygon|Ice Beam|p1b: Boom Burger\n|debug|Analytic boost\n|-supereffective|p1b: Boom Burger\n|-damage|p1b: Boom Burger|121/404 brn\n|\n|-heal|p1b: Boom Burger|146/404 brn|[from] Grassy Terrain\n|-heal|p2a: Matcha GOTCHA|231/346|[from] Grassy Terrain\n|-heal|p2b: Polygon|228/374|[from] Grassy Terrain\n|-damage|p1b: Boom Burger|121/404 brn|[from] brn\n|upkeep\n|\n|t:|1719189679\n|switch|p1a: WAKE ME UP INSIDE|Walking Wake|339/339\n|turn|12\n|\n|t:|1719189697\n|move|p1a: WAKE ME UP INSIDE|Flamethrower|p2a: Matcha GOTCHA\n|-supereffective|p2a: Matcha GOTCHA\n|-damage|p2a: Matcha GOTCHA|0 fnt\n|faint|p2a: Matcha GOTCHA\n|move|p1b: Boom Burger|Drain Punch|p2b: Polygon\n|-supereffective|p2b: Polygon\n|-damage|p2b: Polygon|164/374\n|-heal|p1b: Boom Burger|153/404 brn|[from] drain|[of] p2b: Polygon\n|move|p2b: Polygon|Recover|p2b: Polygon\n|-heal|p2b: Polygon|351/374\n|\n|-heal|p1b: Boom Burger|178/404 brn|[from] Grassy Terrain\n|-heal|p2b: Polygon|374/374|[from] Grassy Terrain\n|-damage|p1b: Boom Burger|153/404 brn|[from] brn\n|-sideend|p1: smokeydabearrr|move: Tailwind\n|upkeep\n|\n|t:|1719189708\n|switch|p2a: Hitmonlee|Hitmontop, M|135/304\n|-ability|p2a: Hitmonlee|Intimidate|boost\n|-unboost|p1a: WAKE ME UP INSIDE|atk|1\n|-unboost|p1b: Boom Burger|atk|1\n|turn|13\n|\n|t:|1719189721\n|-end|p1a: WAKE ME UP INSIDE|Protosynthesis|[silent]\n|switch|p1a: Yurtle the Turtle?|Blastoise, F|285/362\n|move|p2a: Hitmonlee|Fake Out|p1a: Yurtle the Turtle?\n|-damage|p1a: Yurtle the Turtle?|258/362\n|move|p1b: Boom Burger|Grassy Glide|p2a: Hitmonlee\n|debug|grassy terrain boost\n|-damage|p2a: Hitmonlee|90/304\n|move|p2b: Polygon|Psychic|p1a: Yurtle the Turtle?\n|debug|Analytic boost\n|-damage|p1a: Yurtle the Turtle?|160/362\n|\n|-heal|p1b: Boom Burger|178/404 brn|[from] Grassy Terrain\n|-heal|p1a: Yurtle the Turtle?|182/362|[from] Grassy Terrain\n|-heal|p1a: Yurtle the Turtle?|204/362|[from] item: Leftovers\n|-heal|p2a: Hitmonlee|109/304|[from] Grassy Terrain\n|-damage|p1b: Boom Burger|153/404 brn|[from] brn\n|upkeep\n|turn|14\n|\n|t:|1719189769\n|move|p1a: Yurtle the Turtle?|Fake Out|p2b: Polygon\n|-damage|p2b: Polygon|356/374\n|move|p1b: Boom Burger|Grassy Glide|p2a: Hitmonlee\n|debug|grassy terrain boost\n|-damage|p2a: Hitmonlee|64/304\n|move|p2a: Hitmonlee|Close Combat|p1a: Yurtle the Turtle?\n|-damage|p1a: Yurtle the Turtle?|74/362\n|-unboost|p2a: Hitmonlee|def|1\n|-unboost|p2a: Hitmonlee|spd|1\n|cant|p2b: Polygon|flinch\n|\n|-heal|p1b: Boom Burger|178/404 brn|[from] Grassy Terrain\n|-heal|p1a: Yurtle the Turtle?|96/362|[from] Grassy Terrain\n|-heal|p1a: Yurtle the Turtle?|118/362|[from] item: Leftovers\n|-heal|p2a: Hitmonlee|83/304|[from] Grassy Terrain\n|-heal|p2b: Polygon|374/374|[from] Grassy Terrain\n|-damage|p1b: Boom Burger|153/404 brn|[from] brn\n|-fieldend|move: Grassy Terrain\n|upkeep\n|turn|15\n|\n|t:|1719189827\n|move|p2a: Hitmonlee|Sucker Punch|p1b: Boom Burger\n|-damage|p1b: Boom Burger|74/404 brn\n|move|p1b: Boom Burger|Drain Punch|p2a: Hitmonlee\n|-damage|p2a: Hitmonlee|34/304\n|-heal|p1b: Boom Burger|99/404 brn|[from] drain|[of] p2a: Hitmonlee\n|move|p1a: Yurtle the Turtle?|Life Dew|p1a: Yurtle the Turtle?|[spread] p1a,p1b\n|-heal|p1a: Yurtle the Turtle?|209/362\n|-heal|p1b: Boom Burger|200/404 brn\n|move|p2b: Polygon|Ice Beam|p1b: Boom Burger\n|debug|Analytic boost\n|-supereffective|p1b: Boom Burger\n|-damage|p1b: Boom Burger|38/404 brn\n|\n|-heal|p1a: Yurtle the Turtle?|231/362|[from] item: Leftovers\n|-damage|p1b: Boom Burger|13/404 brn|[from] brn\n|upkeep\n|turn|16\n|\n|t:|1719189897\n|move|p2a: Hitmonlee|Sucker Punch|p1b: Boom Burger\n|-damage|p1b: Boom Burger|0 fnt\n|faint|p1b: Boom Burger\n|move|p1a: Yurtle the Turtle?|Flip Turn|p2a: Hitmonlee\n|-damage|p2a: Hitmonlee|0 fnt\n|faint|p2a: Hitmonlee\n|\n|t:|1719189904\n|switch|p1a: WAKE ME UP INSIDE|Walking Wake|339/339|[from] Flip Turn\n|move|p2b: Polygon|Psychic|p1a: WAKE ME UP INSIDE\n|debug|Analytic boost\n|-damage|p1a: WAKE ME UP INSIDE|237/339\n|\n|upkeep\n|\n|t:|1719189905\n|switch|p1b: Yurtle the Turtle?|Blastoise, F|231/362\n|turn|17\n|\n|t:|1719189925\n|move|p1a: WAKE ME UP INSIDE|Protect|p1a: WAKE ME UP INSIDE\n|-singleturn|p1a: WAKE ME UP INSIDE|Protect\n|move|p1b: Yurtle the Turtle?|Life Dew|p1b: Yurtle the Turtle?|[spread] p1a,p1b\n|-heal|p1a: WAKE ME UP INSIDE|322/339\n|-heal|p1b: Yurtle the Turtle?|322/362\n|move|p2b: Polygon|Psychic|p1b: Yurtle the Turtle?\n|debug|Analytic boost\n|-damage|p1b: Yurtle the Turtle?|234/362\n|-unboost|p1b: Yurtle the Turtle?|spd|1\n|\n|-heal|p1b: Yurtle the Turtle?|256/362|[from] item: Leftovers\n|upkeep\n|turn|18\n|\n|t:|1719189987\n|move|p1a: WAKE ME UP INSIDE|Protect|p1a: WAKE ME UP INSIDE\n|debug|Success chance: 33%\n|-singleturn|p1a: WAKE ME UP INSIDE|Protect\n|move|p1b: Yurtle the Turtle?|Flip Turn|p2b: Polygon\n|-damage|p2b: Polygon|334/374\n|move|p2b: Polygon|Psychic|p1b: Yurtle the Turtle?\n|debug|Analytic boost\n|-damage|p1b: Yurtle the Turtle?|120/362\n|\n|-heal|p1b: Yurtle the Turtle?|142/362|[from] item: Leftovers\n|upkeep\n|turn|19\n|\n|t:|1719189998\n|move|p1a: WAKE ME UP INSIDE|Protect|p1a: WAKE ME UP INSIDE\n|debug|Success chance: 11%\n|-singleturn|p1a: WAKE ME UP INSIDE|Protect\n|move|p1b: Yurtle the Turtle?|Life Dew|p1b: Yurtle the Turtle?|[spread] p1a,p1b\n|-heal|p1a: WAKE ME UP INSIDE|339/339\n|-heal|p1b: Yurtle the Turtle?|233/362\n|move|p2b: Polygon|Psychic|p1b: Yurtle the Turtle?\n|debug|Analytic boost\n|-damage|p1b: Yurtle the Turtle?|97/362\n|\n|-heal|p1b: Yurtle the Turtle?|119/362|[from] item: Leftovers\n|upkeep\n|turn|20\n|c|☆Mango Meloetta|triple protect is nuts lol\n|\n|t:|1719190029\n|move|p1a: WAKE ME UP INSIDE|Protect||[still]\n|debug|Success chance: 4%\n|-fail|p1a: WAKE ME UP INSIDE\n|move|p1b: Yurtle the Turtle?|Flip Turn|p2b: Polygon\n|-damage|p2b: Polygon|291/374\n|move|p2b: Polygon|Psychic|p1b: Yurtle the Turtle?\n|debug|Analytic boost\n|-damage|p1b: Yurtle the Turtle?|0 fnt\n|faint|p1b: Yurtle the Turtle?\n|\n|upkeep\n|turn|21\n|\n|t:|1719190049\n|move|p1a: WAKE ME UP INSIDE|Protect|p1a: WAKE ME UP INSIDE\n|-singleturn|p1a: WAKE ME UP INSIDE|Protect\n|move|p2b: Polygon|Ice Beam|p1a: WAKE ME UP INSIDE\n|-activate|p1a: WAKE ME UP INSIDE|move: Protect\n|\n|upkeep\n|turn|22\n|\n|t:|1719190056\n|move|p1a: WAKE ME UP INSIDE|Protect||[still]\n|debug|Success chance: 33%\n|-fail|p1a: WAKE ME UP INSIDE\n|move|p2b: Polygon|Ice Beam|p1a: WAKE ME UP INSIDE\n|debug|Analytic boost\n|-damage|p1a: WAKE ME UP INSIDE|234/339\n|\n|upkeep\n|turn|23\n|\n|t:|1719190064\n|move|p1a: WAKE ME UP INSIDE|Protect|p1a: WAKE ME UP INSIDE\n|-singleturn|p1a: WAKE ME UP INSIDE|Protect\n|move|p2b: Polygon|Ice Beam|p1a: WAKE ME UP INSIDE\n|-activate|p1a: WAKE ME UP INSIDE|move: Protect\n|\n|upkeep\n|turn|24\n|\n|t:|1719190074\n|move|p1a: WAKE ME UP INSIDE|Protect|p1a: WAKE ME UP INSIDE\n|debug|Success chance: 33%\n|-singleturn|p1a: WAKE ME UP INSIDE|Protect\n|move|p2b: Polygon|Ice Beam|p1a: WAKE ME UP INSIDE\n|-activate|p1a: WAKE ME UP INSIDE|move: Protect\n|\n|upkeep\n|turn|25\n|c|☆smokeydabearrr|forgot i had choice specs :(\n|\n|t:|1719190084\n|move|p1a: WAKE ME UP INSIDE|Protect||[still]\n|debug|Success chance: 11%\n|-fail|p1a: WAKE ME UP INSIDE\n|move|p2b: Polygon|Ice Beam|p1a: WAKE ME UP INSIDE\n|debug|Analytic boost\n|-damage|p1a: WAKE ME UP INSIDE|123/339\n|\n|upkeep\n|turn|26\n|c|☆Mango Meloetta|ohhh dangg\n|\n|t:|1719190095\n|move|p1a: WAKE ME UP INSIDE|Protect|p1a: WAKE ME UP INSIDE\n|-singleturn|p1a: WAKE ME UP INSIDE|Protect\n|move|p2b: Polygon|Ice Beam|p1a: WAKE ME UP INSIDE\n|-activate|p1a: WAKE ME UP INSIDE|move: Protect\n|\n|upkeep\n|turn|27\n|c|☆smokeydabearrr|gg\n|\n|t:|1719190101\n|move|p1a: WAKE ME UP INSIDE|Protect||[still]\n|debug|Success chance: 33%\n|-fail|p1a: WAKE ME UP INSIDE\n|move|p2b: Polygon|Ice Beam|p1a: WAKE ME UP INSIDE\n|debug|Analytic boost\n|-damage|p1a: WAKE ME UP INSIDE|15/339\n|-status|p1a: WAKE ME UP INSIDE|frz\n|\n|upkeep\n|turn|28\n|\n|t:|1719190108\n|cant|p1a: WAKE ME UP INSIDE|frz\n|move|p2b: Polygon|Ice Beam|p1a: WAKE ME UP INSIDE\n|debug|Analytic boost\n|-damage|p1a: WAKE ME UP INSIDE|0 fnt\n|faint|p1a: WAKE ME UP INSIDE\n|-end|p1a: WAKE ME UP INSIDE|Protosynthesis|[silent]\n|\n|win|Mango Meloetta\n|c|☆Mango Meloetta|ggg\n|c|☆Mango Meloetta|close match\n","uploadtime":1719190113,"views":"37","formatid":"gen9doublescustomgame","rating":null,"private":0,"password":null}