{"id":"gen9doublescustomgame-2254065709","format":"[Gen 9] Doubles Custom Game","players":["mistermoscow","Mattmandaman"],"log":"|badge|p2|silver|gen9doublesou|30-3\n|uhtml|medal-msg|<div class=\"broadcast-blue\">Curious what those medals under the avatar are? PS now has Ladder Seasons! For more information, check out the <a href=\"https://www.smogon.com/forums/threads/3740067/\">thread on Smogon.</a></div>\n|j|☆mistermoscow\n|j|☆Mattmandaman\n|t:|1732986950\n|gametype|doubles\n|player|p1|mistermoscow|alder|\n|player|p2|Mattmandaman|giovanni|\n|teamsize|p1|6\n|teamsize|p2|6\n|gen|9\n|tier|[Gen 9] Doubles Custom Game\n|clearpoke\n|poke|p1|Ninetales-Alola, F|\n|poke|p1|Murkrow, M|\n|poke|p1|Landorus, M|\n|poke|p1|Incineroar, F|\n|poke|p1|Basculegion, M|\n|poke|p1|Ogerpon-Hearthflame, F|\n|poke|p2|Indeedee-F, F|\n|poke|p2|Deoxys-Attack|\n|poke|p2|Ting-Lu|\n|poke|p2|Kangaskhan, F|\n|poke|p2|Diancie|\n|poke|p2|Marshadow|\n|teampreview\n|j| je64\n|j| smokeydabearrr\n|\n|t:|1732987057\n|start\n|switch|p1a: Princess Buttercup|Ninetales-Alola, F|350/350\n|switch|p1b: Krowbar|Murkrow, M|324/324\n|switch|p2a: Ting-Lu|Ting-Lu|514/514\n|switch|p2b: Kangaskhan|Kangaskhan, F|352/352\n|-weather|Snow|[from] ability: Snow Warning|[of] p1a: Princess Buttercup\n|-ability|p2a: Ting-Lu|Vessel of Ruin\n|turn|1\n|\n|t:|1732987098\n|detailschange|p2b: Kangaskhan|Kangaskhan-Mega, F\n|-mega|p2b: Kangaskhan|Kangaskhan|Kangaskhanite\n|move|p1a: Princess Buttercup|Protect|p1a: Princess Buttercup\n|-singleturn|p1a: Princess Buttercup|Protect\n|move|p1b: Krowbar|Thunder Wave|p2b: Kangaskhan\n|-status|p2b: Kangaskhan|par\n|move|p2b: Kangaskhan|Power-Up Punch|p1a: Princess Buttercup\n|-activate|p1a: Princess Buttercup|move: Protect\n|move|p2a: Ting-Lu|Stealth Rock|p1b: Krowbar\n|-sidestart|p1: mistermoscow|move: Stealth Rock\n|\n|-weather|Snow|[upkeep]\n|upkeep\n|turn|2\n|\n|t:|1732987153\n|switch|p2a: Diancie|Diancie|304/304\n|move|p1b: Krowbar|Defog|p2b: Kangaskhan\n|-unboost|p2b: Kangaskhan|evasion|1\n|-sideend|p1: mistermoscow|Stealth Rock|[from] move: Defog|[of] p1b: Krowbar\n|move|p1a: Princess Buttercup|Aurora Veil|p1a: Princess Buttercup\n|-sidestart|p1: mistermoscow|move: Aurora Veil\n|move|p2b: Kangaskhan|Return|p1b: Krowbar\n|debug|Aurora Veil weaken\n|-damage|p1b: Krowbar|158/324\n|debug|Parental Bond modifier: 0.25\n|debug|Aurora Veil weaken\n|-damage|p1b: Krowbar|122/324\n|-hitcount|p1b: Krowbar|2\n|\n|-weather|Snow|[upkeep]\n|upkeep\n|turn|3\n|\n|t:|1732987199\n|switch|p1b: Death Fish|Basculegion, M|381/381\n|move|p1a: Princess Buttercup|Encore|p2b: Kangaskhan\n|-start|p2b: Kangaskhan|Encore\n|move|p2b: Kangaskhan|Return|p1a: Princess Buttercup\n|debug|Aurora Veil weaken\n|-damage|p1a: Princess Buttercup|249/350\n|debug|Parental Bond modifier: 0.25\n|-crit|p1a: Princess Buttercup\n|-damage|p1a: Princess Buttercup|197/350\n|-hitcount|p1a: Princess Buttercup|2\n|move|p2a: Diancie|Diamond Storm|p1a: Princess Buttercup|[spread] p1a,p1b\n|debug|Spread modifier: 0.75\n|-supereffective|p1a: Princess Buttercup\n|debug|Aurora Veil weaken\n|debug|Spread modifier: 0.75\n|debug|Aurora Veil weaken\n|-damage|p1a: Princess Buttercup|52/350\n|-damage|p1b: Death Fish|263/381\n|\n|-weather|Snow|[upkeep]\n|upkeep\n|turn|4\n|j| Mango Meloetta\n|\n|t:|1732987277\n|move|p2a: Diancie|Protect|p2a: Diancie\n|-singleturn|p2a: Diancie|Protect\n|move|p1a: Princess Buttercup|Icy Wind|p2b: Kangaskhan|[spread] p2b\n|-activate|p2a: Diancie|move: Protect\n|debug|Spread modifier: 0.75\n|-damage|p2b: Kangaskhan|312/352 par\n|-unboost|p2b: Kangaskhan|spe|1\n|move|p1b: Death Fish|Wave Crash|p2a: Diancie\n|-activate|p2a: Diancie|move: Protect\n|cant|p2b: Kangaskhan|par\n|\n|-weather|Snow|[upkeep]\n|upkeep\n|turn|5\n|\n|t:|1732987333\n|switch|p1b: Cindy|Incineroar, F|363/363\n|-ability|p1b: Cindy|Intimidate|boost\n|-fail|p2a: Diancie|unboost|[from] ability: Clear Body|[of] p2a: Diancie\n|-unboost|p2b: Kangaskhan|atk|1\n|switch|p2a: Indeedee|Indeedee-F, F|344/344\n|-fieldstart|move: Psychic Terrain|[from] ability: Psychic Surge|[of] p2a: Indeedee\n|move|p1a: Princess Buttercup|Encore||[still]\n|-fail|p1a: Princess Buttercup\n|debug|move failed because it did nothing\n|move|p2b: Kangaskhan|Return|p1a: Princess Buttercup\n|debug|Aurora Veil weaken\n|-damage|p1a: Princess Buttercup|0 fnt\n|faint|p1a: Princess Buttercup\n|-hitcount|p1: Princess Buttercup|1\n|\n|-weather|none\n|-end|p2b: Kangaskhan|Encore\n|upkeep\n|\n|t:|1732987352\n|switch|p1a: God|Landorus, M|319/319\n|turn|6\n|\n|t:|1732987376\n|switch|p2a: Ting-Lu|Ting-Lu|514/514\n|-ability|p2a: Ting-Lu|Vessel of Ruin\n|move|p1a: God|Stealth Rock|p2a: Ting-Lu\n|-sidestart|p2: Mattmandaman|move: Stealth Rock\n|move|p1b: Cindy|Knock Off|p2a: Ting-Lu\n|-resisted|p2a: Ting-Lu\n|-damage|p2a: Ting-Lu|453/514\n|-enditem|p2a: Ting-Lu|Mental Herb|[from] move: Knock Off|[of] p1b: Cindy\n|move|p2b: Kangaskhan|Power-Up Punch|p1b: Cindy\n|-supereffective|p1b: Cindy\n|debug|Aurora Veil weaken\n|-damage|p1b: Cindy|320/363\n|-boost|p2b: Kangaskhan|atk|1\n|debug|Parental Bond modifier: 0.25\n|-supereffective|p1b: Cindy\n|debug|Aurora Veil weaken\n|-damage|p1b: Cindy|303/363\n|-boost|p2b: Kangaskhan|atk|1\n|-hitcount|p1b: Cindy|2\n|\n|upkeep\n|turn|7\n|\n|t:|1732987411\n|switch|p1b: Death Fish|Basculegion, M|263/381\n|move|p1a: God|Earth Power|p2b: Kangaskhan\n|debug|Vessel of Ruin SpA drop\n|-damage|p2b: Kangaskhan|98/352 par\n|move|p2a: Ting-Lu|Stealth Rock|p1b: Death Fish\n|-sidestart|p1: mistermoscow|move: Stealth Rock\n|move|p2b: Kangaskhan|Power-Up Punch|p1b: Death Fish\n|-immune|p1b: Death Fish\n|\n|upkeep\n|turn|8\n|\n|t:|1732987457\n|move|p2b: Kangaskhan|Sucker Punch|p1a: God\n|-hint|Psychic Terrain doesn't affect Pokémon immune to Ground.\n|debug|Aurora Veil weaken\n|-damage|p1a: God|225/319\n|debug|Parental Bond modifier: 0.25\n|debug|Aurora Veil weaken\n|-damage|p1a: God|204/319\n|-hitcount|p1a: God|2\n|move|p1a: God|Earth Power|p2a: Ting-Lu\n|debug|Vessel of Ruin SpA drop\n|-damage|p2a: Ting-Lu|246/514\n|move|p1b: Death Fish|Wave Crash|p2a: Ting-Lu\n|-supereffective|p2a: Ting-Lu\n|-damage|p2a: Ting-Lu|0 fnt\n|faint|p2a: Ting-Lu\n|-damage|p1b: Death Fish|182/381|[from] Recoil\n|\n|upkeep\n|\n|t:|1732987476\n|switch|p2a: Deoxys|Deoxys-Attack|241/241\n|-damage|p2a: Deoxys|211/241|[from] Stealth Rock\n|-ability|p2a: Deoxys|Pressure\n|turn|9\n|\n|t:|1732987523\n|switch|p1a: Krowbar|Murkrow, M|122/324\n|-damage|p1a: Krowbar|41/324|[from] Stealth Rock\n|move|p1b: Death Fish|Protect|p1b: Death Fish\n|-singleturn|p1b: Death Fish|Protect\n|move|p2a: Deoxys|Icy Wind|p1a: Krowbar|[spread] p1a\n|-activate|p1b: Death Fish|move: Protect\n|debug|Spread modifier: 0.75\n|-supereffective|p1a: Krowbar\n|debug|Aurora Veil weaken\n|-damage|p1a: Krowbar|0 fnt\n|faint|p1a: Krowbar\n|move|p2b: Kangaskhan|Return|p1b: Death Fish\n|-activate|p1b: Death Fish|move: Protect\n|\n|-sideend|p1: mistermoscow|move: Aurora Veil\n|-fieldend|move: Psychic Terrain\n|upkeep\n|\n|t:|1732987553\n|switch|p1a: Cindy|Incineroar, F|303/363\n|-ability|p1a: Cindy|Intimidate|boost\n|-unboost|p2a: Deoxys|atk|1\n|-unboost|p2b: Kangaskhan|atk|1\n|turn|10\n|\n|t:|1732987584\n|switch|p2a: Diancie|Diancie|304/304\n|-damage|p2a: Diancie|266/304|[from] Stealth Rock\n|-terastallize|p1b: Death Fish|Dark\n|move|p2b: Kangaskhan|Sucker Punch|p1b: Death Fish\n|-resisted|p1b: Death Fish\n|-damage|p1b: Death Fish|122/381\n|debug|Parental Bond modifier: 0.25\n|-resisted|p1b: Death Fish\n|-damage|p1b: Death Fish|108/381\n|-hitcount|p1b: Death Fish|2\n|move|p1b: Death Fish|Wave Crash|p2a: Diancie\n|-supereffective|p2a: Diancie\n|-damage|p2a: Diancie|0 fnt\n|faint|p2a: Diancie\n|-damage|p1b: Death Fish|20/381|[from] Recoil\n|move|p1a: Cindy|Knock Off|p2b: Kangaskhan\n|-damage|p2b: Kangaskhan|0 fnt\n|faint|p2b: Kangaskhan\n|\n|upkeep\n|\n|t:|1732987604\n|switch|p2b: Indeedee|Indeedee-F, F|344/344\n|switch|p2a: Marshadow|Marshadow|322/322\n|-damage|p2a: Marshadow|302/322|[from] Stealth Rock\n|-damage|p2b: Indeedee|301/344|[from] Stealth Rock\n|-fieldstart|move: Psychic Terrain|[from] ability: Psychic Surge|[of] p2b: Indeedee\n|turn|11\n|\n|t:|1732987648\n|move|p1b: Death Fish|Protect|p1b: Death Fish\n|-singleturn|p1b: Death Fish|Protect\n|move|p2b: Indeedee|Follow Me|p2b: Indeedee\n|-singleturn|p2b: Indeedee|move: Follow Me\n|move|p2a: Marshadow|Drain Punch|p1a: Cindy\n|debug|Base Power: 75\n|-supereffective|p1a: Cindy\n|-damage|p1a: Cindy|3/363\n|-heal|p2a: Marshadow|322/322|[from] drain|[of] p1a: Cindy\n|move|p1a: Cindy|Knock Off|p2b: Indeedee\n|debug|Follow Me redirected target of move\n|-supereffective|p2b: Indeedee\n|-damage|p2b: Indeedee|0 fnt\n|-enditem|p2b: Indeedee|Mental Herb|[from] move: Knock Off|[of] p1a: Cindy\n|faint|p2b: Indeedee\n|\n|upkeep\n|\n|t:|1732987662\n|switch|p2b: Deoxys|Deoxys-Attack|211/241\n|-damage|p2b: Deoxys|181/241|[from] Stealth Rock\n|-ability|p2b: Deoxys|Pressure\n|turn|12\n|\n|t:|1732987806\n|switch|p1a: Majora|Ogerpon-Hearthflame, F|301/301\n|-damage|p1a: Majora|226/301|[from] Stealth Rock\n|-ability|p1a: Majora|Mold Breaker\n|move|p1b: Death Fish|Protect||[still]\n|debug|Success chance: 33%\n|-fail|p1b: Death Fish\n|move|p2b: Deoxys|Superpower|p1b: Death Fish\n|-supereffective|p1b: Death Fish\n|-damage|p1b: Death Fish|0 fnt\n|-unboost|p2b: Deoxys|atk|1\n|-unboost|p2b: Deoxys|def|1\n|faint|p1b: Death Fish\n|move|p2a: Marshadow|Drain Punch|p1a: Majora\n|debug|Base Power: 75\n|-damage|p1a: Majora|88/301\n|\n|upkeep\n|\n|t:|1732987823\n|switch|p1b: God|Landorus, M|204/319\n|-damage|p1b: God|165/319|[from] Stealth Rock\n|turn|13\n|\n|t:|1732987845\n|-terastallize|p2b: Deoxys|Psychic\n|move|p1a: Majora|Spiky Shield|p1a: Majora\n|-singleturn|p1a: Majora|move: Protect\n|move|p1b: God|Protect|p1b: God\n|-singleturn|p1b: God|Protect\n|move|p2b: Deoxys|Expanding Force|p1a: Majora|[spread] \n|-activate|p1a: Majora|move: Protect\n|-activate|p1b: God|move: Protect\n|move|p2a: Marshadow|Spectral Thief|p1b: God\n|-activate|p1b: God|move: Protect\n|\n|upkeep\n|turn|14\n|\n|t:|1732987863\n|move|p1a: Majora|Spiky Shield||[still]\n|debug|Success chance: 33%\n|-fail|p1a: Majora\n|move|p1b: God|Protect||[still]\n|debug|Success chance: 33%\n|-fail|p1b: God\n|move|p2b: Deoxys|Expanding Force|p1a: Majora|[spread] p1a,p1b\n|debug|psychic terrain boost\n|debug|terrain buff\n|debug|Spread modifier: 0.75\n|debug|psychic terrain boost\n|debug|terrain buff\n|debug|Spread modifier: 0.75\n|-damage|p1a: Majora|0 fnt\n|-damage|p1b: God|0 fnt\n|faint|p1a: Majora\n|faint|p1b: God\n|move|p2a: Marshadow|Drain Punch|p1: Majora|[notarget]\n|-fail|p2a: Marshadow\n|\n|upkeep\n|\n|t:|1732987873\n|switch|p1b: Cindy|Incineroar, F|3/363\n|-ability|p1b: Cindy|Intimidate|boost\n|-unboost|p2a: Marshadow|atk|1\n|-unboost|p2b: Deoxys|atk|1\n|turn|15\n|\n|t:|1732987880\n|move|p1b: Cindy|Fake Out|p2b: Deoxys\n|-activate|p2b: Deoxys|move: Psychic Terrain\n|move|p2b: Deoxys|Superpower|p1b: Cindy\n|-supereffective|p1b: Cindy\n|-damage|p1b: Cindy|0 fnt\n|-unboost|p2b: Deoxys|atk|1\n|-unboost|p2b: Deoxys|def|1\n|faint|p1b: Cindy\n|\n|win|Mattmandaman\n","uploadtime":1732987887,"views":"45","formatid":"gen9doublescustomgame","rating":null,"private":0,"password":null}