{"id":"gen9doublescustomgame-2257567522","format":"[Gen 9] Doubles Custom Game","players":["je64","mistermoscow"],"log":"|j|☆je64\n|j|☆mistermoscow\n|t:|1733441718\n|gametype|doubles\n|player|p1|je64|1|\n|player|p2|mistermoscow|alder|\n|teamsize|p1|6\n|teamsize|p2|6\n|gen|9\n|tier|[Gen 9] Doubles Custom Game\n|clearpoke\n|poke|p1|Hitmonchan, M|\n|poke|p1|Drowzee, F|\n|poke|p1|Chansey, F|\n|poke|p1|Electabuzz, M|\n|poke|p1|Gyarados, F|\n|poke|p1|Articuno|\n|poke|p2|Nidoqueen, F|\n|poke|p2|Clefairy, M|\n|poke|p2|Victreebel, M|\n|poke|p2|Tentacruel, M|\n|poke|p2|Dodrio, F|\n|poke|p2|Snorlax, M|\n|teampreview\n|\n|t:|1733441814\n|start\n|switch|p1a: Hitmonchan|Hitmonchan, M|242/242\n|switch|p1b: Drowzee|Drowzee, F|324/324\n|switch|p2a: Miss Nido|Nidoqueen, F|353/353\n|switch|p2b: Dodie|Dodrio, F|261/261\n|turn|1\n|\n|t:|1733441919\n|switch|p2a: Victor|Victreebel, M|364/364\n|move|p1a: Hitmonchan|Fake Out|p2b: Dodie\n|-damage|p2b: Dodie|199/261\n|debug|Covert Cloak prevent secondary\n|move|p2b: Dodie|Tailwind|p2b: Dodie\n|-sidestart|p2: mistermoscow|move: Tailwind\n|move|p1b: Drowzee|Reflect|p1b: Drowzee\n|-sidestart|p1: je64|Reflect\n|\n|upkeep\n|turn|2\n|\n|t:|1733441935\n|switch|p2b: Clifford|Clefairy, M|282/282\n|switch|p1a: Buzz Lightyear|Electabuzz, M|334/334\n|move|p2a: Victor|Sleep Powder|p1a: Buzz Lightyear|[miss]\n|-miss|p2a: Victor|p1a: Buzz Lightyear\n|move|p1b: Drowzee|Light Screen|p1b: Drowzee\n|-sidestart|p1: je64|move: Light Screen\n|\n|upkeep\n|turn|3\n|\n|t:|1733441970\n|switch|p2a: Snax|Snorlax, M|461/461\n|move|p1a: Buzz Lightyear|Taunt|p2a: Snax\n|-start|p2a: Snax|move: Taunt\n|move|p2b: Clifford|Minimize|p2b: Clifford\n|-boost|p2b: Clifford|evasion|2\n|move|p1b: Drowzee|Hypnosis|p2b: Clifford|[miss]\n|-miss|p1b: Drowzee|p2b: Clifford\n|\n|upkeep\n|turn|4\n|\n|t:|1733442034\n|switch|p1a: Gyarados|Gyarados, F|331/331\n|-ability|p1a: Gyarados|Intimidate|boost\n|-unboost|p2a: Snax|atk|1\n|-unboost|p2b: Clifford|atk|1\n|switch|p2b: Miss Nido|Nidoqueen, F|353/353\n|switch|p1b: Chansey|Chansey, F|641/641\n|move|p2a: Snax|Double-Edge|p1a: Gyarados\n|debug|Reflect weaken\n|-damage|p1a: Gyarados|236/331\n|-damage|p2a: Snax|430/461|[from] Recoil\n|\n|-heal|p2a: Snax|458/461|[from] item: Leftovers\n|-sideend|p2: mistermoscow|move: Tailwind\n|upkeep\n|turn|5\n|\n|t:|1733442059\n|switch|p2b: Clifford|Clefairy, M|282/282\n|move|p1a: Gyarados|Dragon Dance|p1a: Gyarados\n|-boost|p1a: Gyarados|atk|1\n|-boost|p1a: Gyarados|spe|1\n|move|p1b: Chansey|Calm Mind|p1b: Chansey\n|-boost|p1b: Chansey|spa|1\n|-boost|p1b: Chansey|spd|1\n|move|p2a: Snax|Wild Charge|p1a: Gyarados\n|-supereffective|p1a: Gyarados\n|debug|Reflect weaken\n|-damage|p1a: Gyarados|23/331\n|-enditem|p1a: Gyarados|Wiki Berry|[eat]\n|-heal|p1a: Gyarados|133/331|[from] item: Wiki Berry\n|-start|p1a: Gyarados|confusion\n|-damage|p2a: Snax|405/461|[from] Recoil\n|\n|-heal|p2a: Snax|433/461|[from] item: Leftovers\n|-end|p2a: Snax|move: Taunt\n|upkeep\n|turn|6\n|\n|t:|1733442093\n|-activate|p1a: Gyarados|confusion\n|move|p1a: Gyarados|Waterfall|p2a: Snax\n|-damage|p2a: Snax|232/461\n|move|p1b: Chansey|Calm Mind|p1b: Chansey\n|-boost|p1b: Chansey|spa|1\n|-boost|p1b: Chansey|spd|1\n|move|p2b: Clifford|Minimize|p2b: Clifford\n|-boost|p2b: Clifford|evasion|2\n|move|p2a: Snax|Wild Charge|p1a: Gyarados\n|-supereffective|p1a: Gyarados\n|debug|Reflect weaken\n|-damage|p1a: Gyarados|0 fnt\n|faint|p1a: Gyarados\n|-damage|p2a: Snax|199/461|[from] Recoil\n|\n|-heal|p2a: Snax|227/461|[from] item: Leftovers\n|upkeep\n|\n|t:|1733442118\n|switch|p1a: Buzz Lightyear|Electabuzz, M|334/334\n|turn|7\n|\n|t:|1733442152\n|move|p1a: Buzz Lightyear|Follow Me|p1a: Buzz Lightyear\n|-singleturn|p1a: Buzz Lightyear|move: Follow Me\n|move|p1b: Chansey|Calm Mind|p1b: Chansey\n|-boost|p1b: Chansey|spa|1\n|-boost|p1b: Chansey|spd|1\n|move|p2b: Clifford|Cosmic Power|p2b: Clifford\n|-boost|p2b: Clifford|def|1\n|-boost|p2b: Clifford|spd|1\n|move|p2a: Snax|Power-Up Punch|p1a: Buzz Lightyear\n|debug|Follow Me redirected target of move\n|debug|Reflect weaken\n|-damage|p1a: Buzz Lightyear|312/334\n|-boost|p2a: Snax|atk|1\n|\n|-heal|p2a: Snax|255/461|[from] item: Leftovers\n|upkeep\n|turn|8\n|\n|t:|1733442172\n|move|p1a: Buzz Lightyear|Taunt|p2b: Clifford\n|-start|p2b: Clifford|move: Taunt\n|debug|doubling secondary chance\n|move|p1b: Chansey|Ice Beam|p2a: Snax\n|-damage|p2a: Snax|131/461\n|cant|p2b: Clifford|move: Taunt|Minimize\n|move|p2a: Snax|Double-Edge|p1a: Buzz Lightyear\n|debug|Reflect weaken\n|-damage|p1a: Buzz Lightyear|164/334\n|-enditem|p1a: Buzz Lightyear|Sitrus Berry|[eat]\n|-heal|p1a: Buzz Lightyear|247/334|[from] item: Sitrus Berry\n|-damage|p2a: Snax|82/461|[from] Recoil\n|\n|-heal|p2a: Snax|110/461|[from] item: Leftovers\n|-sideend|p1: je64|Reflect\n|upkeep\n|turn|9\n|\n|t:|1733442199\n|switch|p2a: Victor|Victreebel, M|364/364\n|move|p1a: Buzz Lightyear|Electroweb|p2a: Victor|[spread] p2b\n|-miss|p1a: Buzz Lightyear|p2a: Victor\n|debug|Spread modifier: 0.75\n|-damage|p2b: Clifford|263/282\n|-unboost|p2b: Clifford|spe|1\n|move|p1b: Chansey|Calm Mind|p1b: Chansey\n|-boost|p1b: Chansey|spa|1\n|-boost|p1b: Chansey|spd|1\n|move|p2b: Clifford|Alluring Voice|p1b: Chansey\n|debug|Light Screen weaken\n|-damage|p1b: Chansey|632/641\n|-start|p1b: Chansey|confusion\n|\n|-sideend|p1: je64|move: Light Screen\n|upkeep\n|turn|10\n|\n|t:|1733442220\n|switch|p1a: Drowzee|Drowzee, F|324/324\n|move|p2a: Victor|Sleep Powder|p1a: Drowzee\n|-immune|p1a: Drowzee|[from] ability: Insomnia\n|debug|set status [slp] interrupted\n|debug|move failed because it did nothing\n|-activate|p1b: Chansey|confusion\n|debug|doubling secondary chance\n|move|p1b: Chansey|Ice Beam|p2a: Victor\n|-supereffective|p2a: Victor\n|-crit|p2a: Victor\n|-damage|p2a: Victor|0 fnt\n|faint|p2a: Victor\n|move|p2b: Clifford|Alluring Voice|p1a: Drowzee\n|-damage|p1a: Drowzee|255/324\n|\n|-end|p2b: Clifford|move: Taunt\n|upkeep\n|\n|t:|1733442241\n|switch|p2a: Dodie|Dodrio, F|199/261\n|turn|11\n|\n|t:|1733442274\n|move|p2a: Dodie|Brave Bird|p1a: Drowzee\n|-damage|p1a: Drowzee|30/324\n|-damage|p2a: Dodie|125/261|[from] Recoil\n|-activate|p1b: Chansey|confusion\n|-damage|p1b: Chansey|627/641|[from] confusion\n|move|p1a: Drowzee|Reflect|p1a: Drowzee\n|-sidestart|p1: je64|Reflect\n|move|p2b: Clifford|Minimize|p2b: Clifford\n|-boost|p2b: Clifford|evasion|2\n|\n|upkeep\n|turn|12\n|\n|t:|1733442309\n|move|p2a: Dodie|Brave Bird|p1a: Drowzee\n|-crit|p1a: Drowzee\n|-damage|p1a: Drowzee|0 fnt\n|faint|p1a: Drowzee\n|-damage|p2a: Dodie|115/261|[from] Recoil\n|-activate|p1b: Chansey|confusion\n|-damage|p1b: Chansey|622/641|[from] confusion\n|move|p2b: Clifford|Cosmic Power|p2b: Clifford\n|-boost|p2b: Clifford|def|1\n|-boost|p2b: Clifford|spd|1\n|\n|upkeep\n|\n|t:|1733442328\n|switch|p1a: Buzz Lightyear|Electabuzz, M|247/334\n|turn|13\n|\n|t:|1733442352\n|move|p2a: Dodie|Drill Run|p1a: Buzz Lightyear\n|-supereffective|p1a: Buzz Lightyear\n|debug|Reflect weaken\n|-damage|p1a: Buzz Lightyear|123/334\n|move|p1a: Buzz Lightyear|Electroweb|p2b: Clifford|[spread] p2a\n|-miss|p1a: Buzz Lightyear|p2b: Clifford\n|debug|Spread modifier: 0.75\n|-supereffective|p2a: Dodie\n|-damage|p2a: Dodie|0 fnt\n|debug|Covert Cloak prevent secondary\n|faint|p2a: Dodie\n|-activate|p1b: Chansey|confusion\n|move|p1b: Chansey|Calm Mind|p1b: Chansey\n|-boost|p1b: Chansey|spa|1\n|-boost|p1b: Chansey|spd|1\n|move|p2b: Clifford|Minimize|p2b: Clifford\n|-boost|p2b: Clifford|evasion|2\n|\n|upkeep\n|\n|t:|1733442369\n|switch|p2a: Snax|Snorlax, M|110/461\n|turn|14\n|\n|t:|1733442404\n|move|p1a: Buzz Lightyear|Electroweb|p2b: Clifford|[spread] p2a,p2b\n|debug|Spread modifier: 0.75\n|debug|Spread modifier: 0.75\n|-damage|p2a: Snax|70/461\n|-damage|p2b: Clifford|250/282\n|-unboost|p2a: Snax|spe|1\n|-unboost|p2b: Clifford|spe|1\n|-end|p1b: Chansey|confusion\n|debug|doubling secondary chance\n|move|p1b: Chansey|Ice Beam|p2a: Snax\n|-damage|p2a: Snax|0 fnt\n|faint|p2a: Snax\n|move|p2b: Clifford|Cosmic Power|p2b: Clifford\n|-boost|p2b: Clifford|def|1\n|-boost|p2b: Clifford|spd|1\n|\n|upkeep\n|\n|t:|1733442416\n|switch|p2a: Crude Dude|Tentacruel, M|364/364\n|turn|15\n|\n|t:|1733442460\n|move|p1a: Buzz Lightyear|Follow Me|p1a: Buzz Lightyear\n|-singleturn|p1a: Buzz Lightyear|move: Follow Me\n|move|p2a: Crude Dude|Venoshock|p1a: Buzz Lightyear\n|debug|Follow Me redirected target of move\n|-damage|p1a: Buzz Lightyear|50/334\n|debug|doubling secondary chance\n|move|p1b: Chansey|Thunderbolt|p2a: Crude Dude\n|-supereffective|p2a: Crude Dude\n|-damage|p2a: Crude Dude|12/364\n|move|p2b: Clifford|Baton Pass|p2b: Clifford\n|\n|t:|1733442468\n|switch|p2b: Miss Nido|Nidoqueen, F|353/353|[from] Baton Pass\n|\n|-heal|p2a: Crude Dude|34/364|[from] item: Black Sludge\n|upkeep\n|turn|16\n|\n|t:|1733442508\n|switch|p2a: Clifford|Clefairy, M|250/282\n|move|p1a: Buzz Lightyear|Follow Me|p1a: Buzz Lightyear\n|-singleturn|p1a: Buzz Lightyear|move: Follow Me\n|debug|doubling secondary chance\n|move|p1b: Chansey|Ice Beam|p2a: Clifford\n|-damage|p2a: Clifford|137/282\n|move|p2b: Miss Nido|Earth Power|p1a: Buzz Lightyear\n|debug|Follow Me redirected target of move\n|-supereffective|p1a: Buzz Lightyear\n|-damage|p1a: Buzz Lightyear|0 fnt\n|faint|p1a: Buzz Lightyear\n|\n|upkeep\n|\n|t:|1733442521\n|switch|p1a: Hitmonchan|Hitmonchan, M|242/242\n|turn|17\n|\n|t:|1733442538\n|move|p1a: Hitmonchan|Fake Out|p2a: Clifford\n|-damage|p2a: Clifford|101/282\n|move|p1b: Chansey|Calm Mind|p1b: Chansey\n|-boost|p1b: Chansey|spa|1\n|-boost|p1b: Chansey|spd|1\n|cant|p2a: Clifford|flinch\n|move|p2b: Miss Nido|Earth Power|p1a: Hitmonchan\n|-damage|p1a: Hitmonchan|57/242\n|\n|upkeep\n|turn|18\n|\n|t:|1733442560\n|move|p1a: Hitmonchan|Thunder Punch|p2a: Clifford\n|debug|Iron Fist boost\n|debug|Punching Glove boost\n|-crit|p2a: Clifford\n|-damage|p2a: Clifford|0 fnt\n|faint|p2a: Clifford\n|debug|doubling secondary chance\n|move|p1b: Chansey|Ice Beam|p2b: Miss Nido|[miss]\n|-miss|p1b: Chansey|p2b: Miss Nido\n|move|p2b: Miss Nido|Earth Power|p1b: Chansey\n|-damage|p1b: Chansey|590/641\n|\n|-sideend|p1: je64|Reflect\n|upkeep\n|\n|t:|1733442571\n|switch|p2a: Crude Dude|Tentacruel, M|34/364\n|turn|19\n|\n|t:|1733442626\n|move|p1a: Hitmonchan|Thunder Punch|p2a: Crude Dude\n|debug|Punching Glove boost\n|debug|Iron Fist boost\n|-supereffective|p2a: Crude Dude\n|-damage|p2a: Crude Dude|0 fnt\n|faint|p2a: Crude Dude\n|debug|doubling secondary chance\n|move|p1b: Chansey|Ice Beam|p2b: Miss Nido|[miss]\n|-miss|p1b: Chansey|p2b: Miss Nido\n|move|p2b: Miss Nido|Ice Beam|p1a: Hitmonchan\n|-damage|p1a: Hitmonchan|0 fnt\n|faint|p1a: Hitmonchan\n|\n|upkeep\n|\n|t:|1733442635\n|switch|p1a: Articuno|Articuno|384/384\n|-ability|p1a: Articuno|Pressure\n|turn|20\n|\n|t:|1733442644\n|move|p2b: Miss Nido|Protect|p2b: Miss Nido\n|-singleturn|p2b: Miss Nido|Protect\n|move|p1a: Articuno|Ice Beam|p2b: Miss Nido\n|-activate|p2b: Miss Nido|move: Protect\n|debug|doubling secondary chance\n|move|p1b: Chansey|Thunderbolt|p2b: Miss Nido\n|-activate|p2b: Miss Nido|move: Protect\n|\n|upkeep\n|turn|21\n|\n|t:|1733442661\n|move|p1a: Articuno|Ice Beam|p2b: Miss Nido|[miss]\n|-miss|p1a: Articuno|p2b: Miss Nido\n|debug|doubling secondary chance\n|move|p1b: Chansey|Ice Beam|p2b: Miss Nido|[miss]\n|-miss|p1b: Chansey|p2b: Miss Nido\n|move|p2b: Miss Nido|Flamethrower|p1a: Articuno\n|-supereffective|p1a: Articuno\n|-damage|p1a: Articuno|140/384\n|\n|upkeep\n|turn|22\n|\n|t:|1733442678\n|move|p1a: Articuno|Ice Beam|p2b: Miss Nido|[miss]\n|-miss|p1a: Articuno|p2b: Miss Nido\n|debug|doubling secondary chance\n|move|p1b: Chansey|Ice Beam|p2b: Miss Nido\n|-supereffective|p2b: Miss Nido\n|-damage|p2b: Miss Nido|191/353\n|move|p2b: Miss Nido|Flamethrower|p1a: Articuno\n|-supereffective|p1a: Articuno\n|-damage|p1a: Articuno|0 fnt\n|faint|p1a: Articuno\n|\n|upkeep\n|turn|23\n|\n|t:|1733442693\n|move|p1b: Chansey|Soft-Boiled|p1b: Chansey\n|-heal|p1b: Chansey|641/641\n|move|p2b: Miss Nido|Flamethrower|p1b: Chansey\n|-damage|p1b: Chansey|619/641\n|\n|upkeep\n|turn|24\n|\n|t:|1733442701\n|debug|doubling secondary chance\n|move|p1b: Chansey|Thunderbolt|p2b: Miss Nido\n|-immune|p2b: Miss Nido\n|move|p2b: Miss Nido|Earth Power|p1b: Chansey\n|-damage|p1b: Chansey|584/641\n|\n|upkeep\n|turn|25\n|\n|t:|1733442710\n|debug|doubling secondary chance\n|move|p1b: Chansey|Ice Beam|p2b: Miss Nido|[miss]\n|-miss|p1b: Chansey|p2b: Miss Nido\n|move|p2b: Miss Nido|Earth Power|p1b: Chansey\n|-damage|p1b: Chansey|552/641\n|\n|upkeep\n|turn|26\n|\n|t:|1733442720\n|move|p2b: Miss Nido|Protect|p2b: Miss Nido\n|-singleturn|p2b: Miss Nido|Protect\n|move|p1b: Chansey|Soft-Boiled|p1b: Chansey\n|-heal|p1b: Chansey|641/641\n|\n|upkeep\n|turn|27\n|\n|t:|1733442725\n|move|p2b: Miss Nido|Protect|p2b: Miss Nido\n|debug|Success chance: 33%\n|-singleturn|p2b: Miss Nido|Protect\n|debug|doubling secondary chance\n|move|p1b: Chansey|Ice Beam|p2b: Miss Nido\n|-activate|p2b: Miss Nido|move: Protect\n|\n|upkeep\n|turn|28\n|\n|t:|1733442731\n|move|p2b: Miss Nido|Protect||[still]\n|debug|Success chance: 11%\n|-fail|p2b: Miss Nido\n|debug|doubling secondary chance\n|move|p1b: Chansey|Ice Beam|p2b: Miss Nido\n|-supereffective|p2b: Miss Nido\n|-damage|p2b: Miss Nido|5/353\n|\n|upkeep\n|turn|29\n|\n|t:|1733442761\n|move|p2b: Miss Nido|Protect|p2b: Miss Nido\n|-singleturn|p2b: Miss Nido|Protect\n|debug|doubling secondary chance\n|move|p1b: Chansey|Thunderbolt|p2b: Miss Nido\n|-activate|p2b: Miss Nido|move: Protect\n|\n|upkeep\n|turn|30\n|\n|t:|1733442767\n|debug|doubling secondary chance\n|move|p1b: Chansey|Ice Beam|p2b: Miss Nido|[miss]\n|-miss|p1b: Chansey|p2b: Miss Nido\n|move|p2b: Miss Nido|Earth Power|p1b: Chansey\n|-damage|p1b: Chansey|602/641\n|\n|upkeep\n|turn|31\n|\n|t:|1733442777\n|debug|doubling secondary chance\n|move|p1b: Chansey|Thunderbolt|p2b: Miss Nido\n|-immune|p2b: Miss Nido\n|move|p2b: Miss Nido|Earth Power|p1b: Chansey\n|-damage|p1b: Chansey|567/641\n|\n|upkeep\n|turn|32\n|\n|t:|1733442785\n|move|p1b: Chansey|Calm Mind|p1b: Chansey\n|-boost|p1b: Chansey|spa|0\n|-boost|p1b: Chansey|spd|0\n|debug|move failed because it did nothing\n|move|p2b: Miss Nido|Earth Power|p1b: Chansey\n|-damage|p1b: Chansey|531/641\n|\n|upkeep\n|turn|33\n|\n|t:|1733442793\n|move|p2b: Miss Nido|Protect|p2b: Miss Nido\n|-singleturn|p2b: Miss Nido|Protect\n|move|p1b: Chansey|Soft-Boiled|p1b: Chansey\n|-heal|p1b: Chansey|641/641\n|\n|upkeep\n|turn|34\n|\n|t:|1733442802\n|move|p2b: Miss Nido|Protect||[still]\n|debug|Success chance: 33%\n|-fail|p2b: Miss Nido\n|debug|doubling secondary chance\n|move|p1b: Chansey|Ice Beam|p2b: Miss Nido\n|-supereffective|p2b: Miss Nido\n|-damage|p2b: Miss Nido|0 fnt\n|debug|move failed because it did nothing\n|faint|p2b: Miss Nido\n|\n|win|je64\n","uploadtime":1733442808,"views":"25","formatid":"gen9doublescustomgame","rating":null,"private":0,"password":null}