{"id":"gen9doublescustomgame-2340199966","format":"[Gen 9] Doubles Custom Game","players":["mistermoscow","Mattmandaman"],"log":"|j|☆mistermoscow\n|j|☆Mattmandaman\n|t:|1744338586\n|gametype|doubles\n|player|p1|mistermoscow|alder|\n|player|p2|Mattmandaman|giovanni|\n|teamsize|p1|6\n|teamsize|p2|6\n|gen|9\n|tier|[Gen 9] Doubles Custom Game\n|clearpoke\n|poke|p1|Nidoking, M|\n|poke|p1|Dragonite, M|\n|poke|p1|Dewgong, M|\n|poke|p1|Exeggutor, M|\n|poke|p1|Mr. Mime, M|\n|poke|p1|Jolteon, M|\n|poke|p2|Gengar, F|\n|poke|p2|Starmie|\n|poke|p2|Chansey, F|\n|poke|p2|Nidoking, M|\n|poke|p2|Snorlax, M|\n|poke|p2|Pinsir, M|\n|teampreview\n|\n|t:|1744338615\n|start\n|switch|p1a: Dewey|Dewgong, M|384/384\n|switch|p1b: Sparky|Jolteon, M|271/271\n|switch|p2a: Gengar|Gengar, F|262/262\n|switch|p2b: Chansey|Chansey, F|704/704\n|turn|1\n|\n|t:|1744338632\n|move|p2a: Gengar|Protect|p2a: Gengar\n|-singleturn|p2a: Gengar|Protect\n|move|p1b: Sparky|Light Screen|p1b: Sparky\n|-sidestart|p1: mistermoscow|move: Light Screen\n|move|p1a: Dewey|Triple Axel|p2a: Gengar\n|-activate|p2a: Gengar|move: Protect\n|move|p2b: Chansey|Teleport|p2b: Chansey\n|\n|t:|1744338649\n|switch|p2b: Nidoking|Nidoking, M|304/304|[from] Teleport\n|\n|upkeep\n|turn|2\n|\n|t:|1744338662\n|switch|p1b: Puff Daddy|Dragonite, M|355/355\n|move|p2b: Nidoking|Ice Beam|p1b: Puff Daddy\n|-supereffective|p1b: Puff Daddy\n|debug|Multiscale weaken\n|debug|Light Screen weaken\n|-damage|p1b: Puff Daddy|199/355\n|move|p2a: Gengar|Will-O-Wisp|p1a: Dewey\n|-status|p1a: Dewey|brn\n|move|p1a: Dewey|Triple Axel|p2b: Nidoking\n|-supereffective|p2b: Nidoking\n|-damage|p2b: Nidoking|271/304\n|-supereffective|p2b: Nidoking\n|-damage|p2b: Nidoking|202/304\n|-supereffective|p2b: Nidoking\n|-damage|p2b: Nidoking|112/304\n|-hitcount|p2b: Nidoking|3\n|\n|-damage|p1a: Dewey|360/384 brn|[from] brn\n|upkeep\n|turn|3\n|c|☆Mattmandaman|holy shit banded??\n|c|☆mistermoscow|wouldnt you like to know\n|\n|t:|1744338727\n|switch|p2b: Chansey|Chansey, F|704/704\n|move|p1b: Puff Daddy|Protect|p1b: Puff Daddy\n|-singleturn|p1b: Puff Daddy|Protect\n|move|p2a: Gengar|Will-O-Wisp|p1b: Puff Daddy\n|-activate|p1b: Puff Daddy|move: Protect\n|move|p1a: Dewey|Triple Axel|p2a: Gengar\n|-damage|p2a: Gengar|241/262\n|-start|p1a: Dewey|Disable|Triple Axel|[from] ability: Cursed Body|[of] p2a: Gengar\n|-damage|p2a: Gengar|202/262\n|-damage|p2a: Gengar|142/262\n|-hitcount|p2a: Gengar|3\n|\n|-damage|p1a: Dewey|336/384 brn|[from] brn\n|upkeep\n|turn|4\n|\n|t:|1744338758\n|switch|p1b: King Nido|Nidoking, M|303/303\n|move|p2a: Gengar|Will-O-Wisp|p1b: King Nido\n|-status|p1b: King Nido|brn\n|move|p1a: Dewey|Knock Off|p2a: Gengar\n|-supereffective|p2a: Gengar\n|-damage|p2a: Gengar|13/262\n|-enditem|p2a: Gengar|Focus Sash|[from] move: Knock Off|[of] p1a: Dewey\n|move|p2b: Chansey|Seismic Toss|p1a: Dewey\n|-damage|p1a: Dewey|236/384 brn\n|\n|-damage|p1b: King Nido|285/303 brn|[from] brn\n|-damage|p1a: Dewey|212/384 brn|[from] brn\n|upkeep\n|turn|5\n|\n|t:|1744338812\n|switch|p1b: Sparky|Jolteon, M|271/271\n|switch|p2a: Snorlax|Snorlax, M|479/479\n|move|p1a: Dewey|Knock Off|p2b: Chansey\n|-damage|p2b: Chansey|640/704\n|-enditem|p2b: Chansey|Eviolite|[from] move: Knock Off|[of] p1a: Dewey\n|move|p2b: Chansey|Seismic Toss|p1b: Sparky\n|-damage|p1b: Sparky|171/271\n|\n|-damage|p1a: Dewey|188/384 brn|[from] brn\n|upkeep\n|turn|6\n|\n|t:|1744338840\n|move|p1b: Sparky|Reflect|p1b: Sparky\n|-sidestart|p1: mistermoscow|Reflect\n|move|p1a: Dewey|Knock Off|p2a: Snorlax\n|-damage|p2a: Snorlax|427/479\n|-enditem|p2a: Snorlax|Leftovers|[from] move: Knock Off|[of] p1a: Dewey\n|move|p2b: Chansey|Soft-Boiled|p2b: Chansey\n|-heal|p2b: Chansey|704/704\n|move|p2a: Snorlax|Body Slam|p1b: Sparky\n|debug|Reflect weaken\n|-damage|p1b: Sparky|20/271\n|debug|natural status immunity\n|debug|immune to status\n|debug|move failed because it did nothing\n|\n|-damage|p1a: Dewey|164/384 brn|[from] brn\n|-end|p1a: Dewey|Disable\n|upkeep\n|turn|7\n|\n|t:|1744338867\n|switch|p1b: King Nido|Nidoking, M|285/303 brn\n|move|p1a: Dewey|Flip Turn|p2a: Snorlax\n|-damage|p2a: Snorlax|382/479\n|\n|t:|1744338887\n|switch|p1a: Puff Daddy|Dragonite, M|199/355|[from] Flip Turn\n|move|p2b: Chansey|Seismic Toss|p1b: King Nido\n|-damage|p1b: King Nido|185/303 brn\n|move|p2a: Snorlax|Rock Slide|p1b: King Nido|[spread] p1a,p1b\n|debug|Spread modifier: 0.75\n|-supereffective|p1a: Puff Daddy\n|debug|Reflect weaken\n|debug|Spread modifier: 0.75\n|-resisted|p1b: King Nido\n|debug|Reflect weaken\n|-damage|p1a: Puff Daddy|104/355\n|-damage|p1b: King Nido|160/303 brn\n|\n|-damage|p1b: King Nido|142/303 brn|[from] brn\n|upkeep\n|turn|8\n|\n|t:|1744338919\n|move|p1b: King Nido|Earth Power|p2a: Snorlax\n|-damage|p2a: Snorlax|246/479\n|move|p1a: Puff Daddy|Scale Shot|p2a: Snorlax\n|-damage|p2a: Snorlax|182/479\n|-damage|p2a: Snorlax|122/479\n|-damage|p2a: Snorlax|64/479\n|-damage|p2a: Snorlax|4/479\n|-hitcount|p2a: Snorlax|4\n|-unboost|p1a: Puff Daddy|def|1\n|-boost|p1a: Puff Daddy|spe|1\n|move|p2a: Snorlax|Body Slam|p1a: Puff Daddy\n|debug|Reflect weaken\n|-damage|p1a: Puff Daddy|0 fnt\n|faint|p1a: Puff Daddy\n|move|p2b: Chansey|Teleport|p2b: Chansey\n|\n|t:|1744338935\n|switch|p2b: Pinsir|Pinsir, M|334/334|[from] Teleport\n|\n|-damage|p1b: King Nido|124/303 brn|[from] brn\n|-sideend|p1: mistermoscow|move: Light Screen\n|upkeep\n|c|☆mistermoscow|lame\n|c|☆Mattmandaman|im so lucky\n|\n|t:|1744338949\n|switch|p1a: Mimsy|Mr. Mime, M|221/221\n|turn|9\n|\n|t:|1744338975\n|move|p1b: King Nido|Earth Power|p2a: Snorlax\n|-damage|p2a: Snorlax|0 fnt\n|faint|p2a: Snorlax\n|move|p1a: Mimsy|Psychic Terrain|p1a: Mimsy\n|-fieldstart|move: Psychic Terrain\n|move|p2b: Pinsir|Knock Off|p1a: Mimsy\n|debug|Reflect weaken\n|-damage|p1a: Mimsy|129/221\n|-enditem|p1a: Mimsy|Mental Herb|[from] move: Knock Off|[of] p2b: Pinsir\n|\n|-damage|p1b: King Nido|106/303 brn|[from] brn\n|upkeep\n|\n|t:|1744338995\n|switch|p2a: Starmie|Starmie|262/262\n|turn|10\n|\n|t:|1744339005\n|move|p1b: King Nido|Earth Power|p2a: Starmie\n|-crit|p2a: Starmie\n|-damage|p2a: Starmie|0 fnt\n|faint|p2a: Starmie\n|move|p1a: Mimsy|Expanding Force|p2b: Pinsir\n|debug|psychic terrain boost\n|debug|terrain buff\n|-damage|p2b: Pinsir|106/334\n|move|p2b: Pinsir|X-Scissor|p1a: Mimsy\n|debug|Reflect weaken\n|-damage|p1a: Mimsy|30/221\n|\n|-damage|p1b: King Nido|88/303 brn|[from] brn\n|upkeep\n|c|☆Mattmandaman|nvm so lame\n|c|☆mistermoscow|oh fuck\n|c|☆mistermoscow|that was huge\n|\n|t:|1744339024\n|switch|p2a: Chansey|Chansey, F|704/704\n|turn|11\n|\n|t:|1744339041\n|move|p1b: King Nido|Earth Power|p2a: Chansey\n|-damage|p2a: Chansey|547/704\n|move|p1a: Mimsy|Expanding Force|p2b: Pinsir|[spread] p2a,p2b\n|debug|psychic terrain boost\n|debug|terrain buff\n|debug|Spread modifier: 0.75\n|debug|psychic terrain boost\n|debug|terrain buff\n|debug|Spread modifier: 0.75\n|-damage|p2a: Chansey|384/704\n|-damage|p2b: Pinsir|0 fnt\n|faint|p2b: Pinsir\n|move|p2a: Chansey|Seismic Toss|p1a: Mimsy\n|-damage|p1a: Mimsy|0 fnt\n|faint|p1a: Mimsy\n|\n|-damage|p1b: King Nido|70/303 brn|[from] brn\n|upkeep\n|\n|t:|1744339059\n|switch|p1a: Sparky|Jolteon, M|20/271\n|switch|p2b: Gengar|Gengar, F|13/262\n|turn|12\n|\n|t:|1744339089\n|switch|p1a: Dewey|Dewgong, M|164/384 brn\n|move|p2b: Gengar|Protect|p2b: Gengar\n|-singleturn|p2b: Gengar|Protect\n|move|p1b: King Nido|Earth Power|p2b: Gengar\n|-activate|p2b: Gengar|move: Protect\n|move|p2a: Chansey|Soft-Boiled|p2a: Chansey\n|-heal|p2a: Chansey|704/704\n|\n|-damage|p1b: King Nido|52/303 brn|[from] brn\n|-damage|p1a: Dewey|140/384 brn|[from] brn\n|upkeep\n|turn|13\n|\n|t:|1744339108\n|move|p1b: King Nido|Earth Power|p2b: Gengar\n|-supereffective|p2b: Gengar\n|-damage|p2b: Gengar|0 fnt\n|-start|p1b: King Nido|Disable|Earth Power|[from] ability: Cursed Body|[of] p2b: Gengar\n|faint|p2b: Gengar\n|move|p1a: Dewey|Triple Axel|p2a: Chansey\n|-damage|p2a: Chansey|677/704\n|-damage|p2a: Chansey|621/704\n|-damage|p2a: Chansey|538/704\n|-hitcount|p2a: Chansey|3\n|move|p2a: Chansey|Seismic Toss|p1b: King Nido\n|-damage|p1b: King Nido|0 fnt\n|faint|p1b: King Nido\n|\n|-damage|p1a: Dewey|116/384 brn|[from] brn\n|-sideend|p1: mistermoscow|Reflect\n|-fieldend|move: Psychic Terrain\n|upkeep\n|\n|t:|1744339127\n|switch|p2b: Nidoking|Nidoking, M|112/304\n|switch|p1b: Sparky|Jolteon, M|20/271\n|turn|14\n|\n|t:|1744339147\n|switch|p1b: Eggman|Exeggutor, M|394/394\n|move|p2b: Nidoking|Sludge Wave|p1a: Dewey|[spread] p2a,p1a,p1b\n|debug|Spread modifier: 0.75\n|debug|Spread modifier: 0.75\n|debug|Spread modifier: 0.75\n|-supereffective|p1b: Eggman\n|-damage|p2a: Chansey|420/704\n|-damage|p1a: Dewey|0 fnt\n|-damage|p1b: Eggman|68/394\n|faint|p1a: Dewey\n|move|p2a: Chansey|Soft-Boiled|p2a: Chansey\n|-heal|p2a: Chansey|704/704\n|\n|upkeep\n|\n|t:|1744339155\n|switch|p1a: Sparky|Jolteon, M|20/271\n|turn|15\n|\n|t:|1744339163\n|move|p1b: Eggman|Protect|p1b: Eggman\n|-singleturn|p1b: Eggman|Protect\n|move|p2b: Nidoking|Sludge Wave|p1a: Sparky|[spread] p2a,p1a\n|-activate|p1b: Eggman|move: Protect\n|debug|Spread modifier: 0.75\n|debug|Spread modifier: 0.75\n|-damage|p2a: Chansey|589/704\n|-damage|p1a: Sparky|0 fnt\n|faint|p1a: Sparky\n|move|p2a: Chansey|Soft-Boiled|p2a: Chansey\n|-heal|p2a: Chansey|704/704\n|\n|upkeep\n|turn|16\n|-message|mistermoscow forfeited.\n|\n|win|Mattmandaman\n|c|☆mistermoscow|lame\n|c|☆Mattmandaman|chansey broken\n","uploadtime":1744339180,"views":"13","formatid":"gen9doublescustomgame","rating":null,"private":0,"password":null}