{"id":"gen9doublescustomgame-2414847117","format":"[Gen 9] Doubles Custom Game","players":["mango meloetta","mistermoscow"],"log":"|j|☆mango meloetta\n|j|☆mistermoscow\n|t:|1754269257\n|gametype|doubles\n|player|p1|mango meloetta|li|\n|player|p2|mistermoscow|alder|\n|gen|9\n|tier|[Gen 9] Doubles Custom Game\n|clearpoke\n|poke|p1|Electabuzz|\n|poke|p1|Arcanine|\n|poke|p1|Weezing|\n|poke|p1|Snorlax|\n|poke|p1|Persian|\n|poke|p1|Parasect|\n|poke|p2|Clefairy, M|\n|poke|p2|Primeape, M|\n|poke|p2|Exeggutor, M|\n|poke|p2|Mr. Mime|\n|poke|p2|Jolteon, M|\n|poke|p2|Dragonite, M|\n|teampreview\n|\n|t:|1754269282\n|teamsize|p1|6\n|teamsize|p2|6\n|start\n|switch|p1a: Parasect|Parasect|324/324\n|switch|p1b: Persian|Persian|272/272\n|switch|p2a: Clifford|Clefairy, M|282/282\n|switch|p2b: Apollo|Primeape, M|271/271\n|turn|1\n|\n|t:|1754269329\n|switch|p2b: Eggman|Exeggutor, M|332/332\n|move|p1b: Persian|Fake Out|p2a: Clifford\n|debug|Base Power: 40\n|debug|Technician boost\n|-damage|p2a: Clifford|233/282\n|cant|p2a: Clifford|flinch\n|move|p1a: Parasect|Spore|p2b: Eggman\n|debug|natural powder immunity\n|-immune|p2b: Eggman\n|\n|upkeep\n|turn|2\n|\n|t:|1754269399\n|move|p2b: Eggman|Protect|p2b: Eggman\n|-singleturn|p2b: Eggman|Protect\n|move|p1b: Persian|Thunder Wave|p2b: Eggman\n|-activate|p2b: Eggman|move: Protect\n|move|p2a: Clifford|Sunny Day|p2a: Clifford\n|-weather|SunnyDay\n|move|p1a: Parasect|Leech Seed|p2a: Clifford\n|-start|p2a: Clifford|move: Leech Seed\n|\n|-weather|SunnyDay|[upkeep]\n|-damage|p2a: Clifford|198/282|[from] Leech Seed|[of] p1a: Parasect\n|upkeep\n|turn|3\n|\n|t:|1754269429\n|move|p2a: Clifford|Follow Me|p2a: Clifford\n|-singleturn|p2a: Clifford|move: Follow Me\n|move|p2b: Eggman|Psychic Terrain|p2b: Eggman\n|-fieldstart|move: Psychic Terrain\n|move|p1b: Persian|Bite|p2a: Clifford\n|debug|Follow Me redirected target of move\n|debug|Base Power: 60\n|debug|Technician boost\n|-resisted|p2a: Clifford\n|-damage|p2a: Clifford|170/282\n|move|p1a: Parasect|Spore|p2a: Clifford\n|debug|Follow Me redirected target of move\n|-status|p2a: Clifford|slp|[from] move: Spore\n|\n|-weather|SunnyDay|[upkeep]\n|-damage|p2a: Clifford|135/282 slp|[from] Leech Seed|[of] p1a: Parasect\n|upkeep\n|turn|4\n|\n|t:|1754269456\n|switch|p2a: Sparky|Jolteon, M|271/271\n|switch|p1a: Arcanine|Arcanine|321/321\n|-ability|p1a: Arcanine|Intimidate|boost\n|-unboost|p2a: Sparky|atk|1\n|-unboost|p2b: Eggman|atk|1\n|move|p2b: Eggman|Expanding Force|p1a: Arcanine|[spread] p1a,p1b\n|debug|psychic terrain boost\n|debug|terrain buff\n|debug|Spread modifier: 0.75\n|debug|psychic terrain boost\n|debug|terrain buff\n|debug|Spread modifier: 0.75\n|-damage|p1a: Arcanine|0 fnt\n|-enditem|p1b: Persian|Focus Sash\n|-damage|p1b: Persian|1/272\n|faint|p1a: Arcanine\n|-damage|p2b: Eggman|299/332|[from] item: Life Orb\n|move|p1b: Persian|Bite|p2b: Eggman\n|debug|Base Power: 60\n|debug|Technician boost\n|-supereffective|p2b: Eggman\n|-damage|p2b: Eggman|127/332\n|\n|-weather|SunnyDay|[upkeep]\n|upkeep\n|\n|t:|1754269514\n|switch|p1a: Electabuzz|Electabuzz|334/334\n|turn|5\n|\n|t:|1754269556\n|move|p2b: Eggman|Expanding Force|p1b: Persian|[spread] p1a,p1b\n|debug|psychic terrain boost\n|debug|terrain buff\n|debug|Spread modifier: 0.75\n|debug|psychic terrain boost\n|debug|terrain buff\n|debug|Spread modifier: 0.75\n|-damage|p1a: Electabuzz|96/334\n|-damage|p1b: Persian|0 fnt\n|faint|p1b: Persian\n|-damage|p2b: Eggman|94/332|[from] item: Life Orb\n|move|p2a: Sparky|Reflect|p2a: Sparky\n|-sidestart|p2: mistermoscow|Reflect\n|move|p1a: Electabuzz|Light Screen|p1a: Electabuzz\n|-sidestart|p1: mango meloetta|move: Light Screen\n|\n|-weather|SunnyDay|[upkeep]\n|upkeep\n|\n|t:|1754269582\n|switch|p1b: Weezing|Weezing|334/334\n|turn|6\n|\n|t:|1754269592\n|move|p2b: Eggman|Expanding Force|p1b: Weezing|[spread] p1a,p1b\n|debug|psychic terrain boost\n|debug|terrain buff\n|debug|Spread modifier: 0.75\n|debug|Light Screen weaken\n|debug|psychic terrain boost\n|debug|terrain buff\n|debug|Spread modifier: 0.75\n|-supereffective|p1b: Weezing\n|debug|Light Screen weaken\n|-damage|p1a: Electabuzz|0 fnt\n|-damage|p1b: Weezing|0 fnt\n|faint|p1a: Electabuzz\n|faint|p1b: Weezing\n|-damage|p2b: Eggman|61/332|[from] item: Life Orb\n|move|p2a: Sparky|Light Screen|p2a: Sparky\n|-sidestart|p2: mistermoscow|move: Light Screen\n|\n|-weather|none\n|upkeep\n|\n|t:|1754269597\n|switch|p1a: Snorlax|Snorlax|524/524\n|switch|p1b: Parasect|Parasect|324/324\n|turn|7\n|\n|t:|1754269607\n|move|p2a: Sparky|Sunny Day|p2a: Sparky\n|-weather|SunnyDay\n|move|p2b: Eggman|Expanding Force|p1a: Snorlax|[spread] p1a,p1b\n|debug|psychic terrain boost\n|debug|terrain buff\n|debug|Spread modifier: 0.75\n|debug|Light Screen weaken\n|debug|psychic terrain boost\n|debug|terrain buff\n|debug|Spread modifier: 0.75\n|debug|Light Screen weaken\n|-damage|p1a: Snorlax|354/524\n|-damage|p1b: Parasect|137/324\n|-damage|p2b: Eggman|28/332|[from] item: Life Orb\n|move|p1a: Snorlax|Return|p2b: Eggman\n|debug|Reflect weaken\n|-damage|p2b: Eggman|0 fnt\n|faint|p2b: Eggman\n|move|p1b: Parasect|Spore|p2a: Sparky\n|-status|p2a: Sparky|slp|[from] move: Spore\n|\n|-weather|SunnyDay|[upkeep]\n|-heal|p1b: Parasect|157/324|[from] item: Leftovers\n|-fieldend|move: Psychic Terrain\n|upkeep\n|\n|t:|1754269629\n|switch|p2b: Clifford|Clefairy, M|135/282 slp\n|turn|8\n|\n|t:|1754269680\n|cant|p2a: Sparky|slp\n|cant|p2b: Clifford|slp\n|move|p1a: Snorlax|Belly Drum|p1a: Snorlax\n|-damage|p1a: Snorlax|92/524\n|-setboost|p1a: Snorlax|atk|6|[from] move: Belly Drum\n|-enditem|p1a: Snorlax|Figy Berry|[eat]\n|-heal|p1a: Snorlax|266/524|[from] item: Figy Berry\n|move|p1b: Parasect|Leech Seed|p2b: Clifford\n|-start|p2b: Clifford|move: Leech Seed\n|\n|-weather|SunnyDay|[upkeep]\n|-heal|p1b: Parasect|177/324|[from] item: Leftovers\n|-damage|p2b: Clifford|100/282 slp|[from] Leech Seed|[of] p1b: Parasect\n|-heal|p1b: Parasect|212/324|[silent]\n|upkeep\n|turn|9\n|\n|t:|1754269706\n|cant|p2a: Sparky|slp\n|cant|p2b: Clifford|slp\n|move|p1a: Snorlax|Recycle|p1a: Snorlax\n|-item|p1a: Snorlax|Figy Berry|[from] move: Recycle\n|move|p1b: Parasect|Leech Seed|p2a: Sparky\n|-start|p2a: Sparky|move: Leech Seed\n|\n|-weather|SunnyDay|[upkeep]\n|-heal|p1b: Parasect|232/324|[from] item: Leftovers\n|-damage|p2a: Sparky|238/271 slp|[from] Leech Seed|[of] p1b: Parasect\n|-heal|p1b: Parasect|265/324|[silent]\n|-damage|p2b: Clifford|65/282 slp|[from] Leech Seed|[of] p1b: Parasect\n|-heal|p1b: Parasect|300/324|[silent]\n|-sideend|p1: mango meloetta|move: Light Screen\n|upkeep\n|turn|10\n|\n|t:|1754269748\n|switch|p2a: Apollo|Primeape, M|271/271\n|cant|p2b: Clifford|slp\n|move|p1a: Snorlax|Return|p2b: Clifford\n|debug|Reflect weaken\n|-damage|p2b: Clifford|0 fnt\n|faint|p2b: Clifford\n|move|p1b: Parasect|Reflect|p1b: Parasect\n|-sidestart|p1: mango meloetta|Reflect\n|\n|-weather|SunnyDay|[upkeep]\n|-heal|p1b: Parasect|320/324|[from] item: Leftovers\n|upkeep\n|\n|t:|1754269759\n|switch|p2b: Mimsy|Mr. Mime|284/284\n|turn|11\n|\n|t:|1754269771\n|move|p1a: Snorlax|Protect|p1a: Snorlax\n|-singleturn|p1a: Snorlax|Protect\n|move|p2b: Mimsy|Fake Out|p1b: Parasect\n|debug|Reflect weaken\n|-damage|p1b: Parasect|309/324\n|-status|p2b: Mimsy|psn|[from] ability: Effect Spore|[of] p1b: Parasect\n|move|p2a: Apollo|Bulk Up|p2a: Apollo\n|-boost|p2a: Apollo|atk|1\n|-boost|p2a: Apollo|def|1\n|cant|p1b: Parasect|flinch\n|\n|-weather|none\n|-heal|p1b: Parasect|324/324|[from] item: Leftovers\n|-damage|p2b: Mimsy|249/284 psn|[from] psn\n|upkeep\n|turn|12\n|\n|t:|1754269799\n|switch|p2b: Sparky|Jolteon, M|238/271 slp\n|move|p2a: Apollo|Drain Punch|p1a: Snorlax\n|-supereffective|p1a: Snorlax\n|debug|Reflect weaken\n|-damage|p1a: Snorlax|2/524\n|-enditem|p1a: Snorlax|Figy Berry|[eat]\n|-heal|p1a: Snorlax|176/524|[from] item: Figy Berry\n|move|p1a: Snorlax|Return|p2a: Apollo\n|debug|Reflect weaken\n|-damage|p2a: Apollo|73/271\n|move|p1b: Parasect|Spore|p2a: Apollo\n|-status|p2a: Apollo|slp|[from] move: Spore\n|\n|-sideend|p2: mistermoscow|Reflect\n|upkeep\n|turn|13\n|\n|t:|1754269817\n|-curestatus|p2b: Sparky|slp|[msg]\n|move|p2b: Sparky|Reflect|p2b: Sparky\n|-sidestart|p2: mistermoscow|Reflect\n|cant|p2a: Apollo|slp\n|move|p1a: Snorlax|Recycle|p1a: Snorlax\n|-item|p1a: Snorlax|Figy Berry|[from] move: Recycle\n|-enditem|p1a: Snorlax|Figy Berry|[eat]\n|-heal|p1a: Snorlax|350/524|[from] item: Figy Berry\n|move|p1b: Parasect|Leech Seed|p2a: Apollo\n|-start|p2a: Apollo|move: Leech Seed\n|\n|-damage|p2a: Apollo|40/271 slp|[from] Leech Seed|[of] p1b: Parasect\n|-sideend|p2: mistermoscow|move: Light Screen\n|upkeep\n|turn|14\n|\n|t:|1754269836\n|move|p2b: Sparky|Electroweb|p1b: Parasect|[spread] p1a\n|-miss|p2b: Sparky|p1b: Parasect\n|debug|Spread modifier: 0.75\n|-damage|p1a: Snorlax|310/524\n|-unboost|p1a: Snorlax|spe|1\n|cant|p2a: Apollo|slp\n|move|p1b: Parasect|Spore|p2b: Sparky\n|-status|p2b: Sparky|slp|[from] move: Spore\n|move|p1a: Snorlax|Recycle|p1a: Snorlax\n|-item|p1a: Snorlax|Figy Berry|[from] move: Recycle\n|\n|-damage|p2a: Apollo|7/271 slp|[from] Leech Seed|[of] p1b: Parasect\n|-sideend|p1: mango meloetta|Reflect\n|upkeep\n|turn|15\n|\n|t:|1754269860\n|switch|p2b: Mimsy|Mr. Mime|249/284 psn\n|-curestatus|p2a: Apollo|slp|[msg]\n|move|p2a: Apollo|Drain Punch|p1a: Snorlax\n|-supereffective|p1a: Snorlax\n|-damage|p1a: Snorlax|0 fnt\n|-heal|p2a: Apollo|162/271|[from] drain|[of] p1a: Snorlax\n|faint|p1a: Snorlax\n|move|p1b: Parasect|Leech Seed|p2b: Mimsy\n|-start|p2b: Mimsy|move: Leech Seed\n|\n|-damage|p2a: Apollo|129/271|[from] Leech Seed|[of] p1b: Parasect\n|-damage|p2b: Mimsy|214/284 psn|[from] Leech Seed|[of] p1b: Parasect\n|-damage|p2b: Mimsy|179/284 psn|[from] psn\n|upkeep\n|turn|16\n|\n|t:|1754269878\n|move|p2b: Mimsy|Fake Out|p1b: Parasect\n|-damage|p1b: Parasect|308/324\n|move|p2a: Apollo|Bulk Up|p2a: Apollo\n|-boost|p2a: Apollo|atk|1\n|-boost|p2a: Apollo|def|1\n|cant|p1b: Parasect|flinch\n|\n|-heal|p1b: Parasect|324/324|[from] item: Leftovers\n|-damage|p2a: Apollo|96/271|[from] Leech Seed|[of] p1b: Parasect\n|-damage|p2b: Mimsy|144/284 psn|[from] Leech Seed|[of] p1b: Parasect\n|-damage|p2b: Mimsy|109/284 psn|[from] psn\n|upkeep\n|turn|17\n|\n|t:|1754269898\n|move|p2b: Mimsy|Follow Me|p2b: Mimsy\n|-singleturn|p2b: Mimsy|move: Follow Me\n|move|p2a: Apollo|Bulk Up|p2a: Apollo\n|-boost|p2a: Apollo|atk|1\n|-boost|p2a: Apollo|def|1\n|move|p1b: Parasect|Spore||[still]\n|debug|Follow Me redirected target of move\n|-fail|p1b: Parasect\n|debug|move failed because it did nothing\n|\n|-damage|p2a: Apollo|63/271|[from] Leech Seed|[of] p1b: Parasect\n|-damage|p2b: Mimsy|74/284 psn|[from] Leech Seed|[of] p1b: Parasect\n|-damage|p2b: Mimsy|39/284 psn|[from] psn\n|upkeep\n|turn|18\n|\n|t:|1754269910\n|move|p2b: Mimsy|Follow Me|p2b: Mimsy\n|-singleturn|p2b: Mimsy|move: Follow Me\n|move|p2a: Apollo|Bulk Up|p2a: Apollo\n|-boost|p2a: Apollo|atk|1\n|-boost|p2a: Apollo|def|1\n|move|p1b: Parasect|Reflect|p1b: Parasect\n|-sidestart|p1: mango meloetta|Reflect\n|\n|-damage|p2a: Apollo|30/271|[from] Leech Seed|[of] p1b: Parasect\n|-damage|p2b: Mimsy|4/284 psn|[from] Leech Seed|[of] p1b: Parasect\n|-damage|p2b: Mimsy|0 fnt|[from] psn\n|faint|p2b: Mimsy\n|upkeep\n|\n|t:|1754269923\n|switch|p2b: Puff Daddy|Dragonite, M|324/324\n|turn|19\n|\n|t:|1754269931\n|move|p2b: Puff Daddy|Dragon Dance|p2b: Puff Daddy\n|-boost|p2b: Puff Daddy|atk|1\n|-boost|p2b: Puff Daddy|spe|1\n|move|p2a: Apollo|Rage Fist|p1b: Parasect\n|debug|Reflect weaken\n|-damage|p1b: Parasect|85/324\n|-status|p2a: Apollo|slp|[from] ability: Effect Spore|[of] p1b: Parasect\n|move|p1b: Parasect|Spore|p2b: Puff Daddy\n|-status|p2b: Puff Daddy|slp|[from] move: Spore\n|\n|-heal|p1b: Parasect|105/324|[from] item: Leftovers\n|-damage|p2a: Apollo|0 fnt|[from] Leech Seed|[of] p1b: Parasect\n|-heal|p1b: Parasect|135/324|[silent]\n|faint|p2a: Apollo\n|upkeep\n|\n|t:|1754269946\n|switch|p2a: Sparky|Jolteon, M|238/271 slp\n|turn|20\n|\n|t:|1754269962\n|cant|p2b: Puff Daddy|slp\n|cant|p2a: Sparky|slp\n|move|p1b: Parasect|Leech Seed|p2a: Sparky\n|-start|p2a: Sparky|move: Leech Seed\n|\n|-heal|p1b: Parasect|155/324|[from] item: Leftovers\n|-damage|p2a: Sparky|205/271 slp|[from] Leech Seed|[of] p1b: Parasect\n|-heal|p1b: Parasect|188/324|[silent]\n|-sideend|p2: mistermoscow|Reflect\n|upkeep\n|turn|21\n|\n|t:|1754269980\n|-curestatus|p2b: Puff Daddy|slp|[msg]\n|move|p2b: Puff Daddy|Dragon Claw|p1b: Parasect\n|debug|Reflect weaken\n|-damage|p1b: Parasect|16/324\n|-curestatus|p2a: Sparky|slp|[msg]\n|move|p2a: Sparky|Electroweb|p1b: Parasect\n|-resisted|p1b: Parasect\n|-damage|p1b: Parasect|0 fnt\n|faint|p1b: Parasect\n|\n|win|mistermoscow\n|c|☆mistermoscow|gg\n|c|☆mango meloetta|ahhh gg haha\n|c|☆mango meloetta|good game\n|c|☆mistermoscow|close one\n","uploadtime":1754269995,"views":"15","formatid":"gen9doublescustomgame","rating":null,"private":0,"password":null}