{"id":"gen9doublescustomgame-2437304357","format":"[Gen 9] Doubles Custom Game","players":["je64","mattmandaman"],"log":"|badge|p2|silver|gen9doublesou|30-6\n|uhtml|medal-msg|<div class=\"broadcast-blue\">Curious what those medals under the avatar are? PS now has Ladder Seasons! For more information, check out the <a href=\"https://www.smogon.com/forums/threads/3740067/\">thread on Smogon.</a></div>\n|j|☆je64\n|j|☆mattmandaman\n|t:|1757300012\n|gametype|doubles\n|player|p1|je64|265|\n|player|p2|mattmandaman|unknown|\n|gen|9\n|tier|[Gen 9] Doubles Custom Game\n|clearpoke\n|poke|p1|Dugtrio|\n|poke|p1|Gengar|\n|poke|p1|Dewgong|\n|poke|p1|Raichu|\n|poke|p1|Chansey, F|\n|poke|p1|Gyarados|\n|poke|p2|Starmie|\n|poke|p2|Pikachu|\n|poke|p2|Gengar|\n|poke|p2|Clefairy|\n|poke|p2|Nidoking, M|\n|poke|p2|Chansey, F|\n|teampreview\n|\n|t:|1757300133\n|teamsize|p1|6\n|teamsize|p2|6\n|start\n|switch|p1a: Dewgongeroar|Dewgong|384/384\n|switch|p1b: Joys hot assistnt|Chansey, F|704/704\n|switch|p2a: Starmie|Starmie|262/262\n|switch|p2b: Chansey|Chansey, F|704/704\n|turn|1\n|\n|t:|1757300194\n|move|p1a: Dewgongeroar|Fake Out|p2b: Chansey\n|-damage|p2b: Chansey|654/704\n|move|p2a: Starmie|Psychic|p1a: Dewgongeroar\n|-damage|p1a: Dewgongeroar|239/384\n|cant|p2b: Chansey|flinch\n|move|p1b: Joys hot assistnt|Thunder Wave|p2a: Starmie\n|-status|p2a: Starmie|par\n|\n|upkeep\n|turn|2\n|\n|t:|1757300228\n|-curestatus|p2a: Starmie|par|[from] ability: Natural Cure\n|switch|p2a: Pikachu|Pikachu|211/211\n|move|p1a: Dewgongeroar|Knock Off|p2b: Chansey\n|-damage|p2b: Chansey|538/704\n|-enditem|p2b: Chansey|Eviolite|[from] move: Knock Off|[of] p1a: Dewgongeroar\n|move|p2b: Chansey|Seismic Toss|p1a: Dewgongeroar\n|-damage|p1a: Dewgongeroar|139/384\n|-enditem|p1a: Dewgongeroar|Sitrus Berry|[eat]\n|-heal|p1a: Dewgongeroar|235/384|[from] item: Sitrus Berry\n|move|p1b: Joys hot assistnt|Seismic Toss|p2a: Pikachu\n|-damage|p2a: Pikachu|111/211\n|\n|upkeep\n|turn|3\n|\n|t:|1757300283\n|switch|p1a: Shai-Hulud|Dugtrio|212/212\n|move|p2a: Pikachu|Fake Out|p1b: Joys hot assistnt\n|-damage|p1b: Joys hot assistnt|653/704\n|move|p2b: Chansey|Seismic Toss|p1a: Shai-Hulud\n|-damage|p1a: Shai-Hulud|112/212\n|cant|p1b: Joys hot assistnt|flinch\n|\n|upkeep\n|turn|4\n|\n|t:|1757300303\n|move|p1a: Shai-Hulud|Protect|p1a: Shai-Hulud\n|-singleturn|p1a: Shai-Hulud|Protect\n|move|p2b: Chansey|Ally Switch|p2b: Chansey\n|swap|p2b: Chansey|0|[from] move: Ally Switch\n|move|p2b: Pikachu|Alluring Voice|p1a: Shai-Hulud\n|-activate|p1a: Shai-Hulud|move: Protect\n|move|p1b: Joys hot assistnt|Seismic Toss|p2a: Chansey\n|-damage|p2a: Chansey|438/704\n|\n|upkeep\n|turn|5\n|\n|t:|1757300333\n|move|p2b: Pikachu|Protect|p2b: Pikachu\n|-singleturn|p2b: Pikachu|Protect\n|move|p1a: Shai-Hulud|Endeavor|p2a: Chansey\n|-damage|p2a: Chansey|112/704\n|move|p2a: Chansey|Soft-Boiled|p2a: Chansey\n|-heal|p2a: Chansey|464/704\n|move|p1b: Joys hot assistnt|Seismic Toss|p2a: Chansey\n|-damage|p2a: Chansey|364/704\n|\n|upkeep\n|turn|6\n|\n|t:|1757300369\n|move|p1a: Shai-Hulud|High Horsepower|p2b: Pikachu\n|-supereffective|p2b: Pikachu\n|-damage|p2b: Pikachu|0 fnt\n|faint|p2b: Pikachu\n|move|p2a: Chansey|Soft-Boiled|p2a: Chansey\n|-heal|p2a: Chansey|704/704\n|move|p1b: Joys hot assistnt|Seismic Toss|p2a: Chansey\n|-damage|p2a: Chansey|604/704\n|\n|upkeep\n|\n|t:|1757300380\n|switch|p2b: Nidoking|Nidoking, M|304/304\n|turn|7\n|\n|t:|1757300431\n|move|p1a: Shai-Hulud|Protect|p1a: Shai-Hulud\n|-singleturn|p1a: Shai-Hulud|Protect\n|move|p2b: Nidoking|Protect|p2b: Nidoking\n|-singleturn|p2b: Nidoking|Protect\n|move|p2a: Chansey|Seismic Toss|p1a: Shai-Hulud\n|-activate|p1a: Shai-Hulud|move: Protect\n|move|p1b: Joys hot assistnt|Thunder Wave|p2a: Chansey\n|-status|p2a: Chansey|par\n|\n|upkeep\n|turn|8\n|\n|t:|1757300458\n|move|p1a: Shai-Hulud|Endeavor|p2b: Nidoking\n|-damage|p2b: Nidoking|112/304\n|move|p2b: Nidoking|Sludge Wave|p1a: Shai-Hulud|[spread] p2a,p1a,p1b\n|debug|Spread modifier: 0.75\n|debug|Spread modifier: 0.75\n|-resisted|p1a: Shai-Hulud\n|debug|Spread modifier: 0.75\n|-damage|p2a: Chansey|432/704 par\n|-damage|p1a: Shai-Hulud|0 fnt\n|-damage|p1b: Joys hot assistnt|546/704\n|faint|p1a: Shai-Hulud\n|move|p1b: Joys hot assistnt|Seismic Toss|p2b: Nidoking\n|-damage|p2b: Nidoking|12/304\n|move|p2a: Chansey|Seismic Toss|p1b: Joys hot assistnt\n|-damage|p1b: Joys hot assistnt|446/704\n|\n|upkeep\n|\n|t:|1757300537\n|switch|p1a: Raichu|Raichu|261/261\n|-item|p1a: Raichu|Air Balloon\n|turn|9\n|\n|t:|1757300559\n|move|p2b: Nidoking|Protect|p2b: Nidoking\n|-singleturn|p2b: Nidoking|Protect\n|move|p1a: Raichu|Fake Out|p2b: Nidoking\n|-activate|p2b: Nidoking|move: Protect\n|cant|p2a: Chansey|par\n|move|p1b: Joys hot assistnt|Teleport|p1b: Joys hot assistnt\n|\n|t:|1757300571\n|switch|p1b: Gyaradance|Gyarados|332/332|[from] Teleport\n|\n|upkeep\n|turn|10\n|\n|t:|1757300612\n|move|p1a: Raichu|Thunderbolt|p2a: Chansey\n|-damage|p2a: Chansey|309/704 par\n|move|p2b: Nidoking|Ice Beam|p1a: Raichu\n|-damage|p1a: Raichu|78/261\n|-enditem|p1a: Raichu|Air Balloon\n|move|p1b: Gyaradance|Waterfall|p2b: Nidoking\n|-supereffective|p2b: Nidoking\n|-crit|p2b: Nidoking\n|-damage|p2b: Nidoking|0 fnt\n|debug|move failed because it did nothing\n|faint|p2b: Nidoking\n|-ability|p1b: Gyaradance|Moxie|boost\n|-boost|p1b: Gyaradance|atk|1\n|move|p2a: Chansey|Teleport|p2a: Chansey\n|\n|t:|1757300636\n|-curestatus|p2a: Chansey|par|[from] ability: Natural Cure\n|switch|p2a: Gengar|Gengar|262/262|[from] Teleport\n|\n|upkeep\n|\n|t:|1757300639\n|switch|p2b: Starmie|Starmie|262/262\n|turn|11\n|\n|t:|1757300732\n|switch|p1a: Dewgongeroar|Dewgong|235/384\n|switch|p1b: Joys hot assistnt|Chansey, F|446/704\n|move|p2b: Starmie|Psychic|p1b: Joys hot assistnt\n|-damage|p1b: Joys hot assistnt|356/704\n|move|p2a: Gengar|Sludge Bomb|p1b: Joys hot assistnt\n|-damage|p1b: Joys hot assistnt|253/704\n|\n|upkeep\n|turn|12\n|\n|t:|1757300813\n|move|p2b: Starmie|Psychic|p1a: Dewgongeroar\n|-damage|p1a: Dewgongeroar|108/384\n|move|p2a: Gengar|Sludge Bomb|p1a: Dewgongeroar\n|-damage|p1a: Dewgongeroar|0 fnt\n|faint|p1a: Dewgongeroar\n|move|p1b: Joys hot assistnt|Soft-Boiled|p1b: Joys hot assistnt\n|-heal|p1b: Joys hot assistnt|605/704\n|\n|upkeep\n|\n|t:|1757300992\n|switch|p1a: Stranger|Gengar|262/262\n|turn|13\n|\n|t:|1757301015\n|switch|p2a: Chansey|Chansey, F|309/704\n|move|p2b: Starmie|Psychic|p1a: Stranger\n|-supereffective|p1a: Stranger\n|-damage|p1a: Stranger|38/262\n|-start|p2b: Starmie|Disable|Psychic|[from] ability: Cursed Body|[of] p1a: Stranger\n|move|p1a: Stranger|Shadow Ball|p2b: Starmie\n|-supereffective|p2b: Starmie\n|-damage|p2b: Starmie|0 fnt\n|faint|p2b: Starmie\n|move|p1b: Joys hot assistnt|Thunder Wave|p2a: Chansey\n|-status|p2a: Chansey|par\n|\n|upkeep\n|\n|t:|1757301031\n|switch|p2b: Gengar|Gengar|262/262\n|turn|14\n|\n|t:|1757301066\n|-curestatus|p2a: Chansey|par|[from] ability: Natural Cure\n|switch|p2a: Clefairy|Clefairy|344/344\n|move|p2b: Gengar|Protect|p2b: Gengar\n|-singleturn|p2b: Gengar|Protect\n|move|p1a: Stranger|Icy Wind|p2a: Clefairy|[spread] p2a\n|-activate|p2b: Gengar|move: Protect\n|debug|Spread modifier: 0.75\n|-damage|p2a: Clefairy|296/344\n|-unboost|p2a: Clefairy|spe|1\n|move|p1b: Joys hot assistnt|Thunder Wave|p2b: Gengar\n|-activate|p2b: Gengar|move: Protect\n|\n|upkeep\n|turn|15\n|\n|t:|1757301086\n|move|p2a: Clefairy|Follow Me|p2a: Clefairy\n|-singleturn|p2a: Clefairy|move: Follow Me\n|move|p2b: Gengar|Psychic|p1a: Stranger\n|-supereffective|p1a: Stranger\n|-damage|p1a: Stranger|0 fnt\n|-start|p2b: Gengar|Disable|Psychic|[from] ability: Cursed Body|[of] p1a: Stranger\n|faint|p1a: Stranger\n|move|p1b: Joys hot assistnt|Thunder Wave|p2a: Clefairy\n|debug|Follow Me redirected target of move\n|-status|p2a: Clefairy|par\n|\n|upkeep\n|\n|t:|1757301109\n|switch|p1a: Raichu|Raichu|78/261\n|turn|16\n|\n|t:|1757301122\n|move|p1a: Raichu|Fake Out|p2a: Clefairy\n|-damage|p2a: Clefairy|276/344 par\n|cant|p2a: Clefairy|flinch\n|move|p2b: Gengar|Sludge Bomb|p1a: Raichu\n|-damage|p1a: Raichu|0 fnt\n|faint|p1a: Raichu\n|move|p1b: Joys hot assistnt|Thunder Wave|p2b: Gengar\n|-status|p2b: Gengar|par\n|\n|upkeep\n|\n|t:|1757301132\n|switch|p1a: Gyaradance|Gyarados|332/332\n|turn|17\n|\n|t:|1757301150\n|move|p2a: Clefairy|Follow Me|p2a: Clefairy\n|-singleturn|p2a: Clefairy|move: Follow Me\n|move|p1a: Gyaradance|Earthquake|p2b: Gengar|[spread] p1b,p2a,p2b\n|debug|Spread modifier: 0.75\n|debug|Spread modifier: 0.75\n|debug|Spread modifier: 0.75\n|-supereffective|p2b: Gengar\n|debug|Friend Guard weaken\n|-damage|p1b: Joys hot assistnt|410/704\n|-damage|p2a: Clefairy|154/344 par\n|-enditem|p2b: Gengar|Focus Sash\n|-damage|p2b: Gengar|1/262 par\n|move|p2b: Gengar|Will-O-Wisp|p1a: Gyaradance\n|-status|p1a: Gyaradance|brn\n|move|p1b: Joys hot assistnt|Seismic Toss|p2a: Clefairy\n|debug|Follow Me redirected target of move\n|-damage|p2a: Clefairy|54/344 par\n|\n|-damage|p1a: Gyaradance|312/332 brn|[from] brn\n|upkeep\n|turn|18\n|\n|t:|1757301171\n|switch|p2b: Chansey|Chansey, F|309/704\n|move|p1a: Gyaradance|Earthquake|p2a: Clefairy|[spread] p1b,p2a,p2b\n|debug|Spread modifier: 0.75\n|debug|Spread modifier: 0.75\n|debug|Spread modifier: 0.75\n|debug|Friend Guard weaken\n|-damage|p1b: Joys hot assistnt|312/704\n|-damage|p2a: Clefairy|0 fnt\n|-damage|p2b: Chansey|208/704\n|faint|p2a: Clefairy\n|-ability|p1a: Gyaradance|Moxie|boost\n|-boost|p1a: Gyaradance|atk|1\n|move|p1b: Joys hot assistnt|Soft-Boiled|p1b: Joys hot assistnt\n|-heal|p1b: Joys hot assistnt|664/704\n|\n|-damage|p1a: Gyaradance|292/332 brn|[from] brn\n|upkeep\n|\n|t:|1757301182\n|switch|p2a: Gengar|Gengar|1/262 par\n|turn|19\n|\n|t:|1757301189\n|move|p2a: Gengar|Protect|p2a: Gengar\n|-singleturn|p2a: Gengar|Protect\n|move|p1a: Gyaradance|Earthquake|p2b: Chansey|[spread] p1b,p2b\n|-activate|p2a: Gengar|move: Protect\n|debug|Spread modifier: 0.75\n|debug|Spread modifier: 0.75\n|-damage|p1b: Joys hot assistnt|518/704\n|-damage|p2b: Chansey|0 fnt\n|faint|p2b: Chansey\n|-ability|p1a: Gyaradance|Moxie|boost\n|-boost|p1a: Gyaradance|atk|1\n|move|p1b: Joys hot assistnt|Thunder Wave|p2a: Gengar\n|-activate|p2a: Gengar|move: Protect\n|\n|-damage|p1a: Gyaradance|272/332 brn|[from] brn\n|upkeep\n|turn|20\n|\n|t:|1757301211\n|move|p1a: Gyaradance|Earthquake|p2a: Gengar|[spread] p1b,p2a\n|debug|Spread modifier: 0.75\n|debug|Spread modifier: 0.75\n|-supereffective|p2a: Gengar\n|-damage|p1b: Joys hot assistnt|314/704\n|-damage|p2a: Gengar|0 fnt\n|faint|p2a: Gengar\n|\n|win|je64\n","uploadtime":1757301218,"views":"36","formatid":"gen9doublescustomgame","rating":null,"private":0,"password":null}