{"id":"gen9doublescustomgame-2331034204","format":"[Gen 9] Doubles Custom Game","players":["je64","mistermoscow"],"log":"|j|☆je64\n|j|☆mistermoscow\n|t:|1743305003\n|gametype|doubles\n|player|p1|je64|170|\n|player|p2|mistermoscow|alder|\n|teamsize|p1|6\n|teamsize|p2|6\n|gen|9\n|tier|[Gen 9] Doubles Custom Game\n|clearpoke\n|poke|p1|Gengar, M|\n|poke|p1|Exeggutor, M|\n|poke|p1|Dewgong, M|\n|poke|p1|Electabuzz, M|\n|poke|p1|Rhydon, F|\n|poke|p1|Chansey, F|\n|poke|p2|Nidoking, M|\n|poke|p2|Dugtrio, M|\n|poke|p2|Primeape, M|\n|poke|p2|Mr. Mime, M|\n|poke|p2|Jolteon, M|\n|poke|p2|Dragonite, M|\n|teampreview\n|\n|t:|1743305043\n|start\n|switch|p1a: Dude Thong|Dewgong, M|384/384\n|switch|p1b: Stranger|Gengar, M|261/261\n|switch|p2a: Apollo|Primeape, M|271/271\n|switch|p2b: Puff Daddy|Dragonite, M|324/324\n|turn|1\n|\n|t:|1743305072\n|move|p2b: Puff Daddy|Protect|p2b: Puff Daddy\n|-singleturn|p2b: Puff Daddy|Protect\n|move|p1a: Dude Thong|Fake Out|p2b: Puff Daddy\n|-activate|p2b: Puff Daddy|move: Protect\n|move|p1b: Stranger|Will-O-Wisp|p2a: Apollo\n|-status|p2a: Apollo|brn\n|move|p2a: Apollo|Bulk Up|p2a: Apollo\n|-boost|p2a: Apollo|atk|1\n|-boost|p2a: Apollo|def|1\n|\n|-damage|p2a: Apollo|255/271 brn|[from] brn\n|upkeep\n|turn|2\n|\n|t:|1743305102\n|switch|p2b: Sparky|Jolteon, M|272/272\n|move|p2a: Apollo|Bulk Up|p2a: Apollo\n|-boost|p2a: Apollo|atk|1\n|-boost|p2a: Apollo|def|1\n|move|p1a: Dude Thong|Triple Axel|p2b: Sparky\n|-damage|p2b: Sparky|245/272\n|-damage|p2b: Sparky|196/272\n|-damage|p2b: Sparky|114/272\n|-hitcount|p2b: Sparky|3\n|move|p1b: Stranger|Trick Room|p1b: Stranger\n|-fieldstart|move: Trick Room|[of] p1b: Stranger\n|\n|-damage|p2a: Apollo|239/271 brn|[from] brn\n|upkeep\n|turn|3\n|\n|t:|1743305132\n|move|p1a: Dude Thong|Knock Off|p2a: Apollo\n|-resisted|p2a: Apollo\n|-damage|p2a: Apollo|225/271 brn\n|-enditem|p2a: Apollo|Eviolite|[from] move: Knock Off|[of] p1a: Dude Thong\n|move|p2a: Apollo|Bulk Up|p2a: Apollo\n|-boost|p2a: Apollo|atk|1\n|-boost|p2a: Apollo|def|1\n|move|p1b: Stranger|Sludge Bomb|p2a: Apollo\n|-damage|p2a: Apollo|71/271 brn\n|debug|move failed because it did nothing\n|move|p2b: Sparky|Volt Switch|p1a: Dude Thong\n|-supereffective|p1a: Dude Thong\n|-damage|p1a: Dude Thong|232/384\n|\n|t:|1743305161\n|switch|p2b: Mimsy|Mr. Mime, M|222/222|[from] Volt Switch\n|\n|-damage|p2a: Apollo|55/271 brn|[from] brn\n|upkeep\n|turn|4\n|\n|t:|1743305180\n|move|p1a: Dude Thong|Knock Off|p2b: Mimsy\n|-damage|p2b: Mimsy|138/222\n|-enditem|p2b: Mimsy|Leftovers|[from] move: Knock Off|[of] p1a: Dude Thong\n|move|p2a: Apollo|Drain Punch|p1a: Dude Thong\n|-supereffective|p1a: Dude Thong\n|-damage|p1a: Dude Thong|0 fnt\n|-heal|p2a: Apollo|171/271 brn|[from] drain|[of] p1a: Dude Thong\n|faint|p1a: Dude Thong\n|move|p2b: Mimsy|Psychic|p1b: Stranger\n|-supereffective|p1b: Stranger\n|-enditem|p1b: Stranger|Focus Sash\n|-damage|p1b: Stranger|1/261\n|move|p1b: Stranger|Sludge Bomb|p2a: Apollo\n|-damage|p2a: Apollo|21/271 brn\n|\n|-damage|p2a: Apollo|5/271 brn|[from] brn\n|upkeep\n|\n|t:|1743305198\n|switch|p1a: Rhydon Corleone|Rhydon, F|351/351\n|turn|5\n|\n|t:|1743305212\n|switch|p1b: San Ti Ren 三体人|Exeggutor, M|331/331\n|move|p1a: Rhydon Corleone|Rock Slide|p2b: Mimsy|[spread] p2b\n|-miss|p1a: Rhydon Corleone|p2a: Apollo\n|debug|Spread modifier: 0.75\n|-damage|p2b: Mimsy|0 fnt\n|faint|p2b: Mimsy\n|move|p2a: Apollo|Drain Punch|p1a: Rhydon Corleone\n|-supereffective|p1a: Rhydon Corleone\n|-damage|p1a: Rhydon Corleone|174/351\n|-heal|p2a: Apollo|94/271 brn|[from] drain|[of] p1a: Rhydon Corleone\n|\n|-damage|p2a: Apollo|78/271 brn|[from] brn\n|upkeep\n|\n|t:|1743305234\n|switch|p2b: Puff Daddy|Dragonite, M|324/324\n|turn|6\n|\n|t:|1743305259\n|switch|p1a: Stranger|Gengar, M|1/261\n|move|p2a: Apollo|Protect|p2a: Apollo\n|-singleturn|p2a: Apollo|Protect\n|move|p1b: San Ti Ren 三体人|Psychic|p2a: Apollo\n|-activate|p2a: Apollo|move: Protect\n|move|p2b: Puff Daddy|Dragon Dance|p2b: Puff Daddy\n|-boost|p2b: Puff Daddy|atk|1\n|-boost|p2b: Puff Daddy|spe|1\n|\n|-damage|p2a: Apollo|62/271 brn|[from] brn\n|-fieldend|move: Trick Room\n|upkeep\n|turn|7\n|\n|t:|1743305281\n|switch|p1b: Buzz Lightyear|Electabuzz, M|334/334\n|move|p2b: Puff Daddy|Dragon Claw|p1a: Stranger\n|-crit|p1a: Stranger\n|-damage|p1a: Stranger|0 fnt\n|faint|p1a: Stranger\n|-damage|p2b: Puff Daddy|292/324|[from] item: Life Orb\n|move|p2a: Apollo|Rage Fist|p1b: Buzz Lightyear\n|-damage|p1b: Buzz Lightyear|137/334\n|\n|-damage|p2a: Apollo|46/271 brn|[from] brn\n|upkeep\n|\n|t:|1743305298\n|switch|p1a: San Ti Ren 三体人|Exeggutor, M|331/331\n|turn|8\n|\n|t:|1743305318\n|move|p2a: Apollo|Protect|p2a: Apollo\n|-singleturn|p2a: Apollo|Protect\n|move|p1b: Buzz Lightyear|Feint|p2a: Apollo\n|-activate|p2a: Apollo|move: Feint\n|-damage|p2a: Apollo|34/271 brn\n|move|p2b: Puff Daddy|Dragon Claw|p1b: Buzz Lightyear\n|-damage|p1b: Buzz Lightyear|0 fnt\n|faint|p1b: Buzz Lightyear\n|-damage|p2b: Puff Daddy|260/324|[from] item: Life Orb\n|move|p1a: San Ti Ren 三体人|Trick Room|p1a: San Ti Ren 三体人\n|-fieldstart|move: Trick Room|[of] p1a: San Ti Ren 三体人\n|\n|-damage|p2a: Apollo|18/271 brn|[from] brn\n|upkeep\n|\n|t:|1743305334\n|switch|p1b: Rhydon Corleone|Rhydon, F|174/351\n|turn|9\n|\n|t:|1743305358\n|move|p2b: Puff Daddy|Extreme Speed|p1a: San Ti Ren 三体人\n|-damage|p1a: San Ti Ren 三体人|110/331\n|-enditem|p1a: San Ti Ren 三体人|Sitrus Berry|[eat]\n|-heal|p1a: San Ti Ren 三体人|192/331|[from] item: Sitrus Berry\n|-damage|p2b: Puff Daddy|228/324|[from] item: Life Orb\n|move|p1b: Rhydon Corleone|Rock Slide|p2b: Puff Daddy|[spread] p2a,p2b\n|debug|Spread modifier: 0.75\n|-resisted|p2a: Apollo\n|debug|Spread modifier: 0.75\n|-supereffective|p2b: Puff Daddy\n|-crit|p2b: Puff Daddy\n|-damage|p2a: Apollo|0 fnt\n|-damage|p2b: Puff Daddy|0 fnt\n|debug|move failed because it did nothing\n|faint|p2a: Apollo\n|faint|p2b: Puff Daddy\n|move|p1a: San Ti Ren 三体人|Psychic|p2: Apollo|[notarget]\n|-fail|p1a: San Ti Ren 三体人\n|\n|-item|p1a: San Ti Ren 三体人|Sitrus Berry|[from] ability: Harvest\n|upkeep\n|\n|t:|1743305383\n|switch|p2a: Dougie|Dugtrio, M|212/212\n|switch|p2b: Sparky|Jolteon, M|114/272\n|turn|10\n|\n|t:|1743305410\n|move|p2a: Dougie|Sucker Punch|p1a: San Ti Ren 三体人\n|-supereffective|p1a: San Ti Ren 三体人\n|-damage|p1a: San Ti Ren 三体人|0 fnt\n|faint|p1a: San Ti Ren 三体人\n|move|p1b: Rhydon Corleone|Rock Slide|p2b: Sparky|[spread] p2a,p2b\n|debug|Spread modifier: 0.75\n|-resisted|p2a: Dougie\n|debug|Spread modifier: 0.75\n|-damage|p2a: Dougie|111/212\n|-damage|p2b: Sparky|0 fnt\n|debug|Covert Cloak prevent secondary\n|faint|p2b: Sparky\n|\n|upkeep\n|\n|t:|1743305421\n|switch|p1a: Lizzo|Chansey, F|704/704\n|switch|p2b: King Nido|Nidoking, M|304/304\n|turn|11\n|\n|t:|1743305495\n|move|p2a: Dougie|Sucker Punch||[still]\n|-fail|p2a: Dougie\n|move|p1b: Rhydon Corleone|High Horsepower|p2b: King Nido\n|-supereffective|p2b: King Nido\n|-damage|p2b: King Nido|0 fnt\n|faint|p2b: King Nido\n|move|p1a: Lizzo|Toxic|p2a: Dougie\n|-status|p2a: Dougie|tox\n|\n|-damage|p2a: Dougie|98/212 tox|[from] psn\n|upkeep\n|turn|12\n|\n|t:|1743305513\n|move|p2a: Dougie|Sucker Punch|p1b: Rhydon Corleone\n|-damage|p1b: Rhydon Corleone|116/351\n|move|p1b: Rhydon Corleone|High Horsepower|p2a: Dougie\n|-damage|p2a: Dougie|0 fnt\n|faint|p2a: Dougie\n|\n|win|je64\n|l|☆mistermoscow\n|player|p2|\n","uploadtime":1743305527,"views":"12","formatid":"gen9doublescustomgame","rating":null,"private":0,"password":null}