{"id":"gen9championsdoublescustomgame-2666024232","format":"[Gen 9 Champions] Doubles Custom Game","players":["mattmandaman","Jamochi"],"log":"|j|☆mattmandaman\n|j|☆Jamochi\n|t:|1786935640\n|gametype|doubles\n|player|p1|mattmandaman|unknown|\n|player|p2|Jamochi|li|\n|gen|9\n|tier|[Gen 9 Champions] Doubles Custom Game\n|clearpoke\n|poke|p1|Rillaboom, L50|\n|poke|p1|Zygarde, L50|\n|poke|p1|Entei, L50|\n|poke|p1|Tornadus, L50, M|\n|poke|p1|Chien-Pao, L50|\n|poke|p1|Iron Hands, L50|\n|poke|p2|Dragonite, L50|\n|poke|p2|Cresselia, L50|\n|poke|p2|Celesteela, L50|\n|poke|p2|Landorus-Therian, L50|\n|poke|p2|Brute Bonnet, L50|\n|poke|p2|Tapu Lele, L50|\n|teampreview\n|\n|t:|1786935666\n|teamsize|p1|6\n|teamsize|p2|6\n|start\n|switch|p1a: Chien-Pao|Chien-Pao, L50|157/157\n|switch|p1b: Entei|Entei, L50|192/192\n|switch|p2a: Celesteela|Celesteela, L50|204/204\n|switch|p2b: Cresselia|Cresselia, L50|227/227\n|-ability|p1a: Chien-Pao|Sword of Ruin\n|turn|1\n|j| mistermoscow\n|\n|t:|1786935696\n|move|p1a: Chien-Pao|Crunch|p2b: Cresselia\n|debug|Sword of Ruin Def drop\n|-supereffective|p2b: Cresselia|1\n|-damage|p2b: Cresselia|101/227\n|-unboost|p2b: Cresselia|def|1\n|move|p1b: Entei|Sacred Fire|p2a: Celesteela\n|debug|Sword of Ruin Def drop\n|-supereffective|p2a: Celesteela|1\n|-damage|p2a: Celesteela|0 fnt\n|faint|p2a: Celesteela\n|move|p2b: Cresselia|Trick Room|p2b: Cresselia\n|-fieldstart|move: Trick Room|[of] p2b: Cresselia\n|\n|upkeep\n|\n|t:|1786935710\n|switch|p2a: Landorus|Landorus-Therian, L50|196/196\n|-ability|p2a: Landorus|Intimidate|boost\n|-unboost|p1a: Chien-Pao|atk|1\n|-fail|p1b: Entei|unboost|Attack|[from] ability: Inner Focus|[of] p1b: Entei\n|turn|2\n|\n|t:|1786935760\n|switch|p1b: Zygarde|Zygarde, L50|185/185\n|-ability|p1b: Zygarde|Aura Break\n|switch|p1a: Rillaboom|Rillaboom, L50|207/207\n|-fieldstart|move: Grassy Terrain|[from] ability: Grassy Surge|[of] p1a: Rillaboom\n|move|p2b: Cresselia|Helping Hand|p2a: Landorus\n|-singleturn|p2a: Landorus|Helping Hand|[of] p2b: Cresselia\n|move|p2a: Landorus|Rock Slide|p1b: Zygarde|[spread] p1a,p1b\n|debug|Boosting from Helping Hand: 1.5\n|debug|Spread modifier: 0.75\n|debug|Boosting from Helping Hand: 1.5\n|debug|Spread modifier: 0.75\n|-resisted|p1b: Zygarde|1\n|-damage|p1a: Rillaboom|152/207\n|-damage|p1b: Zygarde|164/185\n|\n|-heal|p1a: Rillaboom|164/207|[from] Grassy Terrain\n|debug|Pokemon semi-invuln or not grounded; Grassy Terrain skipped\n|debug|Pokemon semi-invuln or not grounded; Grassy Terrain skipped\n|-heal|p1b: Zygarde|175/185|[from] Grassy Terrain\n|upkeep\n|turn|3\n|\n|t:|1786935808\n|move|p1a: Rillaboom|U-turn|p2b: Cresselia\n|-supereffective|p2b: Cresselia|1\n|-damage|p2b: Cresselia|13/227\n|\n|t:|1786935823\n|switch|p1a: Iron Hands|Iron Hands, L50|261/261|[from] U-turn\n|move|p2b: Cresselia|Icy Wind|p1a: Iron Hands|[spread] p1a,p1b\n|debug|Spread modifier: 0.75\n|debug|Spread modifier: 0.75\n|-supereffective|p1b: Zygarde|2\n|-damage|p1a: Iron Hands|246/261\n|-damage|p1b: Zygarde|119/185\n|-unboost|p1a: Iron Hands|spe|1\n|-unboost|p1b: Zygarde|spe|1\n|move|p1b: Zygarde|Thousand Arrows|p2b: Cresselia|[spread] p2a,p2b\n|debug|Spread modifier: 0.75\n|debug|Spread modifier: 0.75\n|-damage|p2a: Landorus|126/196\n|-damage|p2b: Cresselia|0 fnt\n|-start|p2a: Landorus|Smack Down\n|faint|p2b: Cresselia\n|move|p2a: Landorus|U-turn|p1a: Iron Hands\n|-resisted|p1a: Iron Hands|1\n|-damage|p1a: Iron Hands|226/261\n|\n|t:|1786935843\n|switch|p2a: Brute Bonnet|Brute Bonnet, L50|218/218|[from] U-turn\n|-enditem|p2a: Brute Bonnet|Booster Energy\n|-activate|p2a: Brute Bonnet|ability: Protosynthesis|[fromitem]\n|-start|p2a: Brute Bonnet|protosynthesisatk\n|\n|-heal|p1a: Iron Hands|242/261|[from] Grassy Terrain\n|-heal|p1a: Iron Hands|258/261|[from] item: Leftovers\n|-heal|p1b: Zygarde|130/185|[from] Grassy Terrain\n|upkeep\n|\n|t:|1786935845\n|switch|p2b: Tapu Lele|Tapu Lele, L50|177/177\n|-fieldstart|move: Psychic Terrain|[from] ability: Psychic Surge|[of] p2b: Tapu Lele\n|turn|4\n|\n|t:|1786935860\n|move|p1a: Iron Hands|Heavy Slam|p2b: Tapu Lele\n|debug|BP: 120\n|-supereffective|p2b: Tapu Lele|1\n|-damage|p2b: Tapu Lele|0 fnt\n|faint|p2b: Tapu Lele\n|move|p2a: Brute Bonnet|Spore|p1b: Zygarde\n|-status|p1b: Zygarde|slp|[from] move: Spore\n|cant|p1b: Zygarde|slp\n|\n|-heal|p1a: Iron Hands|261/261|[from] item: Leftovers\n|upkeep\n|c|☆Jamochi|bruh haha\n|c|☆Jamochi|steeeeeeeel\n|\n|t:|1786935874\n|switch|p2b: Landorus|Landorus-Therian, L50|126/196\n|-ability|p2b: Landorus|Intimidate|boost\n|-unboost|p1a: Iron Hands|atk|1\n|-unboost|p1b: Zygarde|atk|1\n|turn|5\n|\n|t:|1786935892\n|move|p1a: Iron Hands|Drain Punch|p2a: Brute Bonnet\n|-supereffective|p2a: Brute Bonnet|1\n|-damage|p2a: Brute Bonnet|120/218\n|move|p2a: Brute Bonnet|Spore|p1a: Iron Hands\n|-status|p1a: Iron Hands|slp|[from] move: Spore\n|-curestatus|p1b: Zygarde|slp|[msg]\n|move|p1b: Zygarde|Thousand Arrows|p2a: Brute Bonnet|[spread] p2a,p2b\n|debug|Spread modifier: 0.75\n|-resisted|p2a: Brute Bonnet|1\n|debug|Spread modifier: 0.75\n|-damage|p2a: Brute Bonnet|90/218\n|-damage|p2b: Landorus|80/196\n|-start|p2b: Landorus|Smack Down\n|move|p2b: Landorus|Earthquake|p1b: Zygarde|[spread] p2a,p1a,p1b\n|debug|Spread modifier: 0.75\n|-resisted|p2a: Brute Bonnet|1\n|debug|Spread modifier: 0.75\n|-supereffective|p1a: Iron Hands|1\n|debug|Spread modifier: 0.75\n|-damage|p2a: Brute Bonnet|60/218\n|-damage|p1a: Iron Hands|133/261 slp\n|-damage|p1b: Zygarde|76/185\n|\n|-heal|p1a: Iron Hands|149/261 slp|[from] item: Leftovers\n|-fieldend|move: Trick Room\n|upkeep\n|turn|6\n|\n|t:|1786935994\n|switch|p1b: Rillaboom|Rillaboom, L50|164/207\n|-fieldstart|move: Grassy Terrain|[from] ability: Grassy Surge|[of] p1b: Rillaboom\n|move|p2b: Landorus|Superpower|p1b: Rillaboom\n|-damage|p1b: Rillaboom|87/207\n|-unboost|p2b: Landorus|atk|1\n|-unboost|p2b: Landorus|def|1\n|move|p2a: Brute Bonnet|Spore|p1b: Rillaboom\n|debug|natural powder immunity\n|-immune|p1b: Rillaboom\n|cant|p1a: Iron Hands|slp\n|\n|-heal|p2b: Landorus|92/196|[from] Grassy Terrain\n|-heal|p1b: Rillaboom|99/207|[from] Grassy Terrain\n|-heal|p2a: Brute Bonnet|73/218|[from] Grassy Terrain\n|-heal|p1a: Iron Hands|165/261 slp|[from] Grassy Terrain\n|-heal|p1a: Iron Hands|181/261 slp|[from] item: Leftovers\n|upkeep\n|turn|7\n|\n|t:|1786936111\n|move|p2a: Brute Bonnet|Rage Powder|p2a: Brute Bonnet\n|-singleturn|p2a: Brute Bonnet|move: Rage Powder\n|move|p2b: Landorus|U-turn|p1b: Rillaboom\n|-supereffective|p1b: Rillaboom|1\n|-damage|p1b: Rillaboom|37/207\n|c|☆mattmandaman|Whats the matter trainer?\n|\n|t:|1786936220\n|switch|p2b: Dragonite|Dragonite, L50|168/168|[from] U-turn\n|move|p1b: Rillaboom|U-turn|p2a: Brute Bonnet\n|debug|natural status immunity\n|-supereffective|p2a: Brute Bonnet|2\n|-damage|p2a: Brute Bonnet|0 fnt\n|faint|p2a: Brute Bonnet\n|-end|p2a: Brute Bonnet|Protosynthesis|[silent]\n|\n|t:|1786936235\n|switch|p1b: Tornadus|Tornadus, L50, M|178/178|[from] U-turn\n|-curestatus|p1a: Iron Hands|slp|[msg]\n|move|p1a: Iron Hands|Heavy Slam|p2b: Dragonite\n|debug|BP: 40\n|debug|Multiscale weaken\n|-damage|p2b: Dragonite|159/168\n|\n|debug|Pokemon semi-invuln or not grounded; Grassy Terrain skipped\n|debug|Pokemon semi-invuln or not grounded; Grassy Terrain skipped\n|-heal|p1a: Iron Hands|197/261|[from] Grassy Terrain\n|-heal|p1a: Iron Hands|213/261|[from] item: Leftovers\n|upkeep\n|c|☆Jamochi|i have no idea haha\n|\n|t:|1786936271\n|switch|p2a: Landorus|Landorus-Therian, L50|92/196\n|-ability|p2a: Landorus|Intimidate|boost\n|-unboost|p1a: Iron Hands|atk|1\n|-unboost|p1b: Tornadus|atk|1\n|turn|8\n|c|☆Jamochi|i am very confused lmao\n|\n|t:|1786936325\n|-end|p1a: Iron Hands|Quark Drive|[silent]\n|switch|p1a: Zygarde|Zygarde, L50|76/185\n|-ability|p1a: Zygarde|Aura Break\n|detailschange|p2b: Dragonite|Dragonite-Mega, L50\n|-mega|p2b: Dragonite|Dragonite|Dragoninite\n|move|p1b: Tornadus|Tailwind|p1b: Tornadus\n|-sidestart|p1: mattmandaman|move: Tailwind\n|move|p2b: Dragonite|Thunder Punch|p1b: Tornadus\n|-supereffective|p1b: Tornadus|1\n|-damage|p1b: Tornadus|50/178\n|debug|Covert Cloak prevent secondary\n|move|p2a: Landorus|Rock Slide|p1a: Zygarde|[spread] p1a,p1b\n|debug|Spread modifier: 0.75\n|-resisted|p1a: Zygarde|1\n|debug|Spread modifier: 0.75\n|-supereffective|p1b: Tornadus|1\n|-damage|p1a: Zygarde|62/185\n|-damage|p1b: Tornadus|0 fnt\n|debug|Covert Cloak prevent secondary\n|faint|p1b: Tornadus\n|\n|-heal|p1a: Zygarde|73/185|[from] Grassy Terrain\n|debug|Pokemon semi-invuln or not grounded; Grassy Terrain skipped\n|debug|Pokemon semi-invuln or not grounded; Grassy Terrain skipped\n|upkeep\n|\n|t:|1786936333\n|switch|p1b: Chien-Pao|Chien-Pao, L50|157/157\n|-ability|p1b: Chien-Pao|Sword of Ruin\n|turn|9\n|\n|t:|1786936379\n|move|p2b: Dragonite|Extreme Speed|p1a: Zygarde\n|debug|Sword of Ruin Def drop\n|-damage|p1a: Zygarde|8/185\n|move|p1b: Chien-Pao|Icicle Crash|p2a: Landorus\n|debug|Sword of Ruin Def drop\n|-supereffective|p2a: Landorus|2\n|-damage|p2a: Landorus|0 fnt\n|faint|p2a: Landorus\n|move|p1a: Zygarde|Thousand Arrows|p2b: Dragonite\n|debug|Sword of Ruin Def drop\n|-damage|p2b: Dragonite|26/168\n|-start|p2b: Dragonite|Smack Down\n|\n|-heal|p1a: Zygarde|19/185|[from] Grassy Terrain\n|-heal|p2b: Dragonite|36/168|[from] Grassy Terrain\n|upkeep\n|turn|10\n|\n|t:|1786936392\n|move|p2b: Dragonite|Extreme Speed|p1a: Zygarde\n|debug|Sword of Ruin Def drop\n|-damage|p1a: Zygarde|0 fnt\n|faint|p1a: Zygarde\n|move|p1b: Chien-Pao|Crunch|p2b: Dragonite\n|debug|Sword of Ruin Def drop\n|-damage|p2b: Dragonite|0 fnt\n|faint|p2b: Dragonite\n|\n|win|mattmandaman\n|c|☆mattmandaman|Gg\n|c| mistermoscow|gg\n|c|☆Jamochi|GG\n|c|☆Jamochi|nice nice\n|c| mistermoscow|matt wins the tourney, but we still play one more game\n|c|☆Jamochi|well played\n|l|☆Jamochi\n|player|p2|\n|c| mistermoscow|me vs matt now\n","uploadtime":1786936434,"views":"2","formatid":"gen9championsdoublescustomgame","rating":null,"private":0,"password":null}