{"id":"gen9championsdoublescustomgame-2657517850","format":"[Gen 9 Champions] Doubles Custom Game","players":["mistermoscow","mattmandaman"],"log":"|j|☆mistermoscow\n|j|☆mattmandaman\n|t:|1785466513\n|gametype|doubles\n|player|p1|mistermoscow|alder|\n|player|p2|mattmandaman|unknown|\n|gen|9\n|tier|[Gen 9 Champions] Doubles Custom Game\n|clearpoke\n|poke|p1|Venusaur, L50, M|\n|poke|p1|Ninetales, L50, M|\n|poke|p1|Magearna, L50|\n|poke|p1|Ursaluna-Bloodmoon, L50, M|\n|poke|p1|Flutter Mane, L50|\n|poke|p1|Chi-Yu, L50|\n|poke|p2|Rillaboom, L50|\n|poke|p2|Gothitelle, L50|\n|poke|p2|Zygarde, L50|\n|poke|p2|Entei, L50|\n|poke|p2|Genesect, L50|\n|poke|p2|Comfey, L50|\n|teampreview\n|\n|t:|1785466553\n|teamsize|p1|6\n|teamsize|p2|6\n|start\n|switch|p1a: Prince Ember|Ninetales, L50, M|180/180\n|switch|p1b: Floots|Flutter Mane, L50|130/130\n|switch|p2a: Entei|Entei, L50|192/192\n|switch|p2b: Rillaboom|Rillaboom, L50|207/207\n|-weather|SunnyDay|[from] ability: Drought|[of] p1a: Prince Ember\n|-activate|p1b: Floots|ability: Protosynthesis\n|-start|p1b: Floots|protosynthesisspe\n|-fieldstart|move: Grassy Terrain|[from] ability: Grassy Surge|[of] p2b: Rillaboom\n|turn|1\n|debug|Protosynthesis spe boost\n|debug|Protosynthesis spe boost\n|\n|t:|1785466663\n|debug|Protosynthesis spe boost\n|debug|Protosynthesis spe boost\n|move|p2b: Rillaboom|Fake Out|p1a: Prince Ember\n|-damage|p1a: Prince Ember|153/180\n|debug|Protosynthesis spe boost\n|debug|Protosynthesis spe boost\n|move|p1b: Floots|Icy Wind|p2a: Entei|[spread] p2a,p2b\n|debug|Spread modifier: 0.75\n|-resisted|p2a: Entei|1\n|debug|Spread modifier: 0.75\n|-supereffective|p2b: Rillaboom|1\n|-damage|p2a: Entei|176/192\n|-damage|p2b: Rillaboom|165/207\n|-unboost|p2a: Entei|spe|1\n|-unboost|p2b: Rillaboom|spe|1\n|debug|Protosynthesis spe boost\n|cant|p1a: Prince Ember|flinch\n|debug|Protosynthesis spe boost\n|move|p2a: Entei|Sacred Fire|p1b: Floots\n|debug|Sunny Day fire boost\n|-enditem|p1b: Floots|Focus Sash\n|-damage|p1b: Floots|1/130\n|-status|p1b: Floots|brn\n|\n|debug|Protosynthesis spe boost\n|-weather|SunnyDay|[upkeep]\n|-heal|p1b: Floots|9/130 brn|[from] Grassy Terrain\n|-heal|p1a: Prince Ember|164/180|[from] Grassy Terrain\n|-heal|p2a: Entei|188/192|[from] Grassy Terrain\n|-heal|p2b: Rillaboom|177/207|[from] Grassy Terrain\n|-damage|p1b: Floots|1/130 brn|[from] brn\n|upkeep\n|turn|2\n|debug|Protosynthesis spe boost\n|debug|Protosynthesis spe boost\n|\n|t:|1785466730\n|debug|Protosynthesis spe boost\n|debug|Protosynthesis spe boost\n|move|p2b: Rillaboom|Grassy Glide|p1b: Floots\n|debug|grassy terrain boost\n|-damage|p1b: Floots|0 fnt\n|faint|p1b: Floots\n|-end|p1b: Floots|Protosynthesis|[silent]\n|move|p1a: Prince Ember|Encore|p2b: Rillaboom\n|-start|p2b: Rillaboom|Encore\n|move|p2a: Entei|Sacred Fire|p1a: Prince Ember\n|debug|Sunny Day fire boost\n|-resisted|p1a: Prince Ember|1\n|-damage|p1a: Prince Ember|88/180\n|debug|natural status immunity\n|debug|immune to status\n|debug|move failed because it did nothing\n|\n|-weather|SunnyDay|[upkeep]\n|-heal|p1a: Prince Ember|99/180|[from] Grassy Terrain\n|-heal|p2a: Entei|192/192|[from] Grassy Terrain\n|-heal|p2b: Rillaboom|189/207|[from] Grassy Terrain\n|upkeep\n|\n|t:|1785466755\n|switch|p1b: Chip|Chi-Yu, L50|130/130\n|-ability|p1b: Chip|Beads of Ruin\n|turn|3\n|j| je64\n|\n|t:|1785466859\n|switch|p1a: Mags|Magearna, L50|187/187\n|move|p2a: Entei|Protect|p2a: Entei\n|-singleturn|p2a: Entei|Protect\n|move|p2b: Rillaboom|Grassy Glide|p1b: Chip\n|debug|grassy terrain boost\n|-resisted|p1b: Chip|1\n|-damage|p1b: Chip|87/130\n|move|p1b: Chip|Dark Pulse|p2a: Entei\n|-activate|p2a: Entei|move: Protect\n|\n|-weather|SunnyDay|[upkeep]\n|-heal|p1b: Chip|95/130|[from] Grassy Terrain\n|-heal|p2b: Rillaboom|201/207|[from] Grassy Terrain\n|upkeep\n|turn|4\n|\n|t:|1785466887\n|switch|p2b: Gothitelle|Gothitelle, L50|177/177\n|move|p1b: Chip|Dark Pulse|p2a: Entei\n|debug|Beads of Ruin SpD drop\n|-damage|p2a: Entei|51/192\n|move|p2a: Entei|Sacred Fire|p1a: Mags\n|debug|Sunny Day fire boost\n|-supereffective|p1a: Mags|1\n|-damage|p1a: Mags|0 fnt\n|debug|move failed because it did nothing\n|faint|p1a: Mags\n|\n|-weather|SunnyDay|[upkeep]\n|-heal|p1b: Chip|103/130|[from] Grassy Terrain\n|-heal|p2a: Entei|63/192|[from] Grassy Terrain\n|upkeep\n|\n|t:|1785466912\n|switch|p1a: Vinny|Venusaur, L50, M|155/155\n|turn|5\n|\n|t:|1785466949\n|switch|p2a: Zygarde|Zygarde, L50|199/199\n|-ability|p2a: Zygarde|Aura Break\n|move|p2b: Gothitelle|Fake Out|p1b: Chip\n|-damage|p1b: Chip|91/130\n|cant|p1b: Chip|flinch\n|move|p1a: Vinny|Earth Power|p2a: Zygarde\n|debug|Beads of Ruin SpD drop\n|-damage|p2a: Zygarde|123/199\n|-unboost|p2a: Zygarde|spd|1\n|\n|-weather|SunnyDay|[upkeep]\n|-heal|p1b: Chip|99/130|[from] Grassy Terrain\n|-heal|p2a: Zygarde|135/199|[from] Grassy Terrain\n|-heal|p2a: Zygarde|147/199|[from] item: Leftovers\n|-fieldend|move: Grassy Terrain\n|upkeep\n|turn|6\n|\n|t:|1785467034\n|switch|p2a: Rillaboom|Rillaboom, L50|201/207\n|-fieldstart|move: Grassy Terrain|[from] ability: Grassy Surge|[of] p2a: Rillaboom\n|detailschange|p1a: Vinny|Venusaur-Mega, L50, M\n|-mega|p1a: Vinny|Venusaur|Venusaurite\n|move|p1b: Chip|Dark Pulse|p2a: Rillaboom\n|debug|Beads of Ruin SpD drop\n|-damage|p2a: Rillaboom|105/207\n|move|p1a: Vinny|Leech Seed|p2b: Gothitelle|[miss]\n|-miss|p1a: Vinny|p2b: Gothitelle\n|move|p2b: Gothitelle|Psychic Noise|p1a: Vinny\n|debug|Beads of Ruin SpD drop\n|-supereffective|p1a: Vinny|1\n|-damage|p1a: Vinny|57/155\n|-start|p1a: Vinny|move: Heal Block\n|\n|-weather|SunnyDay|[upkeep]\n|-heal|p1b: Chip|107/130|[from] Grassy Terrain\n|-heal|p2a: Rillaboom|117/207|[from] Grassy Terrain\n|upkeep\n|turn|7\n|\n|t:|1785467076\n|move|p2a: Rillaboom|Fake Out|p1b: Chip\n|-damage|p1b: Chip|76/130\n|cant|p1b: Chip|flinch\n|debug|BP: 100\n|move|p1a: Vinny|Weather Ball|p2a: Rillaboom\n|debug|Beads of Ruin SpD drop\n|debug|Sunny Day fire boost\n|-supereffective|p2a: Rillaboom|1\n|-damage|p2a: Rillaboom|0 fnt\n|faint|p2a: Rillaboom\n|move|p2b: Gothitelle|Heal Pulse|p2: Rillaboom|[notarget]\n|-fail|p2b: Gothitelle\n|\n|-weather|SunnyDay|[upkeep]\n|-heal|p1b: Chip|84/130|[from] Grassy Terrain\n|-end|p1a: Vinny|move: Heal Block\n|upkeep\n|\n|t:|1785467094\n|switch|p2a: Genesect|Genesect, L50|146/146\n|-ability|p2a: Genesect|Download|boost\n|-boost|p2a: Genesect|atk|1\n|turn|8\n|\n|t:|1785467110\n|move|p2a: Genesect|U-turn|p1b: Chip\n|-damage|p1b: Chip|0 fnt\n|faint|p1b: Chip\n|\n|t:|1785467132\n|switch|p2a: Zygarde|Zygarde, L50|147/199|[from] U-turn\n|-ability|p2a: Zygarde|Aura Break\n|debug|BP: 100\n|move|p1a: Vinny|Weather Ball|p2a: Zygarde\n|debug|Sunny Day fire boost\n|-resisted|p2a: Zygarde|1\n|-damage|p2a: Zygarde|100/199\n|move|p2b: Gothitelle|Psychic Noise|p1a: Vinny\n|-supereffective|p1a: Vinny|1\n|-damage|p1a: Vinny|0 fnt\n|debug|move failed because it did nothing\n|faint|p1a: Vinny\n|\n|-weather|none\n|-heal|p2a: Zygarde|112/199|[from] Grassy Terrain\n|-heal|p2a: Zygarde|124/199|[from] item: Leftovers\n|upkeep\n|\n|t:|1785467146\n|switch|p1b: Prince Ember|Ninetales, L50, M|99/180\n|switch|p1a: Ursa Major|Ursaluna-Bloodmoon, L50, M|197/197\n|-weather|SunnyDay|[from] ability: Drought|[of] p1b: Prince Ember\n|turn|9\n|\n|t:|1785467165\n|move|p2a: Zygarde|Thousand Arrows|p1b: Prince Ember|[spread] p1a,p1b\n|debug|Spread modifier: 0.75\n|debug|Spread modifier: 0.75\n|-supereffective|p1b: Prince Ember|1\n|-damage|p1a: Ursa Major|155/197\n|-damage|p1b: Prince Ember|0 fnt\n|faint|p1b: Prince Ember\n|move|p2b: Gothitelle|Psychic Noise|p1a: Ursa Major\n|-damage|p1a: Ursa Major|118/197\n|-start|p1a: Ursa Major|move: Heal Block\n|move|p1a: Ursa Major|Earth Power|p2a: Zygarde\n|-damage|p2a: Zygarde|16/199\n|-unboost|p2a: Zygarde|spd|1\n|\n|-weather|SunnyDay|[upkeep]\n|-heal|p2a: Zygarde|28/199|[from] Grassy Terrain\n|-heal|p2a: Zygarde|40/199|[from] item: Leftovers\n|upkeep\n|turn|10\n|-message|mistermoscow forfeited.\n|\n|win|mattmandaman\n","uploadtime":1785467188,"views":"9","formatid":"gen9championsdoublescustomgame","rating":null,"private":0,"password":null}