{"id":"gen9doublescustomgame-2295051402","format":"[Gen 9] Doubles Custom Game","players":["mistermoscow","Mattmandaman"],"log":"|j|☆mistermoscow\n|j|☆Mattmandaman\n|t:|1738781699\n|gametype|doubles\n|player|p1|mistermoscow|alder|\n|player|p2|Mattmandaman|giovanni|\n|teamsize|p1|6\n|teamsize|p2|6\n|gen|9\n|tier|[Gen 9] Doubles Custom Game\n|clearpoke\n|poke|p1|Victreebel, M|\n|poke|p1|Dewgong, M|\n|poke|p1|Gengar, M|\n|poke|p1|Jolteon, F|\n|poke|p1|Flareon, F|\n|poke|p1|Dragonite, M|\n|poke|p2|Starmie|\n|poke|p2|Primeape, F|\n|poke|p2|Pikachu, F|\n|poke|p2|Chansey, F|\n|poke|p2|Muk, M|\n|poke|p2|Poliwrath, M|\n|teampreview\n|\n|t:|1738781768\n|start\n|switch|p1a: Victor|Victreebel, M|333/333\n|switch|p1b: Franny|Flareon, F|334/334\n|switch|p2a: Chansey|Chansey, F|642/642\n|switch|p2b: Muk|Muk, M|414/414\n|turn|1\n|\n|t:|1738781794\n|move|p1b: Franny|Baby-Doll Eyes|p2b: Muk\n|-unboost|p2b: Muk|atk|1\n|move|p1a: Victor|Swords Dance|p1a: Victor\n|-boost|p1a: Victor|atk|2\n|move|p2b: Muk|Ice Punch|p1a: Victor\n|-supereffective|p1a: Victor\n|-damage|p1a: Victor|195/333\n|debug|natural status immunity\n|debug|immune to status\n|move|p2a: Chansey|Teleport|p2a: Chansey\n|\n|t:|1738781834\n|switch|p2a: Starmie|Starmie|324/324|[from] Teleport\n|\n|-heal|p1a: Victor|215/333|[from] item: Black Sludge\n|upkeep\n|turn|2\n|\n|t:|1738781852\n|move|p1b: Franny|Helping Hand|p1a: Victor\n|-singleturn|p1a: Victor|Helping Hand|[of] p1b: Franny\n|move|p1a: Victor|Sucker Punch||[still]\n|-fail|p1a: Victor\n|move|p2a: Starmie|Reflect|p2a: Starmie\n|-sidestart|p2: Mattmandaman|Reflect\n|move|p2b: Muk|Ice Punch|p1a: Victor\n|-supereffective|p1a: Victor\n|-damage|p1a: Victor|83/333\n|\n|-heal|p1a: Victor|103/333|[from] item: Black Sludge\n|upkeep\n|turn|3\n|\n|t:|1738781878\n|switch|p1b: Josie|Jolteon, F|272/272\n|move|p1a: Victor|Protect|p1a: Victor\n|-singleturn|p1a: Victor|Protect\n|move|p2a: Starmie|Psychic|p1a: Victor\n|-activate|p1a: Victor|move: Protect\n|move|p2b: Muk|Ice Punch|p1a: Victor\n|-activate|p1a: Victor|move: Protect\n|\n|-heal|p1a: Victor|123/333|[from] item: Black Sludge\n|upkeep\n|turn|4\n|\n|t:|1738781926\n|switch|p2a: Chansey|Chansey, F|642/642\n|move|p1b: Josie|Electroweb|p2a: Chansey|[spread] p2a,p2b\n|debug|Spread modifier: 0.75\n|debug|Spread modifier: 0.75\n|-damage|p2a: Chansey|593/642\n|-damage|p2b: Muk|350/414\n|-unboost|p2a: Chansey|spe|1\n|-unboost|p2b: Muk|spe|1\n|move|p1a: Victor|Leaf Blade|p2a: Chansey\n|debug|Reflect weaken\n|-damage|p2a: Chansey|169/642\n|move|p2b: Muk|Ice Punch|p1a: Victor\n|-supereffective|p1a: Victor\n|-damage|p1a: Victor|0 fnt\n|faint|p1a: Victor\n|\n|-heal|p2a: Chansey|209/642|[from] item: Leftovers\n|-heal|p2b: Muk|375/414|[from] item: Black Sludge\n|upkeep\n|\n|t:|1738781957\n|switch|p1a: Puff Daddy|Dragonite, M|355/355\n|turn|5\n|\n|t:|1738781966\n|move|p1b: Josie|Volt Switch|p2a: Chansey\n|-damage|p2a: Chansey|133/642\n|\n|t:|1738781987\n|switch|p1b: Franny|Flareon, F|334/334|[from] Volt Switch\n|move|p1a: Puff Daddy|Dragon Dance|p1a: Puff Daddy\n|-boost|p1a: Puff Daddy|atk|1\n|-boost|p1a: Puff Daddy|spe|1\n|move|p2a: Chansey|Soft-Boiled|p2a: Chansey\n|-heal|p2a: Chansey|454/642\n|move|p2b: Muk|Ice Punch|p1a: Puff Daddy\n|-supereffective|p1a: Puff Daddy\n|-damage|p1a: Puff Daddy|135/355\n|\n|-heal|p2b: Muk|400/414|[from] item: Black Sludge\n|-heal|p2a: Chansey|494/642|[from] item: Leftovers\n|upkeep\n|turn|6\n|\n|t:|1738782015\n|move|p1b: Franny|Baby-Doll Eyes|p2b: Muk\n|-unboost|p2b: Muk|atk|1\n|move|p1a: Puff Daddy|Dragon Claw|p2a: Chansey\n|debug|Reflect weaken\n|-damage|p2a: Chansey|52/642\n|-damage|p1a: Puff Daddy|100/355|[from] item: Life Orb\n|move|p2b: Muk|Ice Punch|p1a: Puff Daddy\n|-supereffective|p1a: Puff Daddy\n|-damage|p1a: Puff Daddy|0 fnt\n|faint|p1a: Puff Daddy\n|move|p2a: Chansey|Teleport|p2a: Chansey\n|\n|t:|1738782043\n|switch|p2a: Primeape|Primeape, F|334/334|[from] Teleport\n|\n|-heal|p2b: Muk|414/414|[from] item: Black Sludge\n|upkeep\n|\n|t:|1738782059\n|switch|p1a: Josie|Jolteon, F|272/272\n|turn|7\n|\n|t:|1738782068\n|switch|p2b: Chansey|Chansey, F|52/642\n|move|p1b: Franny|Baby-Doll Eyes|p2a: Primeape\n|-unboost|p2a: Primeape|atk|1\n|move|p1a: Josie|Electroweb|p2b: Chansey|[spread] p2a,p2b\n|debug|Spread modifier: 0.75\n|debug|Spread modifier: 0.75\n|-damage|p2a: Primeape|291/334\n|-damage|p2b: Chansey|6/642\n|-unboost|p2a: Primeape|spe|1\n|-unboost|p2b: Chansey|spe|1\n|move|p2a: Primeape|Bulk Up|p2a: Primeape\n|-boost|p2a: Primeape|atk|1\n|-boost|p2a: Primeape|def|1\n|\n|-heal|p2b: Chansey|46/642|[from] item: Leftovers\n|upkeep\n|turn|8\n|\n|t:|1738782109\n|move|p1b: Franny|Helping Hand|p1a: Josie\n|-singleturn|p1a: Josie|Helping Hand|[of] p1b: Franny\n|move|p1a: Josie|Shadow Ball|p2a: Primeape\n|debug|Boosting from Helping Hand: 1.5\n|-damage|p2a: Primeape|214/334\n|move|p2a: Primeape|Drain Punch|p1a: Josie\n|-damage|p1a: Josie|124/272\n|-heal|p2a: Primeape|288/334|[from] drain|[of] p1a: Josie\n|move|p2b: Chansey|Teleport|p2b: Chansey\n|\n|t:|1738782139\n|switch|p2b: Muk|Muk, M|414/414|[from] Teleport\n|\n|upkeep\n|turn|9\n|\n|t:|1738782151\n|move|p1b: Franny|Baby-Doll Eyes|p2b: Muk\n|-unboost|p2b: Muk|atk|1\n|move|p1a: Josie|Volt Switch|p2a: Primeape\n|-damage|p2a: Primeape|221/334\n|\n|t:|1738782159\n|switch|p1a: Gang Gang|Gengar, M|261/261|[from] Volt Switch\n|move|p2a: Primeape|Bulk Up|p2a: Primeape\n|-boost|p2a: Primeape|atk|1\n|-boost|p2a: Primeape|def|1\n|move|p2b: Muk|Poison Jab|p1a: Gang Gang\n|-resisted|p1a: Gang Gang\n|-damage|p1a: Gang Gang|226/261\n|debug|natural status immunity\n|debug|immune to status\n|debug|move failed because it did nothing\n|debug|natural status immunity\n|debug|immune to status\n|\n|-sideend|p2: Mattmandaman|Reflect\n|upkeep\n|turn|10\n|\n|t:|1738782189\n|move|p1b: Franny|Baby-Doll Eyes|p2b: Muk\n|-unboost|p2b: Muk|atk|1\n|move|p2b: Muk|Shadow Sneak|p1a: Gang Gang\n|-supereffective|p1a: Gang Gang\n|-damage|p1a: Gang Gang|158/261\n|-start|p2b: Muk|Disable|Shadow Sneak|[from] ability: Cursed Body|[of] p1a: Gang Gang\n|move|p1a: Gang Gang|Will-O-Wisp|p2a: Primeape\n|-status|p2a: Primeape|brn\n|move|p2a: Primeape|Drain Punch|p1b: Franny\n|-damage|p1b: Franny|258/334\n|-heal|p2a: Primeape|259/334 brn|[from] drain|[of] p1b: Franny\n|\n|-damage|p2a: Primeape|239/334 brn|[from] brn\n|upkeep\n|turn|11\n|\n|t:|1738782224\n|switch|p2b: Chansey|Chansey, F|46/642\n|move|p1a: Gang Gang|Will-O-Wisp|p2b: Chansey\n|-status|p2b: Chansey|brn\n|move|p1b: Franny|Wish|p1b: Franny\n|move|p2a: Primeape|Bulk Up|p2a: Primeape\n|-boost|p2a: Primeape|atk|1\n|-boost|p2a: Primeape|def|1\n|\n|-heal|p2b: Chansey|86/642 brn|[from] item: Leftovers\n|-damage|p2a: Primeape|219/334 brn|[from] brn\n|-damage|p2b: Chansey|46/642 brn|[from] brn\n|upkeep\n|turn|12\n|\n|t:|1738782242\n|move|p1a: Gang Gang|Haze|p1a: Gang Gang\n|-clearallboost\n|move|p2a: Primeape|Bulk Up|p2a: Primeape\n|-boost|p2a: Primeape|atk|1\n|-boost|p2a: Primeape|def|1\n|move|p1b: Franny|Flare Blitz|p2a: Primeape\n|-damage|p2a: Primeape|105/334 brn\n|-damage|p1b: Franny|220/334|[from] Recoil\n|move|p2b: Chansey|Soft-Boiled|p2b: Chansey\n|-heal|p2b: Chansey|367/642 brn\n|\n|-heal|p1b: Franny|334/334|[from] move: Wish|[wisher] Franny\n|-heal|p2b: Chansey|407/642 brn|[from] item: Leftovers\n|-damage|p2a: Primeape|85/334 brn|[from] brn\n|-damage|p2b: Chansey|367/642 brn|[from] brn\n|upkeep\n|turn|13\n|\n|t:|1738782264\n|move|p1a: Gang Gang|Sludge Bomb|p2a: Primeape\n|-damage|p2a: Primeape|0 fnt\n|faint|p2a: Primeape\n|move|p1b: Franny|Flare Blitz|p2b: Chansey\n|-damage|p2b: Chansey|0 fnt\n|faint|p2b: Chansey\n|-damage|p1b: Franny|213/334|[from] Recoil\n|\n|upkeep\n|\n|t:|1738782281\n|switch|p2a: Starmie|Starmie|324/324\n|switch|p2b: Pikachu|Pikachu, F|211/211\n|turn|14\n|\n|t:|1738782298\n|switch|p1b: Josie|Jolteon, F|124/272\n|move|p2b: Pikachu|Fake Out|p1b: Josie\n|-damage|p1b: Josie|60/272\n|debug|Covert Cloak prevent secondary\n|move|p2a: Starmie|Light Screen|p2a: Starmie\n|-sidestart|p2: Mattmandaman|move: Light Screen\n|move|p1a: Gang Gang|Will-O-Wisp|p2b: Pikachu\n|-status|p2b: Pikachu|brn\n|\n|-damage|p2b: Pikachu|198/211 brn|[from] brn\n|upkeep\n|turn|15\n|\n|t:|1738782324\n|move|p2a: Starmie|Protect|p2a: Starmie\n|-singleturn|p2a: Starmie|Protect\n|move|p1a: Gang Gang|Protect|p1a: Gang Gang\n|-singleturn|p1a: Gang Gang|Protect\n|move|p1b: Josie|Volt Switch|p2a: Starmie\n|-activate|p2a: Starmie|move: Protect\n|move|p2b: Pikachu|Volt Switch|p1a: Gang Gang\n|-activate|p1a: Gang Gang|move: Protect\n|\n|-damage|p2b: Pikachu|185/211 brn|[from] brn\n|upkeep\n|turn|16\n|\n|t:|1738782351\n|switch|p1a: Franny|Flareon, F|213/334\n|switch|p2b: Muk|Muk, M|414/414\n|move|p1b: Josie|Protect|p1b: Josie\n|-singleturn|p1b: Josie|Protect\n|move|p2a: Starmie|Psychic|p1a: Franny\n|-damage|p1a: Franny|111/334\n|\n|upkeep\n|turn|17\n|\n|t:|1738782390\n|move|p1a: Franny|Helping Hand|p1b: Josie\n|-singleturn|p1b: Josie|Helping Hand|[of] p1a: Franny\n|move|p1b: Josie|Volt Switch|p2a: Starmie\n|debug|Boosting from Helping Hand: 1.5\n|-supereffective|p2a: Starmie\n|debug|Light Screen weaken\n|-damage|p2a: Starmie|80/324\n|\n|t:|1738782398\n|switch|p1b: Dewey|Dewgong, M|384/384|[from] Volt Switch\n|move|p2a: Starmie|Psychic|p1a: Franny\n|-damage|p1a: Franny|18/334\n|move|p2b: Muk|Poison Jab|p1b: Dewey\n|-damage|p1b: Dewey|267/384\n|-status|p1b: Dewey|psn\n|-enditem|p1b: Dewey|Lum Berry|[eat]\n|-curestatus|p1b: Dewey|psn|[msg]\n|\n|upkeep\n|turn|18\n|\n|t:|1738782433\n|move|p2a: Starmie|Protect|p2a: Starmie\n|-singleturn|p2a: Starmie|Protect\n|move|p1b: Dewey|Fake Out|p2a: Starmie\n|-activate|p2a: Starmie|move: Protect\n|move|p2b: Muk|Shadow Sneak|p1a: Franny\n|-damage|p1a: Franny|0 fnt\n|faint|p1a: Franny\n|\n|upkeep\n|\n|t:|1738782443\n|switch|p1a: Josie|Jolteon, F|60/272\n|turn|19\n|\n|t:|1738782472\n|switch|p2a: Pikachu|Pikachu, F|185/211 brn\n|move|p1a: Josie|Protect|p1a: Josie\n|-singleturn|p1a: Josie|Protect\n|move|p1b: Dewey|Icy Wind|p2b: Muk|[spread] p2a,p2b\n|debug|Spread modifier: 0.75\n|debug|Light Screen weaken\n|debug|Spread modifier: 0.75\n|debug|Light Screen weaken\n|-damage|p2a: Pikachu|139/211 brn\n|-damage|p2b: Muk|391/414\n|-unboost|p2a: Pikachu|spe|1\n|-unboost|p2b: Muk|spe|1\n|move|p2b: Muk|Poison Jab|p1b: Dewey\n|-damage|p1b: Dewey|138/384\n|-status|p1b: Dewey|psn\n|\n|-heal|p2b: Muk|414/414|[from] item: Black Sludge\n|-damage|p1b: Dewey|90/384 psn|[from] psn\n|-damage|p2a: Pikachu|126/211 brn|[from] brn\n|upkeep\n|turn|20\n|\n|t:|1738782519\n|move|p2a: Pikachu|Fake Out|p1a: Josie\n|-crit|p1a: Josie\n|-damage|p1a: Josie|14/272\n|debug|Covert Cloak prevent secondary\n|move|p2b: Muk|Shadow Sneak|p1a: Josie\n|-damage|p1a: Josie|0 fnt\n|faint|p1a: Josie\n|move|p1b: Dewey|Muddy Water|p2b: Muk|[spread] p2a,p2b\n|debug|Spread modifier: 0.75\n|debug|Light Screen weaken\n|debug|Spread modifier: 0.75\n|debug|Light Screen weaken\n|-damage|p2a: Pikachu|52/211 brn\n|-damage|p2b: Muk|375/414\n|\n|-heal|p2b: Muk|400/414|[from] item: Black Sludge\n|-damage|p1b: Dewey|42/384 psn|[from] psn\n|-damage|p2a: Pikachu|39/211 brn|[from] brn\n|upkeep\n|\n|t:|1738782531\n|switch|p1a: Gang Gang|Gengar, M|158/261\n|turn|21\n|\n|t:|1738782557\n|move|p2b: Muk|Shadow Sneak|p1b: Dewey\n|-damage|p1b: Dewey|0 fnt\n|faint|p1b: Dewey\n|move|p1a: Gang Gang|Sludge Bomb|p2a: Pikachu\n|debug|Light Screen weaken\n|-damage|p2a: Pikachu|0 fnt\n|debug|move failed because it did nothing\n|faint|p2a: Pikachu\n|\n|-heal|p2b: Muk|414/414|[from] item: Black Sludge\n|-sideend|p2: Mattmandaman|move: Light Screen\n|upkeep\n|\n|t:|1738782565\n|switch|p2a: Starmie|Starmie|80/324\n|turn|22\n|\n|t:|1738782571\n|move|p2b: Muk|Shadow Sneak|p1a: Gang Gang\n|-supereffective|p1a: Gang Gang\n|-damage|p1a: Gang Gang|16/261\n|-start|p2b: Muk|Disable|Shadow Sneak|[from] ability: Cursed Body|[of] p1a: Gang Gang\n|move|p2a: Starmie|Psychic|p1a: Gang Gang\n|-supereffective|p1a: Gang Gang\n|-damage|p1a: Gang Gang|0 fnt\n|faint|p1a: Gang Gang\n|\n|win|Mattmandaman\n|l|☆mistermoscow\n|player|p1|\n","uploadtime":1738782579,"views":"21","formatid":"gen9doublescustomgame","rating":null,"private":0,"password":null}