{"id":"gen9doublescustomgame-2215460701","format":"[Gen 9] Doubles Custom Game","players":["mistermoscow","smokeydabearrr"],"log":"|j|☆mistermoscow\n|j|☆smokeydabearrr\n|t:|1728004668\n|gametype|doubles\n|player|p1|mistermoscow|alder|\n|player|p2|smokeydabearrr|102|\n|teamsize|p1|6\n|teamsize|p2|6\n|gen|9\n|tier|[Gen 9] Doubles Custom Game\n|clearpoke\n|poke|p1|Ninetales-Alola, F|\n|poke|p1|Murkrow, M|\n|poke|p1|Landorus, M|\n|poke|p1|Regieleki|\n|poke|p1|Basculegion, M|\n|poke|p1|Gholdengo|\n|poke|p2|Charizard, F|\n|poke|p2|Blastoise, F|\n|poke|p2|Whimsicott, F|\n|poke|p2|Cresselia, F|\n|poke|p2|Raging Bolt|\n|poke|p2|Walking Wake|\n|teampreview\n|j| noli_cannoli10\n|j| Mango Meloetta\n|j| je64\n|\n|t:|1728004843\n|start\n|switch|p1a: Princess Buttercup|Ninetales-Alola, F|350/350\n|switch|p1b: Shock|Regieleki|301/301\n|switch|p2a: PSA 10 Shadowless|Charizard, F|297/297\n|switch|p2b: Scott Tennerman|Whimsicott, F|261/261\n|-weather|Snow|[from] ability: Snow Warning|[of] p1a: Princess Buttercup\n|turn|1\n|\n|t:|1728004948\n|switch|p1a: Death Fish|Basculegion, M|381/381\n|detailschange|p2a: PSA 10 Shadowless|Charizard-Mega-Y, F\n|-mega|p2a: PSA 10 Shadowless|Charizard|Charizardite Y\n|-weather|SunnyDay|[from] ability: Drought|[of] p2a: PSA 10 Shadowless\n|move|p2b: Scott Tennerman|Tailwind|p2b: Scott Tennerman\n|-sidestart|p2: smokeydabearrr|move: Tailwind\n|move|p2a: PSA 10 Shadowless|Heat Wave|p1b: Shock|[spread] p1a,p1b\n|debug|Spread modifier: 0.75\n|debug|Sunny Day fire boost\n|-resisted|p1a: Death Fish\n|debug|Spread modifier: 0.75\n|debug|Sunny Day fire boost\n|-damage|p1a: Death Fish|231/381\n|-damage|p1b: Shock|0 fnt\n|debug|Covert Cloak prevent secondary\n|faint|p1b: Shock\n|\n|-weather|SunnyDay|[upkeep]\n|upkeep\n|\n|t:|1728004965\n|switch|p1b: Krowbar|Murkrow, M|261/261\n|turn|2\n|\n|t:|1728005003\n|switch|p2a: WAKE ME UP INSIDE|Walking Wake|339/339\n|-activate|p2a: WAKE ME UP INSIDE|ability: Protosynthesis\n|-start|p2a: WAKE ME UP INSIDE|protosynthesisspa\n|move|p1b: Krowbar|Rain Dance|p1b: Krowbar\n|-weather|RainDance\n|-end|p2a: WAKE ME UP INSIDE|Protosynthesis\n|move|p1a: Death Fish|Aqua Jet|p2a: WAKE ME UP INSIDE\n|debug|rain water boost\n|-resisted|p2a: WAKE ME UP INSIDE\n|-damage|p2a: WAKE ME UP INSIDE|298/339\n|move|p2b: Scott Tennerman|Dazzling Gleam|p1b: Krowbar|[spread] p1a,p1b\n|debug|Spread modifier: 0.75\n|debug|Spread modifier: 0.75\n|-supereffective|p1b: Krowbar\n|-damage|p1a: Death Fish|122/381\n|-damage|p1b: Krowbar|33/261\n|\n|-weather|RainDance|[upkeep]\n|upkeep\n|turn|3\n|\n|t:|1728005068\n|move|p2a: WAKE ME UP INSIDE|Protect|p2a: WAKE ME UP INSIDE\n|-singleturn|p2a: WAKE ME UP INSIDE|Protect\n|move|p1a: Death Fish|Protect|p1a: Death Fish\n|-singleturn|p1a: Death Fish|Protect\n|move|p1b: Krowbar|Tailwind|p1b: Krowbar\n|-sidestart|p1: mistermoscow|move: Tailwind\n|move|p2b: Scott Tennerman|Dazzling Gleam|p1b: Krowbar|[spread] p1b\n|-activate|p1a: Death Fish|move: Protect\n|debug|Spread modifier: 0.75\n|-supereffective|p1b: Krowbar\n|-crit|p1b: Krowbar\n|-damage|p1b: Krowbar|0 fnt\n|faint|p1b: Krowbar\n|\n|-weather|RainDance|[upkeep]\n|upkeep\n|\n|t:|1728005106\n|switch|p1b: God|Landorus, M|319/319\n|turn|4\n|\n|t:|1728005161\n|-terastallize|p1b: God|Poison\n|move|p2b: Scott Tennerman|Encore|p1a: Death Fish\n|-start|p1a: Death Fish|Encore\n|move|p2a: WAKE ME UP INSIDE|Hydro Steam|p1b: God\n|debug|rain water boost\n|-damage|p1b: God|0 fnt\n|faint|p1b: God\n|-damage|p2a: WAKE ME UP INSIDE|265/339|[from] item: Life Orb\n|move|p1a: Death Fish|Protect||[still]\n|debug|Success chance: 33%\n|-fail|p1a: Death Fish\n|\n|-weather|RainDance|[upkeep]\n|-sideend|p2: smokeydabearrr|move: Tailwind\n|upkeep\n|\n|t:|1728005175\n|switch|p1b: Goldi|Gholdengo|378/378\n|turn|5\n|\n|t:|1728005209\n|switch|p1a: Princess Buttercup|Ninetales-Alola, F|350/350\n|-weather|Snow|[from] ability: Snow Warning|[of] p1a: Princess Buttercup\n|move|p2a: WAKE ME UP INSIDE|Protect|p2a: WAKE ME UP INSIDE\n|-singleturn|p2a: WAKE ME UP INSIDE|Protect\n|move|p2b: Scott Tennerman|Tailwind|p2b: Scott Tennerman\n|-sidestart|p2: smokeydabearrr|move: Tailwind\n|move|p1b: Goldi|Nasty Plot|p1b: Goldi\n|-boost|p1b: Goldi|spa|2\n|\n|-weather|Snow|[upkeep]\n|upkeep\n|turn|6\n|\n|t:|1728005275\n|move|p1a: Princess Buttercup|Protect|p1a: Princess Buttercup\n|-singleturn|p1a: Princess Buttercup|Protect\n|move|p2a: WAKE ME UP INSIDE|Flamethrower|p1a: Princess Buttercup\n|-activate|p1a: Princess Buttercup|move: Protect\n|move|p2b: Scott Tennerman|Dazzling Gleam|p1a: Princess Buttercup|[spread] p1b\n|-activate|p1a: Princess Buttercup|move: Protect\n|debug|Spread modifier: 0.75\n|-resisted|p1b: Goldi\n|-damage|p1b: Goldi|336/378\n|move|p1b: Goldi|Shadow Ball|p2b: Scott Tennerman\n|-enditem|p2b: Scott Tennerman|Focus Sash\n|-damage|p2b: Scott Tennerman|1/261\n|\n|-weather|Snow|[upkeep]\n|-heal|p1b: Goldi|359/378|[from] item: Leftovers\n|-sideend|p1: mistermoscow|move: Tailwind\n|upkeep\n|turn|7\n|\n|t:|1728005391\n|-end|p2a: WAKE ME UP INSIDE|Protosynthesis|[silent]\n|switch|p2a: Yurtle the Turtle?|Blastoise, F|362/362\n|switch|p2b: PSA 10 Shadowless|Charizard-Mega-Y, F|297/297\n|-weather|SunnyDay|[from] ability: Drought|[of] p2b: PSA 10 Shadowless\n|switch|p1a: Death Fish|Basculegion, M|122/381\n|move|p1b: Goldi|Dazzling Gleam|p2a: Yurtle the Turtle?|[spread] p2a,p2b\n|debug|Spread modifier: 0.75\n|debug|Spread modifier: 0.75\n|-resisted|p2b: PSA 10 Shadowless\n|-damage|p2a: Yurtle the Turtle?|221/362\n|-damage|p2b: PSA 10 Shadowless|226/297\n|\n|-weather|SunnyDay|[upkeep]\n|-heal|p2a: Yurtle the Turtle?|243/362|[from] item: Leftovers\n|-heal|p1b: Goldi|378/378|[from] item: Leftovers\n|upkeep\n|turn|8\n|\n|t:|1728005439\n|switch|p1b: Princess Buttercup|Ninetales-Alola, F|350/350\n|-weather|Snow|[from] ability: Snow Warning|[of] p1b: Princess Buttercup\n|move|p2a: Yurtle the Turtle?|Helping Hand|p2b: PSA 10 Shadowless\n|-singleturn|p2b: PSA 10 Shadowless|Helping Hand|[of] p2a: Yurtle the Turtle?\n|move|p2b: PSA 10 Shadowless|Heat Wave|p1b: Princess Buttercup|[spread] p1a\n|-miss|p2b: PSA 10 Shadowless|p1b: Princess Buttercup\n|debug|Boosting from Helping Hand: 1.5\n|debug|Spread modifier: 0.75\n|-resisted|p1a: Death Fish\n|-damage|p1a: Death Fish|0 fnt\n|faint|p1a: Death Fish\n|\n|-weather|Snow|[upkeep]\n|-heal|p2a: Yurtle the Turtle?|265/362|[from] item: Leftovers\n|-sideend|p2: smokeydabearrr|move: Tailwind\n|upkeep\n|\n|t:|1728005454\n|switch|p1a: Goldi|Gholdengo|378/378\n|turn|9\n|\n|t:|1728005491\n|switch|p2b: Cresselia|Cresselia, F|444/444\n|move|p1b: Princess Buttercup|Aurora Veil|p1b: Princess Buttercup\n|-sidestart|p1: mistermoscow|move: Aurora Veil\n|move|p1a: Goldi|Shadow Ball|p2b: Cresselia\n|-supereffective|p2b: Cresselia\n|-damage|p2b: Cresselia|198/444\n|debug|Covert Cloak prevent secondary\n|move|p2a: Yurtle the Turtle?|Life Dew|p2a: Yurtle the Turtle?|[spread] p2a,p2b\n|-heal|p2a: Yurtle the Turtle?|356/362\n|-heal|p2b: Cresselia|309/444\n|\n|-weather|Snow|[upkeep]\n|-heal|p2a: Yurtle the Turtle?|362/362|[from] item: Leftovers\n|upkeep\n|turn|10\n|\n|t:|1728005514\n|move|p1b: Princess Buttercup|Protect|p1b: Princess Buttercup\n|-singleturn|p1b: Princess Buttercup|Protect\n|move|p2b: Cresselia|Icy Wind|p1b: Princess Buttercup|[spread] p1a\n|-activate|p1b: Princess Buttercup|move: Protect\n|debug|Spread modifier: 0.75\n|-resisted|p1a: Goldi\n|debug|Aurora Veil weaken\n|-damage|p1a: Goldi|369/378\n|-unboost|p1a: Goldi|spe|1\n|move|p2a: Yurtle the Turtle?|Life Dew||[still]|[spread] p2a,p2b\n|-fail|p2a: Yurtle the Turtle?|heal\n|-heal|p2b: Cresselia|420/444\n|move|p1a: Goldi|Nasty Plot|p1a: Goldi\n|-boost|p1a: Goldi|spa|2\n|\n|-weather|Snow|[upkeep]\n|-heal|p1a: Goldi|378/378|[from] item: Leftovers\n|upkeep\n|turn|11\n|\n|t:|1728005539\n|move|p1b: Princess Buttercup|Protect|p1b: Princess Buttercup\n|debug|Success chance: 33%\n|-singleturn|p1b: Princess Buttercup|Protect\n|move|p2b: Cresselia|Calm Mind|p2b: Cresselia\n|-boost|p2b: Cresselia|spa|1\n|-boost|p2b: Cresselia|spd|1\n|move|p2a: Yurtle the Turtle?|Life Dew||[still]|[spread] p2a,p2b\n|-fail|p2a: Yurtle the Turtle?|heal\n|-heal|p2b: Cresselia|444/444\n|move|p1a: Goldi|Nasty Plot|p1a: Goldi\n|-boost|p1a: Goldi|spa|2\n|\n|-weather|Snow|[upkeep]\n|upkeep\n|turn|12\n|\n|t:|1728005585\n|move|p1b: Princess Buttercup|Protect|p1b: Princess Buttercup\n|debug|Success chance: 11%\n|-singleturn|p1b: Princess Buttercup|Protect\n|move|p2b: Cresselia|Calm Mind|p2b: Cresselia\n|-boost|p2b: Cresselia|spa|1\n|-boost|p2b: Cresselia|spd|1\n|move|p2a: Yurtle the Turtle?|Life Dew||[still]|[still]|[spread] \n|-fail|p2a: Yurtle the Turtle?|heal\n|-fail|p2b: Cresselia|heal\n|debug|move failed because it did nothing\n|move|p1a: Goldi|Nasty Plot|p1a: Goldi\n|-boost|p1a: Goldi|spa|2\n|\n|-weather|none\n|upkeep\n|turn|13\n|\n|t:|1728005647\n|switch|p2a: WAKE ME UP INSIDE|Walking Wake|265/339\n|move|p1b: Princess Buttercup|Protect||[still]\n|debug|Success chance: 4%\n|-fail|p1b: Princess Buttercup\n|move|p2b: Cresselia|Calm Mind|p2b: Cresselia\n|-boost|p2b: Cresselia|spa|1\n|-boost|p2b: Cresselia|spd|1\n|move|p1a: Goldi|Make It Rain|p2a: WAKE ME UP INSIDE|[spread] p2a,p2b\n|debug|Spread modifier: 0.75\n|-resisted|p2a: WAKE ME UP INSIDE\n|debug|Spread modifier: 0.75\n|-damage|p2a: WAKE ME UP INSIDE|0 fnt\n|-damage|p2b: Cresselia|249/444\n|-unboost|p1a: Goldi|spa|1\n|faint|p2a: WAKE ME UP INSIDE\n|-end|p2a: WAKE ME UP INSIDE|Protosynthesis|[silent]\n|\n|upkeep\n|\n|t:|1728005663\n|switch|p2a: PSA 10 Shadowless|Charizard-Mega-Y, F|226/297\n|-weather|SunnyDay|[from] ability: Drought|[of] p2a: PSA 10 Shadowless\n|turn|14\n|\n|t:|1728005673\n|move|p1b: Princess Buttercup|Protect|p1b: Princess Buttercup\n|-singleturn|p1b: Princess Buttercup|Protect\n|move|p2a: PSA 10 Shadowless|Protect|p2a: PSA 10 Shadowless\n|-singleturn|p2a: PSA 10 Shadowless|Protect\n|move|p2b: Cresselia|Icy Wind|p1b: Princess Buttercup|[spread] p1a\n|-activate|p1b: Princess Buttercup|move: Protect\n|debug|Spread modifier: 0.75\n|-resisted|p1a: Goldi\n|debug|Aurora Veil weaken\n|-damage|p1a: Goldi|355/378\n|-unboost|p1a: Goldi|spe|1\n|move|p1a: Goldi|Shadow Ball|p2a: PSA 10 Shadowless\n|-activate|p2a: PSA 10 Shadowless|move: Protect\n|\n|-weather|SunnyDay|[upkeep]\n|-heal|p1a: Goldi|378/378|[from] item: Leftovers\n|upkeep\n|turn|15\n|\n|t:|1728005703\n|move|p1b: Princess Buttercup|Protect||[still]\n|debug|Success chance: 33%\n|-fail|p1b: Princess Buttercup\n|move|p2a: PSA 10 Shadowless|Heat Wave|p1a: Goldi|[spread] p1a,p1b\n|debug|Spread modifier: 0.75\n|debug|Sunny Day fire boost\n|-supereffective|p1a: Goldi\n|debug|Aurora Veil weaken\n|debug|Spread modifier: 0.75\n|debug|Sunny Day fire boost\n|-supereffective|p1b: Princess Buttercup\n|debug|Aurora Veil weaken\n|-damage|p1a: Goldi|85/378\n|-damage|p1b: Princess Buttercup|33/350\n|move|p2b: Cresselia|Lunar Blessing|p2b: Cresselia|[spread] p2a,p2b\n|-heal|p2a: PSA 10 Shadowless|297/297\n|-heal|p2b: Cresselia|360/444\n|move|p1a: Goldi|Shadow Ball|p2a: PSA 10 Shadowless\n|-damage|p2a: PSA 10 Shadowless|0 fnt\n|faint|p2a: PSA 10 Shadowless\n|\n|-weather|SunnyDay|[upkeep]\n|-heal|p1a: Goldi|108/378|[from] item: Leftovers\n|upkeep\n|\n|t:|1728005730\n|switch|p2a: Raging B0ner|Raging Bolt|454/454\n|-activate|p2a: Raging B0ner|ability: Protosynthesis\n|-start|p2a: Raging B0ner|protosynthesisspa\n|turn|16\n|\n|t:|1728005739\n|move|p1b: Princess Buttercup|Protect|p1b: Princess Buttercup\n|-singleturn|p1b: Princess Buttercup|Protect\n|move|p2a: Raging B0ner|Thunderclap|p1a: Goldi\n|debug|Protosynthesis spa boost\n|debug|Aurora Veil weaken\n|-damage|p1a: Goldi|0 fnt\n|faint|p1a: Goldi\n|move|p2b: Cresselia|Calm Mind|p2b: Cresselia\n|-boost|p2b: Cresselia|spa|1\n|-boost|p2b: Cresselia|spd|1\n|\n|-weather|SunnyDay|[upkeep]\n|-sideend|p1: mistermoscow|move: Aurora Veil\n|upkeep\n|turn|17\n|\n|t:|1728005750\n|move|p1b: Princess Buttercup|Aurora Veil||[still]\n|-fail|p1b: Princess Buttercup\n|move|p2b: Cresselia|Icy Wind|p1b: Princess Buttercup\n|-resisted|p1b: Princess Buttercup\n|-damage|p1b: Princess Buttercup|0 fnt\n|faint|p1b: Princess Buttercup\n|\n|win|smokeydabearrr\n","uploadtime":1728005757,"views":"30","formatid":"gen9doublescustomgame","rating":null,"private":0,"password":null}