{"id":"gen9doublescustomgame-2004221584","format":"[Gen 9] Doubles Custom Game","players":["noli_cannoli10","je64"],"log":"|j|☆noli_cannoli10\n|j|☆je64\n|t:|1701659822\n|gametype|doubles\n|player|p1|noli_cannoli10|102|\n|player|p2|je64|265|\n|teamsize|p1|6\n|teamsize|p2|6\n|gen|9\n|tier|[Gen 9] Doubles Custom Game\n|clearpoke\n|poke|p1|Murkrow, F|\n|poke|p1|Gholdengo|\n|poke|p1|Amoonguss, M|\n|poke|p1|Kommo-o, M|\n|poke|p1|Kingambit, M|\n|poke|p1|Mimikyu, M|\n|poke|p2|Dragonite, F|\n|poke|p2|Cresselia, F|\n|poke|p2|Landorus-Therian, M|\n|poke|p2|Incineroar, M|\n|poke|p2|Basculegion, M|\n|poke|p2|Chien-Pao|\n|teampreview\n|j| smokeydabearrr\n|j| Weedichu\n|j| Mister Moscow\n|\n|t:|1701659854\n|start\n|switch|p1a: Sussy Baka|Amoonguss, M|432/432\n|switch|p1b: Golden Boi|Gholdengo|316/316\n|switch|p2a: Chi-Chi San|Chien-Pao|301/301\n|switch|p2b: Fukushima|Basculegion, M|382/382\n|-ability|p2a: Chi-Chi San|Sword of Ruin\n|turn|1\n|\n|t:|1701659889\n|move|p1b: Golden Boi|Protect|p1b: Golden Boi\n|-singleturn|p1b: Golden Boi|Protect\n|move|p2a: Chi-Chi San|Sucker Punch||[still]\n|-fail|p2a: Chi-Chi San\n|move|p2b: Fukushima|Psychic Fangs|p1a: Sussy Baka\n|debug|Sword of Ruin Def drop\n|-supereffective|p1a: Sussy Baka\n|-damage|p1a: Sussy Baka|198/432\n|move|p1a: Sussy Baka|Spore|p2a: Chi-Chi San\n|-status|p2a: Chi-Chi San|slp|[from] move: Spore\n|\n|upkeep\n|turn|2\n|\n|t:|1701659914\n|switch|p2a: Nolan's Bane|Cresselia, F|444/444\n|move|p2b: Fukushima|Psychic Fangs|p1a: Sussy Baka\n|-supereffective|p1a: Sussy Baka\n|-damage|p1a: Sussy Baka|16/432\n|-enditem|p1a: Sussy Baka|Wiki Berry|[eat]\n|-heal|p1a: Sussy Baka|160/432|[from] item: Wiki Berry\n|move|p1b: Golden Boi|Make It Rain|p2b: Fukushima|[spread] p2a,p2b\n|debug|Spread modifier: 0.75\n|debug|Spread modifier: 0.75\n|-resisted|p2b: Fukushima\n|-damage|p2a: Nolan's Bane|269/444\n|-damage|p2b: Fukushima|268/382\n|-unboost|p1b: Golden Boi|spa|1\n|move|p1a: Sussy Baka|Spore|p2b: Fukushima\n|-status|p2b: Fukushima|slp|[from] move: Spore\n|\n|-heal|p2a: Nolan's Bane|296/444|[from] item: Leftovers\n|upkeep\n|turn|3\n|c| smokeydabearrr|😴\n|\n|t:|1701659945\n|switch|p2b: Chairman Mao|Incineroar, M|394/394\n|-ability|p2b: Chairman Mao|Intimidate|boost\n|-unboost|p1a: Sussy Baka|atk|1\n|-unboost|p1b: Golden Boi|atk|1\n|move|p1b: Golden Boi|Shadow Ball|p2a: Nolan's Bane\n|-supereffective|p2a: Nolan's Bane\n|-damage|p2a: Nolan's Bane|116/444\n|move|p2a: Nolan's Bane|Calm Mind|p2a: Nolan's Bane\n|-boost|p2a: Nolan's Bane|spa|1\n|-boost|p2a: Nolan's Bane|spd|1\n|move|p1a: Sussy Baka|Giga Drain|p2a: Nolan's Bane\n|-damage|p2a: Nolan's Bane|68/444\n|-heal|p1a: Sussy Baka|184/432|[from] drain|[of] p2a: Nolan's Bane\n|\n|-heal|p2a: Nolan's Bane|95/444|[from] item: Leftovers\n|upkeep\n|turn|4\n|\n|t:|1701659985\n|move|p1a: Sussy Baka|Rage Powder|p1a: Sussy Baka\n|-singleturn|p1a: Sussy Baka|move: Rage Powder\n|move|p1b: Golden Boi|Shadow Ball|p2a: Nolan's Bane\n|-supereffective|p2a: Nolan's Bane\n|-damage|p2a: Nolan's Bane|0 fnt\n|faint|p2a: Nolan's Bane\n|move|p2b: Chairman Mao|Flare Blitz|p1a: Sussy Baka\n|debug|Rage Powder redirected target of move\n|-supereffective|p1a: Sussy Baka\n|-damage|p1a: Sussy Baka|0 fnt\n|debug|move failed because it did nothing\n|faint|p1a: Sussy Baka\n|-damage|p2b: Chairman Mao|333/394|[from] Recoil\n|\n|upkeep\n|\n|t:|1701660010\n|switch|p2a: Lands R' Us|Landorus-Therian, M|382/382\n|switch|p1a: Murder Bird|Murkrow, F, shiny|324/324\n|-ability|p2a: Lands R' Us|Intimidate|boost\n|-unboost|p1a: Murder Bird|atk|1\n|-unboost|p1b: Golden Boi|atk|1\n|turn|5\n|\n|t:|1701660043\n|switch|p1b: Mojo JoJo|Kommo-o, M|292/292\n|move|p1a: Murder Bird|Tailwind|p1a: Murder Bird\n|-sidestart|p1: noli_cannoli10|move: Tailwind\n|move|p2a: Lands R' Us|U-turn|p1a: Murder Bird\n|-damage|p1a: Murder Bird|234/324\n|\n|t:|1701660055\n|switch|p2a: Fastpass|Dragonite, F|355/355|[from] U-turn\n|move|p2b: Chairman Mao|Parting Shot|p1b: Mojo JoJo\n|-immune|p1b: Mojo JoJo|[from] ability: Soundproof\n|\n|upkeep\n|turn|6\n|c|☆je64|omg\n|\n|t:|1701660113\n|switch|p1a: Golden Boi|Gholdengo|316/316\n|-terastallize|p2a: Fastpass|Normal\n|move|p1b: Mojo JoJo|Substitute|p1b: Mojo JoJo\n|-start|p1b: Mojo JoJo|Substitute\n|-damage|p1b: Mojo JoJo|219/292\n|move|p2a: Fastpass|Dragon Dance|p2a: Fastpass\n|-boost|p2a: Fastpass|atk|1\n|-boost|p2a: Fastpass|spe|1\n|move|p2b: Chairman Mao|Flare Blitz|p1a: Golden Boi\n|-supereffective|p1a: Golden Boi\n|-damage|p1a: Golden Boi|0 fnt\n|faint|p1a: Golden Boi\n|-damage|p2b: Chairman Mao|229/394|[from] Recoil\n|\n|upkeep\n|\n|t:|1701660126\n|switch|p1a: Murder Bird|Murkrow, F, shiny|234/324\n|turn|7\n|\n|t:|1701660141\n|move|p1a: Murder Bird|Haze|p1a: Murder Bird\n|-clearallboost\n|move|p1b: Mojo JoJo|Flash Cannon|p2a: Fastpass\n|debug|Multiscale weaken\n|-damage|p2a: Fastpass|308/355\n|move|p2a: Fastpass|Ice Spinner|p1b: Mojo JoJo\n|-supereffective|p1b: Mojo JoJo\n|-end|p1b: Mojo JoJo|Substitute\n|move|p2b: Chairman Mao|Flare Blitz|p1a: Murder Bird\n|-damage|p1a: Murder Bird|42/324\n|-damage|p2b: Chairman Mao|166/394|[from] Recoil\n|\n|upkeep\n|turn|8\n|\n|t:|1701660183\n|switch|p1a: Pikachoo|Mimikyu, M|252/252\n|switch|p2b: Lands R' Us|Landorus-Therian, M|382/382\n|-ability|p2b: Lands R' Us|Intimidate|boost\n|-unboost|p1a: Pikachoo|atk|1\n|-unboost|p1b: Mojo JoJo|atk|1\n|move|p2a: Fastpass|Extreme Speed|p1a: Pikachoo\n|-immune|p1a: Pikachoo\n|move|p1b: Mojo JoJo|Clangorous Soul|p1b: Mojo JoJo\n|-boost|p1b: Mojo JoJo|atk|1\n|-boost|p1b: Mojo JoJo|def|1\n|-boost|p1b: Mojo JoJo|spa|1\n|-boost|p1b: Mojo JoJo|spd|1\n|-boost|p1b: Mojo JoJo|spe|1\n|-damage|p1b: Mojo JoJo|123/292\n|\n|-sideend|p1: noli_cannoli10|move: Tailwind\n|upkeep\n|turn|9\n|\n|t:|1701660243\n|switch|p2a: Fukushima|Basculegion, M|268/382 slp\n|move|p1a: Pikachoo|Shadow Sneak|p2b: Lands R' Us\n|-damage|p2b: Lands R' Us|343/382\n|move|p1b: Mojo JoJo|Clanging Scales|p2a: Fukushima|[spread] p2a,p2b\n|debug|Spread modifier: 0.75\n|debug|Spread modifier: 0.75\n|-damage|p2a: Fukushima|27/382 slp\n|-damage|p2b: Lands R' Us|127/382\n|-enditem|p2b: Lands R' Us|Sitrus Berry|[eat]\n|-heal|p2b: Lands R' Us|222/382|[from] item: Sitrus Berry\n|-unboost|p1b: Mojo JoJo|def|1\n|move|p2b: Lands R' Us|U-turn|p1a: Pikachoo\n|-activate|p1a: Pikachoo|ability: Disguise\n|-damage|p1a: Pikachoo|252/252\n|detailschange|p1a: Pikachoo|Mimikyu-Busted, M\n|-damage|p1a: Pikachoo|221/252|[from] pokemon: Mimikyu-Busted\n|\n|t:|1701660260\n|switch|p2b: Chairman Mao|Incineroar, M|166/394|[from] U-turn\n|-ability|p2b: Chairman Mao|Intimidate|boost\n|-unboost|p1a: Pikachoo|atk|1\n|-unboost|p1b: Mojo JoJo|atk|1\n|\n|upkeep\n|turn|10\n|c|☆je64|sorry. brb\n|c|☆je64|im back!\n|\n|t:|1701660408\n|switch|p1a: Fire Lord Ozai|Kingambit, M, shiny|404/404\n|-activate|p1a: Fire Lord Ozai|ability: Supreme Overlord\n|-start|p1a: Fire Lord Ozai|fallen2|[silent]\n|cant|p2a: Fukushima|slp\n|move|p1b: Mojo JoJo|Clanging Scales|p2b: Chairman Mao|[spread] p2a,p2b\n|debug|Spread modifier: 0.75\n|debug|Spread modifier: 0.75\n|-damage|p2a: Fukushima|0 fnt\n|-damage|p2b: Chairman Mao|0 fnt\n|faint|p2a: Fukushima\n|faint|p2b: Chairman Mao\n|-unboost|p1b: Mojo JoJo|def|1\n|\n|upkeep\n|c|☆je64|awww jeeez\n|\n|t:|1701660428\n|switch|p2a: Lands R' Us|Landorus-Therian, M|222/382\n|switch|p2b: Fastpass|Dragonite, F, tera:Normal|308/355\n|-ability|p2a: Lands R' Us|Intimidate|boost\n|-unboost|p1a: Fire Lord Ozai|atk|1\n|-unboost|p1b: Mojo JoJo|atk|1\n|turn|11\n|\n|t:|1701660468\n|-terastallize|p1a: Fire Lord Ozai|Flying\n|move|p2b: Fastpass|Extreme Speed|p1b: Mojo JoJo\n|-crit|p1b: Mojo JoJo\n|-damage|p1b: Mojo JoJo|0 fnt\n|faint|p1b: Mojo JoJo\n|move|p2a: Lands R' Us|Stomping Tantrum|p1a: Fire Lord Ozai\n|-immune|p1a: Fire Lord Ozai\n|move|p1a: Fire Lord Ozai|Kowtow Cleave|p2b: Fastpass\n|debug|Supreme Overlord boost: 4915/4096\n|-damage|p2b: Fastpass|173/355\n|\n|upkeep\n|c|☆je64|omg crit\n|\n|t:|1701660485\n|switch|p1b: Murder Bird|Murkrow, F, shiny|42/324\n|turn|12\n|\n|t:|1701660523\n|-end|p1a: Fire Lord Ozai|fallen2|[silent]\n|switch|p1a: Pikachoo|Mimikyu-Busted, M|221/252\n|move|p1b: Murder Bird|Tailwind|p1b: Murder Bird\n|-sidestart|p1: noli_cannoli10|move: Tailwind\n|move|p2b: Fastpass|Roost|p2b: Fastpass\n|-heal|p2b: Fastpass|351/355\n|move|p2a: Lands R' Us|U-turn|p1b: Murder Bird\n|-damage|p1b: Murder Bird|0 fnt\n|faint|p1b: Murder Bird\n|\n|t:|1701660532\n|switch|p2a: Chi-Chi San|Chien-Pao|301/301 slp|[from] U-turn\n|-ability|p2a: Chi-Chi San|Sword of Ruin\n|\n|upkeep\n|\n|t:|1701660537\n|switch|p1b: Fire Lord Ozai|Kingambit, M, shiny, tera:Flying|404/404\n|-activate|p1b: Fire Lord Ozai|ability: Supreme Overlord\n|-start|p1b: Fire Lord Ozai|fallen4|[silent]\n|turn|13\n|\n|t:|1701660567\n|move|p1a: Pikachoo|Shadow Sneak|p2b: Fastpass\n|-immune|p2b: Fastpass\n|move|p1b: Fire Lord Ozai|Sucker Punch|p2b: Fastpass\n|debug|Supreme Overlord boost: 5734/4096\n|debug|Sword of Ruin Def drop\n|-damage|p2b: Fastpass|77/355\n|cant|p2a: Chi-Chi San|slp\n|move|p2b: Fastpass|Ice Spinner|p1b: Fire Lord Ozai\n|debug|Sword of Ruin Def drop\n|-supereffective|p1b: Fire Lord Ozai\n|-crit|p1b: Fire Lord Ozai\n|-damage|p1b: Fire Lord Ozai|56/404\n|\n|upkeep\n|turn|14\n|\n|t:|1701660597\n|move|p1b: Fire Lord Ozai|Sucker Punch|p2b: Fastpass\n|debug|Supreme Overlord boost: 5734/4096\n|debug|Sword of Ruin Def drop\n|-damage|p2b: Fastpass|0 fnt\n|faint|p2b: Fastpass\n|move|p1a: Pikachoo|Shadow Claw|p2a: Chi-Chi San\n|-resisted|p2a: Chi-Chi San\n|-damage|p2a: Chi-Chi San|243/301 slp\n|-curestatus|p2a: Chi-Chi San|slp|[msg]\n|move|p2a: Chi-Chi San|Sacred Sword|p1a: Pikachoo\n|-immune|p1a: Pikachoo\n|\n|upkeep\n|c|☆je64|omg\n|\n|t:|1701660619\n|switch|p2b: Lands R' Us|Landorus-Therian, M|222/382\n|-ability|p2b: Lands R' Us|Intimidate|boost\n|-unboost|p1a: Pikachoo|atk|1\n|-unboost|p1b: Fire Lord Ozai|atk|1\n|turn|15\n|c|☆noli_cannoli10|idk whats going on\n|\n|t:|1701660649\n|move|p2a: Chi-Chi San|Sucker Punch|p1b: Fire Lord Ozai\n|debug|Sword of Ruin Def drop\n|-damage|p1b: Fire Lord Ozai|0 fnt\n|faint|p1b: Fire Lord Ozai\n|-end|p1b: Fire Lord Ozai|fallen4|[silent]\n|-damage|p2a: Chi-Chi San|213/301|[from] item: Life Orb\n|move|p2b: Lands R' Us|Stomping Tantrum|p1a: Pikachoo\n|debug|Sword of Ruin Def drop\n|-damage|p1a: Pikachoo|10/252\n|move|p1a: Pikachoo|Trick Room|p1a: Pikachoo\n|-fieldstart|move: Trick Room|[of] p1a: Pikachoo\n|\n|-sideend|p1: noli_cannoli10|move: Tailwind\n|upkeep\n|turn|16\n|\n|t:|1701660676\n|move|p1a: Pikachoo|Shadow Sneak|p2b: Lands R' Us\n|debug|Sword of Ruin Def drop\n|-damage|p2b: Lands R' Us|173/382\n|move|p2a: Chi-Chi San|Sucker Punch||[still]\n|-fail|p2a: Chi-Chi San\n|move|p2b: Lands R' Us|U-turn|p1a: Pikachoo\n|debug|Sword of Ruin Def drop\n|-resisted|p1a: Pikachoo\n|-damage|p1a: Pikachoo|0 fnt\n|faint|p1a: Pikachoo\n|\n|win|je64\n|c|☆je64|ggs\n|c|☆noli_cannoli10|gg\n|l|☆noli_cannoli10\n|c|☆je64|that was really close haha\n","uploadtime":1701660701,"views":"9","formatid":"gen9doublescustomgame","rating":null,"private":0,"password":null}