{"id":"gen9doublescustomgame-2290141759","format":"[Gen 9] Doubles Custom Game","players":["mistermoscow","Mattmandaman"],"log":"|j|☆mistermoscow\n|j|☆Mattmandaman\n|t:|1738103130\n|gametype|doubles\n|player|p1|mistermoscow|alder|\n|player|p2|Mattmandaman|giovanni|\n|teamsize|p1|6\n|teamsize|p2|6\n|gen|9\n|tier|[Gen 9] Doubles Custom Game\n|clearpoke\n|poke|p1|Poliwrath, F|\n|poke|p1|Victreebel, M|\n|poke|p1|Gengar, M|\n|poke|p1|Jolteon, M|\n|poke|p1|Snorlax, M|\n|poke|p1|Dragonite, M|\n|poke|p2|Machamp, M|\n|poke|p2|Starmie|\n|poke|p2|Chansey, F|\n|poke|p2|Nidoking, M|\n|poke|p2|Gengar, M|\n|poke|p2|Muk, M|\n|teampreview\n|c|☆mistermoscow|sorry, was helpimng my dad with the printer\n|\n|t:|1738103376\n|start\n|switch|p1a: Puff Daddy|Dragonite, M|386/386\n|switch|p1b: Gang Gang|Gengar, M|262/262\n|switch|p2a: Gengar|Gengar, M|262/262\n|switch|p2b: Muk|Muk, M|414/414\n|turn|1\n|c|☆Mattmandaman|ahh\n|\n|t:|1738103425\n|move|p1b: Gang Gang|Protect|p1b: Gang Gang\n|-singleturn|p1b: Gang Gang|Protect\n|move|p2a: Gengar|Icy Wind|p1b: Gang Gang|[spread] p1a\n|-activate|p1b: Gang Gang|move: Protect\n|debug|Spread modifier: 0.75\n|-supereffective|p1a: Puff Daddy\n|-damage|p1a: Puff Daddy|190/386\n|debug|move failed because it did nothing\n|move|p1a: Puff Daddy|Tailwind|p1a: Puff Daddy\n|-sidestart|p1: mistermoscow|move: Tailwind\n|move|p2b: Muk|Poison Jab|p1a: Puff Daddy\n|-damage|p1a: Puff Daddy|45/386\n|\n|upkeep\n|turn|2\n|\n|t:|1738103446\n|move|p2b: Muk|Shadow Sneak|p1a: Puff Daddy\n|-damage|p1a: Puff Daddy|1/386\n|move|p1b: Gang Gang|Psychic|p2b: Muk\n|-supereffective|p2b: Muk\n|-damage|p2b: Muk|192/414\n|move|p1a: Puff Daddy|Dragon Claw|p2b: Muk\n|-damage|p2b: Muk|0 fnt\n|faint|p2b: Muk\n|move|p2a: Gengar|Shadow Ball|p1b: Gang Gang\n|-supereffective|p1b: Gang Gang\n|-enditem|p1b: Gang Gang|Focus Sash\n|-damage|p1b: Gang Gang|1/262\n|\n|upkeep\n|\n|t:|1738103466\n|switch|p2b: Machamp|Machamp, M|384/384\n|turn|3\n|\n|t:|1738103499\n|move|p1a: Puff Daddy|Protect|p1a: Puff Daddy\n|-singleturn|p1a: Puff Daddy|Protect\n|move|p2a: Gengar|Protect|p2a: Gengar\n|-singleturn|p2a: Gengar|Protect\n|move|p2b: Machamp|Protect|p2b: Machamp\n|-singleturn|p2b: Machamp|Protect\n|move|p1b: Gang Gang|Psychic|p2b: Machamp\n|-activate|p2b: Machamp|move: Protect\n|\n|upkeep\n|turn|4\n|\n|t:|1738103546\n|switch|p1a: Snax|Snorlax, M|461/461\n|move|p1b: Gang Gang|Protect|p1b: Gang Gang\n|-singleturn|p1b: Gang Gang|Protect\n|move|p2b: Machamp|Bullet Punch|p1a: Snax\n|debug|Punching Glove boost\n|-damage|p1a: Snax|400/461\n|move|p2a: Gengar|Icy Wind|p1a: Snax|[spread] p1a\n|-activate|p1b: Gang Gang|move: Protect\n|debug|Spread modifier: 0.75\n|-crit|p1a: Snax\n|-damage|p1a: Snax|357/461\n|-unboost|p1a: Snax|spe|1\n|\n|-sideend|p1: mistermoscow|move: Tailwind\n|upkeep\n|turn|5\n|\n|t:|1738103575\n|switch|p1b: Sparky|Jolteon, M|271/271\n|move|p2a: Gengar|Sludge Bomb|p1b: Sparky\n|-damage|p1b: Sparky|115/271\n|debug|Covert Cloak prevent secondary\n|move|p2b: Machamp|Dynamic Punch|p1a: Snax\n|debug|Punching Glove boost\n|-supereffective|p1a: Snax\n|-damage|p1a: Snax|0 fnt\n|debug|move failed because it did nothing\n|faint|p1a: Snax\n|\n|upkeep\n|\n|t:|1738103599\n|switch|p1a: Puff Daddy|Dragonite, M|1/386\n|turn|6\n|\n|t:|1738103607\n|move|p1a: Puff Daddy|Protect|p1a: Puff Daddy\n|-singleturn|p1a: Puff Daddy|Protect\n|move|p2b: Machamp|Bullet Punch|p1a: Puff Daddy\n|-activate|p1a: Puff Daddy|move: Protect\n|move|p1b: Sparky|Electroweb|p2a: Gengar|[spread] p2a,p2b\n|debug|Spread modifier: 0.75\n|debug|Spread modifier: 0.75\n|-damage|p2a: Gengar|174/262\n|-damage|p2b: Machamp|305/384\n|-unboost|p2a: Gengar|spe|1\n|-unboost|p2b: Machamp|spe|1\n|-start|p1b: Sparky|Disable|Electroweb|[from] ability: Cursed Body|[of] p2a: Gengar\n|move|p2a: Gengar|Sludge Bomb|p1b: Sparky\n|-damage|p1b: Sparky|0 fnt\n|debug|Covert Cloak prevent secondary\n|faint|p1b: Sparky\n|\n|upkeep\n|\n|t:|1738103623\n|switch|p1b: Victor|Victreebel, M|302/302\n|turn|7\n|\n|t:|1738103656\n|switch|p1a: Gang Gang|Gengar, M|1/262\n|move|p1b: Victor|Sucker Punch|p2a: Gengar\n|-supereffective|p2a: Gengar\n|-damage|p2a: Gengar|0 fnt\n|faint|p2a: Gengar\n|-damage|p1b: Victor|272/302|[from] item: Life Orb\n|move|p2b: Machamp|Bullet Punch|p1a: Gang Gang\n|debug|Punching Glove boost\n|-damage|p1a: Gang Gang|0 fnt\n|faint|p1a: Gang Gang\n|\n|upkeep\n|c|☆mistermoscow|wait why didnt cursed body activate?\n|c|☆Mattmandaman|it doesnt always\n|c|☆mistermoscow|ooo just checked, didnt realize it was 30%\n|c|☆mistermoscow|seems like it works every fucking time i hit you lol\n|c|☆Mattmandaman|yea doesnt feel like it lol\n|\n|t:|1738103725\n|switch|p2a: Nidoking|Nidoking, M|304/304\n|switch|p1a: Polly|Poliwrath, F|322/322\n|turn|8\n|c|☆mistermoscow|well fuck, that means i totally fucked that turn lol. did that purposefully to block out bullet punch\n|\n|t:|1738103769\n|move|p1b: Victor|Protect|p1b: Victor\n|-singleturn|p1b: Victor|Protect\n|move|p2a: Nidoking|Ice Beam|p1b: Victor\n|-activate|p1b: Victor|move: Protect\n|move|p1a: Polly|Coaching|p1b: Victor\n|-boost|p1b: Victor|atk|1\n|-boost|p1b: Victor|def|1\n|move|p2b: Machamp|Dynamic Punch|p1a: Polly\n|debug|Punching Glove boost\n|-damage|p1a: Polly|88/322\n|-start|p1a: Polly|confusion\n|\n|upkeep\n|turn|9\n|c|☆Mattmandaman|ohh that wouldve made sense\n|\n|t:|1738103799\n|move|p1b: Victor|Sucker Punch|p2a: Nidoking\n|-damage|p2a: Nidoking|127/304\n|-damage|p1b: Victor|242/302|[from] item: Life Orb\n|move|p2a: Nidoking|Ice Beam|p1b: Victor\n|-supereffective|p1b: Victor\n|-damage|p1b: Victor|0 fnt\n|faint|p1b: Victor\n|-activate|p1a: Polly|confusion\n|move|p1a: Polly|Liquidation|p2a: Nidoking\n|-supereffective|p2a: Nidoking\n|-damage|p2a: Nidoking|0 fnt\n|faint|p2a: Nidoking\n|move|p2b: Machamp|Dynamic Punch|p1a: Polly\n|debug|Punching Glove boost\n|-damage|p1a: Polly|0 fnt\n|debug|move failed because it did nothing\n|faint|p1a: Polly\n|\n|upkeep\n|c|☆mistermoscow|yeah...\n|\n|t:|1738103818\n|switch|p2a: Starmie|Starmie|262/262\n|switch|p1b: Puff Daddy|Dragonite, M|1/386\n|turn|10\n|\n|t:|1738103824\n|move|p2b: Machamp|Bullet Punch|p1b: Puff Daddy\n|debug|Punching Glove boost\n|-damage|p1b: Puff Daddy|0 fnt\n|faint|p1b: Puff Daddy\n|\n|win|Mattmandaman\n|c|☆mistermoscow|gg\n|c|☆Mattmandaman|gg\n","uploadtime":1738103834,"views":"20","formatid":"gen9doublescustomgame","rating":null,"private":0,"password":null}