{"id":"gen9doublescustomgame-2386327067","format":"[Gen 9] Doubles Custom Game","players":["mistermoscow","je64"],"log":"|j|☆mistermoscow\n|j|☆je64\n|t:|1750132121\n|gametype|doubles\n|player|p1|mistermoscow|alder|\n|player|p2|je64|1|\n|teamsize|p1|6\n|teamsize|p2|6\n|gen|9\n|tier|[Gen 9] Doubles Custom Game\n|clearpoke\n|poke|p1|Clefairy, M|\n|poke|p1|Primeape, M|\n|poke|p1|Exeggutor, M|\n|poke|p1|Mr. Mime|\n|poke|p1|Jolteon, M|\n|poke|p1|Dragonite, M|\n|poke|p2|Kadabra|\n|poke|p2|Gengar|\n|poke|p2|Chansey, F|\n|poke|p2|Electabuzz|\n|poke|p2|Gyarados|\n|poke|p2|Articuno|\n|teampreview\n|\n|t:|1750132178\n|start\n|switch|p1a: Sparky|Jolteon, M|271/271\n|switch|p1b: Apollo|Primeape, M|271/271\n|switch|p2a: Stranger|Gengar|262/262\n|switch|p2b: Frank the Tank|Electabuzz|334/334\n|turn|1\n|\n|t:|1750132204\n|move|p2a: Stranger|Sludge Bomb|p1a: Sparky\n|-damage|p1a: Sparky|94/271\n|move|p1a: Sparky|Light Screen|p1a: Sparky\n|-sidestart|p1: mistermoscow|move: Light Screen\n|move|p2b: Frank the Tank|Light Screen|p2b: Frank the Tank\n|-sidestart|p2: je64|move: Light Screen\n|move|p1b: Apollo|Bulk Up|p1b: Apollo\n|-boost|p1b: Apollo|atk|1\n|-boost|p1b: Apollo|def|1\n|\n|upkeep\n|turn|2\n|\n|t:|1750132229\n|move|p2b: Frank the Tank|Follow Me|p2b: Frank the Tank\n|-singleturn|p2b: Frank the Tank|move: Follow Me\n|move|p2a: Stranger|Sludge Bomb|p1a: Sparky\n|debug|Light Screen weaken\n|-damage|p1a: Sparky|0 fnt\n|debug|move failed because it did nothing\n|faint|p1a: Sparky\n|move|p1b: Apollo|Bulk Up|p1b: Apollo\n|-boost|p1b: Apollo|atk|1\n|-boost|p1b: Apollo|def|1\n|\n|upkeep\n|\n|t:|1750132254\n|switch|p1a: Eggman|Exeggutor, M|332/332\n|turn|3\n|\n|t:|1750132272\n|move|p1a: Eggman|Protect|p1a: Eggman\n|-singleturn|p1a: Eggman|Protect\n|move|p2a: Stranger|Sludge Bomb|p1b: Apollo\n|debug|Light Screen weaken\n|-damage|p1b: Apollo|180/271\n|move|p2b: Frank the Tank|Volt Switch|p1a: Eggman\n|-activate|p1a: Eggman|move: Protect\n|move|p1b: Apollo|Rage Fist|p2a: Stranger\n|-supereffective|p2a: Stranger\n|-damage|p2a: Stranger|0 fnt\n|-start|p1b: Apollo|Disable|Rage Fist|[from] ability: Cursed Body|[of] p2a: Stranger\n|faint|p2a: Stranger\n|\n|upkeep\n|\n|t:|1750132307\n|switch|p2a: K.Dot|Kadabra|221/221\n|turn|4\n|\n|t:|1750132326\n|move|p2b: Frank the Tank|Follow Me|p2b: Frank the Tank\n|-singleturn|p2b: Frank the Tank|move: Follow Me\n|move|p2a: K.Dot|Psychic|p1b: Apollo\n|-supereffective|p1b: Apollo\n|debug|Light Screen weaken\n|-damage|p1b: Apollo|35/271\n|move|p1b: Apollo|Facade|p2b: Frank the Tank\n|debug|Follow Me redirected target of move\n|-damage|p2b: Frank the Tank|224/334\n|move|p1a: Eggman|Expanding Force|p2b: Frank the Tank\n|debug|Follow Me redirected target of move\n|debug|Light Screen weaken\n|-damage|p2b: Frank the Tank|119/334\n|-damage|p1a: Eggman|299/332|[from] item: Life Orb\n|\n|upkeep\n|turn|5\n|\n|t:|1750132372\n|switch|p1b: Clifford|Clefairy, M|282/282\n|move|p2a: K.Dot|Dazzling Gleam|p1b: Clifford|[spread] p1a,p1b\n|debug|Spread modifier: 0.75\n|debug|Friend Guard weaken\n|debug|Light Screen weaken\n|debug|Spread modifier: 0.75\n|debug|Light Screen weaken\n|-damage|p1a: Eggman|254/332\n|-damage|p1b: Clifford|252/282\n|move|p2b: Frank the Tank|Electroweb|p1a: Eggman|[spread] p1a,p1b\n|debug|Spread modifier: 0.75\n|-resisted|p1a: Eggman\n|debug|Friend Guard weaken\n|debug|Light Screen weaken\n|debug|Spread modifier: 0.75\n|debug|Light Screen weaken\n|-damage|p1a: Eggman|239/332\n|-damage|p1b: Clifford|229/282\n|-unboost|p1a: Eggman|spe|1\n|-unboost|p1b: Clifford|spe|1\n|move|p1a: Eggman|Psychic Terrain|p1a: Eggman\n|-fieldstart|move: Psychic Terrain\n|\n|-sideend|p2: je64|move: Light Screen\n|upkeep\n|turn|6\n|\n|t:|1750132396\n|move|p2a: K.Dot|Psychic|p1b: Clifford\n|debug|psychic terrain boost\n|debug|Light Screen weaken\n|-damage|p1b: Clifford|144/282\n|move|p2b: Frank the Tank|Light Screen|p2b: Frank the Tank\n|-sidestart|p2: je64|move: Light Screen\n|move|p1a: Eggman|Expanding Force|p2b: Frank the Tank|[spread] p2a,p2b\n|debug|psychic terrain boost\n|debug|terrain buff\n|debug|Spread modifier: 0.75\n|-resisted|p2a: K.Dot\n|debug|Light Screen weaken\n|debug|psychic terrain boost\n|debug|terrain buff\n|debug|Spread modifier: 0.75\n|debug|Light Screen weaken\n|-damage|p2a: K.Dot|86/221\n|-damage|p2b: Frank the Tank|0 fnt\n|faint|p2b: Frank the Tank\n|-damage|p1a: Eggman|206/332|[from] item: Life Orb\n|move|p1b: Clifford|Heal Pulse|p1a: Eggman\n|-heal|p1a: Eggman|332/332\n|\n|upkeep\n|\n|t:|1750132413\n|switch|p2b: Joys hot assistnt|Chansey, F|704/704\n|turn|7\n|\n|t:|1750132427\n|move|p2a: K.Dot|Protect|p2a: K.Dot\n|-singleturn|p2a: K.Dot|Protect\n|move|p1a: Eggman|Expanding Force|p2b: Joys hot assistnt|[spread] p2b\n|-activate|p2a: K.Dot|move: Protect\n|debug|psychic terrain boost\n|debug|terrain buff\n|debug|Spread modifier: 0.75\n|debug|Light Screen weaken\n|-damage|p2b: Joys hot assistnt|589/704\n|-damage|p1a: Eggman|299/332|[from] item: Life Orb\n|move|p2b: Joys hot assistnt|Thunder Wave|p1a: Eggman\n|-status|p1a: Eggman|par\n|move|p1b: Clifford|Seismic Toss|p2b: Joys hot assistnt\n|-damage|p2b: Joys hot assistnt|489/704\n|\n|upkeep\n|turn|8\n|\n|t:|1750132456\n|move|p1b: Clifford|Follow Me|p1b: Clifford\n|-singleturn|p1b: Clifford|move: Follow Me\n|move|p2a: K.Dot|Psychic|p1b: Clifford\n|debug|Follow Me redirected target of move\n|debug|psychic terrain boost\n|-crit|p1b: Clifford\n|-damage|p1b: Clifford|0 fnt\n|faint|p1b: Clifford\n|move|p2b: Joys hot assistnt|Thunder Wave|p1a: Eggman\n|-fail|p1a: Eggman|par\n|debug|move failed because it did nothing\n|move|p1a: Eggman|Expanding Force|p2a: K.Dot|[spread] p2a,p2b\n|debug|psychic terrain boost\n|debug|terrain buff\n|debug|Spread modifier: 0.75\n|-resisted|p2a: K.Dot\n|debug|Light Screen weaken\n|debug|psychic terrain boost\n|debug|terrain buff\n|debug|Spread modifier: 0.75\n|debug|Light Screen weaken\n|-damage|p2a: K.Dot|0 fnt\n|-damage|p2b: Joys hot assistnt|358/704\n|faint|p2a: K.Dot\n|-damage|p1a: Eggman|266/332 par|[from] item: Life Orb\n|\n|-sideend|p1: mistermoscow|move: Light Screen\n|upkeep\n|\n|t:|1750132481\n|switch|p2a: Articu-no-hit-me|Articuno|384/384\n|switch|p1b: Mimsy|Mr. Mime|284/284\n|turn|9\n|\n|t:|1750132504\n|move|p1b: Mimsy|Fake Out|p2a: Articu-no-hit-me\n|-hint|Psychic Terrain doesn't affect Pokémon immune to Ground.\n|-damage|p2a: Articu-no-hit-me|367/384\n|cant|p2a: Articu-no-hit-me|flinch\n|move|p2b: Joys hot assistnt|Soft-Boiled|p2b: Joys hot assistnt\n|-heal|p2b: Joys hot assistnt|704/704\n|move|p1a: Eggman|Expanding Force|p2b: Joys hot assistnt|[spread] p2a,p2b\n|debug|psychic terrain boost\n|debug|terrain buff\n|debug|Spread modifier: 0.75\n|debug|Light Screen weaken\n|debug|psychic terrain boost\n|debug|terrain buff\n|debug|Spread modifier: 0.75\n|debug|Light Screen weaken\n|-damage|p2a: Articu-no-hit-me|240/384\n|-damage|p2b: Joys hot assistnt|570/704\n|-damage|p1a: Eggman|233/332 par|[from] item: Life Orb\n|\n|-fieldend|move: Psychic Terrain\n|upkeep\n|turn|10\n|\n|t:|1750132527\n|move|p1b: Mimsy|Psychic Terrain|p1b: Mimsy\n|-fieldstart|move: Psychic Terrain\n|move|p2a: Articu-no-hit-me|Snowscape|p2a: Articu-no-hit-me\n|-weather|Snowscape\n|move|p2b: Joys hot assistnt|Thunder Wave|p1b: Mimsy\n|-status|p1b: Mimsy|par\n|move|p1a: Eggman|Expanding Force|p2b: Joys hot assistnt|[spread] p2a,p2b\n|debug|Snow Cloak - decreasing accuracy\n|debug|psychic terrain boost\n|debug|terrain buff\n|debug|Spread modifier: 0.75\n|debug|Light Screen weaken\n|debug|psychic terrain boost\n|debug|terrain buff\n|debug|Spread modifier: 0.75\n|debug|Light Screen weaken\n|-damage|p2a: Articu-no-hit-me|112/384\n|-damage|p2b: Joys hot assistnt|455/704\n|-damage|p1a: Eggman|200/332 par|[from] item: Life Orb\n|\n|-weather|Snowscape|[upkeep]\n|-sideend|p2: je64|move: Light Screen\n|upkeep\n|turn|11\n|\n|t:|1750132563\n|move|p2a: Articu-no-hit-me|Sheer Cold|p1b: Mimsy|[miss]\n|-miss|p2a: Articu-no-hit-me|p1b: Mimsy\n|move|p2b: Joys hot assistnt|Seismic Toss|p1a: Eggman\n|-damage|p1a: Eggman|100/332 par\n|move|p1b: Mimsy|Expanding Force|p2b: Joys hot assistnt|[spread] p2a,p2b\n|debug|Snow Cloak - decreasing accuracy\n|debug|psychic terrain boost\n|debug|terrain buff\n|debug|Spread modifier: 0.75\n|debug|psychic terrain boost\n|debug|terrain buff\n|debug|Spread modifier: 0.75\n|-damage|p2a: Articu-no-hit-me|36/384\n|-damage|p2b: Joys hot assistnt|362/704\n|cant|p1a: Eggman|par\n|\n|-weather|Snowscape|[upkeep]\n|upkeep\n|turn|12\n|\n|t:|1750132595\n|switch|p1b: Apollo|Primeape, M|35/271\n|move|p1a: Eggman|Protect|p1a: Eggman\n|-singleturn|p1a: Eggman|Protect\n|move|p2a: Articu-no-hit-me|Aurora Veil|p2a: Articu-no-hit-me\n|-sidestart|p2: je64|move: Aurora Veil\n|move|p2b: Joys hot assistnt|Seismic Toss|p1a: Eggman\n|-activate|p1a: Eggman|move: Protect\n|\n|-weather|Snowscape|[upkeep]\n|upkeep\n|turn|13\n|\n|t:|1750132627\n|switch|p2b: Gyaradance|Gyarados|332/332\n|move|p1b: Apollo|Drain Punch|p2b: Gyaradance\n|-resisted|p2b: Gyaradance\n|debug|Aurora Veil weaken\n|-damage|p2b: Gyaradance|282/332\n|-heal|p1b: Apollo|60/271|[from] drain|[of] p2b: Gyaradance\n|move|p2a: Articu-no-hit-me|Tailwind|p2a: Articu-no-hit-me\n|-sidestart|p2: je64|move: Tailwind\n|move|p1a: Eggman|Expanding Force|p2b: Gyaradance|[spread] p2a,p2b\n|debug|Snow Cloak - decreasing accuracy\n|debug|psychic terrain boost\n|debug|terrain buff\n|debug|Spread modifier: 0.75\n|debug|Aurora Veil weaken\n|debug|psychic terrain boost\n|debug|terrain buff\n|debug|Spread modifier: 0.75\n|debug|Aurora Veil weaken\n|-damage|p2a: Articu-no-hit-me|0 fnt\n|-damage|p2b: Gyaradance|74/332\n|faint|p2a: Articu-no-hit-me\n|-damage|p1a: Eggman|67/332 par|[from] item: Life Orb\n|\n|-weather|Snowscape|[upkeep]\n|upkeep\n|\n|t:|1750132641\n|switch|p2a: Joys hot assistnt|Chansey, F|362/704\n|turn|14\n|\n|t:|1750132664\n|switch|p1a: Mimsy|Mr. Mime|284/284 par\n|move|p2b: Gyaradance|Waterfall|p1b: Apollo\n|-damage|p1b: Apollo|0 fnt\n|faint|p1b: Apollo\n|-ability|p2b: Gyaradance|Moxie|boost\n|-boost|p2b: Gyaradance|atk|1\n|move|p2a: Joys hot assistnt|Seismic Toss|p1a: Mimsy\n|-damage|p1a: Mimsy|184/284 par\n|\n|-weather|none\n|-fieldend|move: Psychic Terrain\n|upkeep\n|\n|t:|1750132675\n|switch|p1b: Puff Daddy|Dragonite, M|324/324\n|turn|15\n|\n|t:|1750132691\n|move|p1b: Puff Daddy|Extreme Speed|p2b: Gyaradance\n|debug|Aurora Veil weaken\n|-damage|p2b: Gyaradance|0 fnt\n|faint|p2b: Gyaradance\n|move|p2a: Joys hot assistnt|Soft-Boiled|p2a: Joys hot assistnt\n|-heal|p2a: Joys hot assistnt|704/704\n|move|p1a: Mimsy|Psychic Terrain|p1a: Mimsy\n|-fieldstart|move: Psychic Terrain\n|\n|upkeep\n|turn|16\n|\n|t:|1750132702\n|move|p2a: Joys hot assistnt|Thunder Wave|p1b: Puff Daddy\n|-status|p1b: Puff Daddy|par\n|move|p1b: Puff Daddy|Dragon Dance|p1b: Puff Daddy\n|-boost|p1b: Puff Daddy|atk|1\n|-boost|p1b: Puff Daddy|spe|1\n|move|p1a: Mimsy|Expanding Force|p2a: Joys hot assistnt\n|debug|psychic terrain boost\n|debug|terrain buff\n|debug|Aurora Veil weaken\n|-damage|p2a: Joys hot assistnt|629/704\n|\n|-sideend|p2: je64|move: Tailwind\n|upkeep\n|turn|17\n|\n|t:|1750132715\n|move|p1b: Puff Daddy|Dragon Dance|p1b: Puff Daddy\n|-boost|p1b: Puff Daddy|atk|1\n|-boost|p1b: Puff Daddy|spe|1\n|move|p2a: Joys hot assistnt|Seismic Toss|p1b: Puff Daddy\n|-damage|p1b: Puff Daddy|224/324 par\n|cant|p1a: Mimsy|par\n|\n|upkeep\n|turn|18\n|\n|t:|1750132726\n|move|p1a: Mimsy|Follow Me|p1a: Mimsy\n|-singleturn|p1a: Mimsy|move: Follow Me\n|move|p1b: Puff Daddy|Dragon Dance|p1b: Puff Daddy\n|-boost|p1b: Puff Daddy|atk|1\n|-boost|p1b: Puff Daddy|spe|1\n|move|p2a: Joys hot assistnt|Seismic Toss|p1a: Mimsy\n|debug|Follow Me redirected target of move\n|-damage|p1a: Mimsy|84/284 par\n|\n|upkeep\n|turn|19\n|\n|t:|1750132735\n|cant|p1a: Mimsy|par\n|cant|p1b: Puff Daddy|par\n|move|p2a: Joys hot assistnt|Seismic Toss|p1b: Puff Daddy\n|-damage|p1b: Puff Daddy|124/324 par\n|\n|-sideend|p2: je64|move: Aurora Veil\n|-fieldend|move: Psychic Terrain\n|upkeep\n|turn|20\n|\n|t:|1750132749\n|move|p1a: Mimsy|Follow Me|p1a: Mimsy\n|-singleturn|p1a: Mimsy|move: Follow Me\n|move|p1b: Puff Daddy|Dragon Claw|p2a: Joys hot assistnt\n|-damage|p2a: Joys hot assistnt|103/704\n|move|p2a: Joys hot assistnt|Seismic Toss|p1a: Mimsy\n|debug|Follow Me redirected target of move\n|-damage|p1a: Mimsy|0 fnt\n|faint|p1a: Mimsy\n|\n|upkeep\n|\n|t:|1750132757\n|switch|p1a: Eggman|Exeggutor, M|67/332 par\n|turn|21\n|\n|t:|1750132763\n|cant|p1b: Puff Daddy|par\n|move|p2a: Joys hot assistnt|Seismic Toss|p1b: Puff Daddy\n|-damage|p1b: Puff Daddy|24/324 par\n|move|p1a: Eggman|Expanding Force|p2a: Joys hot assistnt\n|-damage|p2a: Joys hot assistnt|0 fnt\n|faint|p2a: Joys hot assistnt\n|-damage|p1a: Eggman|34/332 par|[from] item: Life Orb\n|\n|win|mistermoscow\n","uploadtime":1750132783,"views":"11","formatid":"gen9doublescustomgame","rating":null,"private":0,"password":null}