{"id":"gen9doublescustomgame-2257551779","format":"[Gen 9] Doubles Custom Game","players":["mistermoscow","je64"],"log":"|j|☆mistermoscow\n|j|☆je64\n|t:|1733439756\n|gametype|doubles\n|player|p1|mistermoscow|alder|\n|player|p2|je64|1|\n|teamsize|p1|6\n|teamsize|p2|6\n|gen|9\n|tier|[Gen 9] Doubles Custom Game\n|clearpoke\n|poke|p1|Nidoqueen, F|\n|poke|p1|Clefairy, M|\n|poke|p1|Victreebel, M|\n|poke|p1|Tentacruel, M|\n|poke|p1|Dodrio, F|\n|poke|p1|Snorlax, M|\n|poke|p2|Hitmonchan, M|\n|poke|p2|Rhydon, F|\n|poke|p2|Chansey, F|\n|poke|p2|Electabuzz, M|\n|poke|p2|Gyarados, F|\n|poke|p2|Articuno|\n|teampreview\n|\n|t:|1733439817\n|start\n|switch|p1a: Clifford|Clefairy, M|282/282\n|switch|p1b: Crude Dude|Tentacruel, M|302/302\n|switch|p2a: Hitmonchan|Hitmonchan, M|242/242\n|switch|p2b: Rhydon|Rhydon, F|351/351\n|turn|1\n|\n|t:|1733439865\n|switch|p2b: Chansey|Chansey, F|704/704\n|move|p2a: Hitmonchan|Fake Out|p1a: Clifford\n|-damage|p1a: Clifford|242/282\n|move|p1b: Crude Dude|Toxic Spikes|p2b: Chansey\n|-sidestart|p2: je64|move: Toxic Spikes\n|cant|p1a: Clifford|flinch\n|\n|upkeep\n|turn|2\n|\n|t:|1733439913\n|move|p2a: Hitmonchan|Thunder Punch|p1b: Crude Dude\n|debug|Punching Glove boost\n|debug|Iron Fist boost\n|-supereffective|p1b: Crude Dude\n|debug|Friend Guard weaken\n|-damage|p1b: Crude Dude|127/302\n|move|p1b: Crude Dude|Toxic Spikes|p2b: Chansey\n|-sidestart|p2: je64|move: Toxic Spikes\n|move|p2b: Chansey|Toxic|p1a: Clifford\n|-status|p1a: Clifford|tox\n|move|p1a: Clifford|Minimize|p1a: Clifford\n|-boost|p1a: Clifford|evasion|2\n|\n|-damage|p1a: Clifford|225/282 tox|[from] psn\n|upkeep\n|turn|3\n|\n|t:|1733439947\n|switch|p1b: Dodie|Dodrio, F|261/261\n|move|p2a: Hitmonchan|Thunder Punch|p1b: Dodie\n|debug|Punching Glove boost\n|debug|Iron Fist boost\n|-supereffective|p1b: Dodie\n|debug|Friend Guard weaken\n|-damage|p1b: Dodie|26/261\n|debug|Covert Cloak prevent secondary\n|move|p2b: Chansey|Seismic Toss|p1a: Clifford\n|-damage|p1a: Clifford|125/282 tox\n|move|p1a: Clifford|Cosmic Power|p1a: Clifford\n|-boost|p1a: Clifford|def|1\n|-boost|p1a: Clifford|spd|1\n|\n|-damage|p1a: Clifford|91/282 tox|[from] psn\n|upkeep\n|turn|4\n|\n|t:|1733439988\n|switch|p2a: Buzz Lightyear|Electabuzz, M|334/334\n|-status|p2a: Buzz Lightyear|tox\n|move|p1b: Dodie|Brave Bird|p2a: Buzz Lightyear\n|-resisted|p2a: Buzz Lightyear\n|-damage|p2a: Buzz Lightyear|223/334 tox\n|-damage|p1b: Dodie|0 fnt|[from] Recoil\n|faint|p1b: Dodie\n|move|p2b: Chansey|Seismic Toss|p1a: Clifford|[miss]\n|-miss|p2b: Chansey|p1a: Clifford\n|move|p1a: Clifford|Baton Pass|p1a: Clifford\n|\n|t:|1733440013\n|switch|p1a: Snax|Snorlax, M|461/461|[from] Baton Pass\n|\n|-damage|p2a: Buzz Lightyear|203/334 tox|[from] psn\n|upkeep\n|\n|t:|1733440033\n|switch|p1b: Victor|Victreebel, M|364/364\n|turn|5\n|\n|t:|1733440053\n|move|p2a: Buzz Lightyear|Taunt|p1a: Snax\n|-start|p1a: Snax|move: Taunt\n|move|p1b: Victor|Sleep Powder|p2b: Chansey\n|-status|p2b: Chansey|slp|[from] move: Sleep Powder\n|cant|p2b: Chansey|slp\n|move|p1a: Snax|Power-Up Punch|p2a: Buzz Lightyear\n|-damage|p2a: Buzz Lightyear|158/334 tox\n|-boost|p1a: Snax|atk|1\n|-enditem|p2a: Buzz Lightyear|Sitrus Berry|[eat]\n|-heal|p2a: Buzz Lightyear|241/334 tox|[from] item: Sitrus Berry\n|\n|-damage|p2a: Buzz Lightyear|201/334 tox|[from] psn\n|upkeep\n|turn|6\n|\n|t:|1733440106\n|switch|p2a: Hitmonchan|Hitmonchan, M|242/242\n|-status|p2a: Hitmonchan|tox\n|move|p1b: Victor|Power Whip|p2a: Hitmonchan\n|-damage|p2a: Hitmonchan|5/242 tox\n|-curestatus|p2b: Chansey|slp|[msg]\n|move|p2b: Chansey|Toxic|p1a: Snax\n|-immune|p1a: Snax|[from] ability: Immunity\n|debug|set status [tox] interrupted\n|debug|move failed because it did nothing\n|move|p1a: Snax|Power-Up Punch|p2b: Chansey\n|-supereffective|p2b: Chansey\n|-damage|p2b: Chansey|536/704\n|-boost|p1a: Snax|atk|1\n|\n|-damage|p2a: Hitmonchan|0 fnt|[from] psn\n|faint|p2a: Hitmonchan\n|upkeep\n|\n|t:|1733440135\n|switch|p2a: Gyarados|Gyarados, F|331/331\n|-ability|p2a: Gyarados|Intimidate|boost\n|-unboost|p1a: Snax|atk|1\n|-unboost|p1b: Victor|atk|1\n|turn|7\n|\n|t:|1733440163\n|move|p2a: Gyarados|Dragon Dance|p2a: Gyarados\n|-boost|p2a: Gyarados|atk|1\n|-boost|p2a: Gyarados|spe|1\n|move|p1b: Victor|Sleep Powder|p2b: Chansey\n|-status|p2b: Chansey|slp|[from] move: Sleep Powder\n|cant|p2b: Chansey|slp\n|move|p1a: Snax|Wild Charge|p2a: Gyarados\n|-supereffective|p2a: Gyarados\n|-damage|p2a: Gyarados|0 fnt\n|faint|p2a: Gyarados\n|-damage|p1a: Snax|378/461|[from] Recoil\n|\n|-heal|p1a: Snax|406/461|[from] item: Leftovers\n|-end|p1a: Snax|move: Taunt\n|upkeep\n|\n|t:|1733440183\n|switch|p2a: Articuno|Articuno|384/384\n|-ability|p2a: Articuno|Pressure\n|turn|8\n|\n|t:|1733440212\n|switch|p1b: Clifford|Clefairy, M|91/282 tox\n|move|p2a: Articuno|Freeze-Dry|p1b: Clifford\n|-damage|p1b: Clifford|19/282 tox\n|cant|p2b: Chansey|slp\n|move|p1a: Snax|Wild Charge|p2a: Articuno\n|-supereffective|p2a: Articuno\n|-damage|p2a: Articuno|80/384\n|-damage|p1a: Snax|330/461|[from] Recoil\n|\n|-heal|p2a: Articuno|104/384|[from] item: Leftovers\n|-heal|p1a: Snax|358/461|[from] item: Leftovers\n|-damage|p1b: Clifford|2/282 tox|[from] psn\n|upkeep\n|turn|9\n|\n|t:|1733440238\n|move|p2a: Articuno|Tailwind|p2a: Articuno\n|-sidestart|p2: je64|move: Tailwind\n|-curestatus|p2b: Chansey|slp|[msg]\n|move|p2b: Chansey|Seismic Toss|p1a: Snax\n|-damage|p1a: Snax|258/461\n|move|p1b: Clifford|Life Dew|p1b: Clifford|[spread] p1a,p1b\n|-heal|p1a: Snax|373/461\n|-heal|p1b: Clifford|73/282 tox\n|move|p1a: Snax|Power-Up Punch|p2b: Chansey\n|-supereffective|p2b: Chansey\n|-damage|p2b: Chansey|360/704\n|-boost|p1a: Snax|atk|1\n|\n|-heal|p2a: Articuno|128/384|[from] item: Leftovers\n|-heal|p1a: Snax|401/461|[from] item: Leftovers\n|-damage|p1b: Clifford|39/282 tox|[from] psn\n|upkeep\n|turn|10\n|\n|t:|1733440278\n|move|p2a: Articuno|Freeze-Dry|p1b: Clifford\n|-damage|p1b: Clifford|0 fnt\n|faint|p1b: Clifford\n|move|p2b: Chansey|Soft-Boiled|p2b: Chansey\n|-heal|p2b: Chansey|704/704\n|move|p1a: Snax|Darkest Lariat|p2a: Articuno\n|debug|Negating (sp)def boost/penalty.\n|-damage|p2a: Articuno|0 fnt\n|faint|p2a: Articuno\n|\n|-heal|p1a: Snax|429/461|[from] item: Leftovers\n|upkeep\n|\n|t:|1733440297\n|switch|p2a: Rhydon|Rhydon, F|351/351\n|switch|p1b: Crude Dude|Tentacruel, M|127/302\n|-status|p2a: Rhydon|tox\n|turn|11\n|\n|t:|1733440318\n|move|p2a: Rhydon|Rock Slide|p1b: Crude Dude|[spread] p1a\n|-miss|p2a: Rhydon|p1b: Crude Dude\n|debug|Spread modifier: 0.75\n|-damage|p1a: Snax|334/461\n|-damage|p2a: Rhydon|316/351 tox|[from] item: Life Orb\n|move|p2b: Chansey|Seismic Toss|p1a: Snax|[miss]\n|-miss|p2b: Chansey|p1a: Snax\n|move|p1b: Crude Dude|Venom Drench|p2b: Chansey|[spread] p2a,p2b\n|-unboost|p2a: Rhydon|atk|1\n|-unboost|p2a: Rhydon|spa|1\n|-unboost|p2a: Rhydon|spe|1\n|cant|p1a: Snax|flinch\n|\n|-heal|p1a: Snax|362/461|[from] item: Leftovers\n|-damage|p2a: Rhydon|295/351 tox|[from] psn\n|upkeep\n|turn|12\n|\n|t:|1733440346\n|switch|p2a: Buzz Lightyear|Electabuzz, M|201/334 tox\n|move|p2b: Chansey|Seismic Toss|p1a: Snax|[miss]\n|-miss|p2b: Chansey|p1a: Snax\n|move|p1b: Crude Dude|Venom Drench|p2b: Chansey|[spread] p2a,p2b\n|-unboost|p2a: Buzz Lightyear|atk|1\n|-unboost|p2a: Buzz Lightyear|spa|1\n|-unboost|p2a: Buzz Lightyear|spe|1\n|move|p1a: Snax|Power-Up Punch|p2b: Chansey\n|-supereffective|p2b: Chansey\n|-damage|p2b: Chansey|490/704\n|-boost|p1a: Snax|atk|1\n|\n|-heal|p1a: Snax|390/461|[from] item: Leftovers\n|-damage|p2a: Buzz Lightyear|181/334 tox|[from] psn\n|-sideend|p2: je64|move: Tailwind\n|upkeep\n|turn|13\n|\n|t:|1733440377\n|move|p2a: Buzz Lightyear|Follow Me|p2a: Buzz Lightyear\n|-singleturn|p2a: Buzz Lightyear|move: Follow Me\n|move|p1b: Crude Dude|Venoshock|p2a: Buzz Lightyear\n|debug|Follow Me redirected target of move\n|-damage|p2a: Buzz Lightyear|0 fnt\n|faint|p2a: Buzz Lightyear\n|move|p2b: Chansey|Seismic Toss|p1a: Snax\n|-damage|p1a: Snax|290/461\n|move|p1a: Snax|Power-Up Punch|p2b: Chansey\n|-supereffective|p2b: Chansey\n|-damage|p2b: Chansey|186/704\n|-boost|p1a: Snax|atk|1\n|\n|-heal|p1a: Snax|318/461|[from] item: Leftovers\n|upkeep\n|\n|t:|1733440389\n|switch|p2a: Rhydon|Rhydon, F|295/351 tox\n|turn|14\n|\n|t:|1733440410\n|move|p1b: Crude Dude|Scald|p2a: Rhydon\n|-supereffective|p2a: Rhydon\n|-damage|p2a: Rhydon|0 fnt\n|debug|move failed because it did nothing\n|faint|p2a: Rhydon\n|move|p2b: Chansey|Soft-Boiled|p2b: Chansey\n|-heal|p2b: Chansey|538/704\n|move|p1a: Snax|Power-Up Punch|p2b: Chansey\n|-supereffective|p2b: Chansey\n|-damage|p2b: Chansey|226/704\n|-boost|p1a: Snax|atk|1\n|\n|-heal|p1a: Snax|346/461|[from] item: Leftovers\n|upkeep\n|turn|15\n|\n|t:|1733440427\n|move|p1b: Crude Dude|Scald|p2b: Chansey\n|-damage|p2b: Chansey|147/704\n|move|p2b: Chansey|Seismic Toss|p1a: Snax\n|-damage|p1a: Snax|246/461\n|move|p1a: Snax|Power-Up Punch|p2b: Chansey\n|-supereffective|p2b: Chansey\n|-crit|p2b: Chansey\n|-damage|p2b: Chansey|0 fnt\n|-boost|p1a: Snax|atk|1\n|faint|p2b: Chansey\n|\n|win|mistermoscow\n","uploadtime":1733440438,"views":"26","formatid":"gen9doublescustomgame","rating":null,"private":0,"password":null}