{"id":"gen9doublescustomgame-2017872021","format":"[Gen 9] Doubles Custom Game","players":["Weedichu","smokeydabearrr"],"log":"|j|☆Weedichu\n|j|☆smokeydabearrr\n|t:|1703286592\n|gametype|doubles\n|player|p1|Weedichu|ghetsis-gen5bw|\n|player|p2|smokeydabearrr|101|\n|teamsize|p1|6\n|teamsize|p2|6\n|gen|9\n|tier|[Gen 9] Doubles Custom Game\n|clearpoke\n|poke|p1|Annihilape, M|\n|poke|p1|Oranguru, F|\n|poke|p1|Diancie|\n|poke|p1|Melmetal|\n|poke|p1|Moltres-Galar|\n|poke|p1|Garganacl, M|\n|poke|p2|Maushold|\n|poke|p2|Dudunsparce-*, M|\n|poke|p2|Heatran, M|\n|poke|p2|Arcanine, M|\n|poke|p2|Gastrodon-East, F|\n|poke|p2|Flamigo, F|\n|teampreview\n|j| mattmandaman\n|j| je64\n|\n|t:|1703286643\n|start\n|switch|p1a: Diancie|Diancie|303/303\n|switch|p1b: Garganacl|Garganacl, M|404/404\n|switch|p2a: Stuart Littles Fam|Maushold|352/352\n|switch|p2b: Cowboy|Arcanine, M|384/384\n|turn|1\n|\n|t:|1703286666\n|-terastallize|p2b: Cowboy|Normal\n|move|p2a: Stuart Littles Fam|Beat Up|p2b: Cowboy\n|debug|BP for Maushold hit: 12\n|debug|Friend Guard weaken\n|-damage|p2b: Cowboy|379/384\n|-ability|p2b: Cowboy|Justified|boost\n|-boost|p2b: Cowboy|atk|1\n|debug|BP for Arcanine hit: 16\n|debug|Friend Guard weaken\n|-damage|p2b: Cowboy|372/384\n|-ability|p2b: Cowboy|Justified|boost\n|-boost|p2b: Cowboy|atk|1\n|debug|BP for Heatran hit: 14\n|debug|Friend Guard weaken\n|-damage|p2b: Cowboy|365/384\n|-ability|p2b: Cowboy|Justified|boost\n|-boost|p2b: Cowboy|atk|1\n|debug|BP for Dudunsparce hit: 15\n|debug|Friend Guard weaken\n|-damage|p2b: Cowboy|357/384\n|-ability|p2b: Cowboy|Justified|boost\n|-boost|p2b: Cowboy|atk|1\n|debug|BP for Gastrodon-East hit: 13\n|debug|Friend Guard weaken\n|-damage|p2b: Cowboy|351/384\n|-ability|p2b: Cowboy|Justified|boost\n|-boost|p2b: Cowboy|atk|1\n|debug|BP for Flamigo hit: 16\n|debug|Friend Guard weaken\n|-damage|p2b: Cowboy|344/384\n|-ability|p2b: Cowboy|Justified|boost\n|-boost|p2b: Cowboy|atk|1\n|-hitcount|p2b: Cowboy|6\n|move|p2b: Cowboy|Iron Head|p1a: Diancie\n|-supereffective|p1a: Diancie\n|-damage|p1a: Diancie|0 fnt\n|debug|move failed because it did nothing\n|faint|p1a: Diancie\n|move|p1b: Garganacl|Salt Cure|p2b: Cowboy\n|debug|Friend Guard weaken\n|-damage|p2b: Cowboy|304/384\n|-start|p2b: Cowboy|Salt Cure\n|\n|-damage|p2b: Cowboy|256/384|[from] Salt Cure\n|upkeep\n|\n|t:|1703286696\n|switch|p1a: Moltres|Moltres-Galar|321/321\n|turn|2\n|\n|t:|1703286735\n|move|p2a: Stuart Littles Fam|Follow Me|p2a: Stuart Littles Fam\n|-singleturn|p2a: Stuart Littles Fam|move: Follow Me\n|move|p2b: Cowboy|Extreme Speed|p1b: Garganacl\n|-resisted|p1b: Garganacl\n|-damage|p1b: Garganacl|218/404\n|move|p1a: Moltres|Fiery Wrath|p2a: Stuart Littles Fam|[spread] p2a,p2b\n|debug|Spread modifier: 0.75\n|debug|Spread modifier: 0.75\n|debug|Friend Guard weaken\n|-damage|p2a: Stuart Littles Fam|219/352\n|-damage|p2b: Cowboy|195/384\n|move|p1b: Garganacl|Iron Defense|p1b: Garganacl\n|-boost|p1b: Garganacl|def|2\n|\n|-damage|p2b: Cowboy|147/384|[from] Salt Cure\n|upkeep\n|turn|3\n|\n|t:|1703286779\n|-terastallize|p1a: Moltres|Dark\n|move|p2a: Stuart Littles Fam|Super Fang|p1a: Moltres\n|-damage|p1a: Moltres|161/321\n|move|p1a: Moltres|Fiery Wrath|p2a: Stuart Littles Fam|[spread] p2a,p2b\n|debug|Spread modifier: 0.75\n|debug|Spread modifier: 0.75\n|debug|Friend Guard weaken\n|-damage|p2a: Stuart Littles Fam|37/352\n|-damage|p2b: Cowboy|74/384\n|move|p2b: Cowboy|Iron Head|p1b: Garganacl\n|-supereffective|p1b: Garganacl\n|-damage|p1b: Garganacl|0 fnt\n|faint|p1b: Garganacl\n|\n|-damage|p2b: Cowboy|26/384|[from] Salt Cure\n|upkeep\n|\n|t:|1703286827\n|switch|p1b: Oranguru|Oranguru, F|384/384\n|turn|4\n|\n|t:|1703286867\n|switch|p2a: Pinky|Flamigo, F|305/305\n|-copyboost|p2a: Pinky|p2b: Cowboy|[from] ability: Costar\n|move|p1a: Moltres|Fiery Wrath|p2a: Pinky|[spread] p2a,p2b\n|debug|Spread modifier: 0.75\n|-resisted|p2a: Pinky\n|debug|Spread modifier: 0.75\n|-damage|p2a: Pinky|206/305\n|-damage|p2b: Cowboy|0 fnt\n|faint|p2b: Cowboy\n|move|p1b: Oranguru|Trick Room|p1b: Oranguru\n|-fieldstart|move: Trick Room|[of] p1b: Oranguru\n|\n|upkeep\n|\n|t:|1703286879\n|switch|p2b: Dun Dun DUNNN|Dudunsparce, M|449/449\n|turn|5\n|\n|t:|1703286907\n|switch|p1b: Melmetal|Melmetal|474/474\n|switch|p1a: Annihilape|Annihilape, M|424/424\n|debug|doubling secondary chance\n|move|p2b: Dun Dun DUNNN|Rock Slide|p1a: Annihilape|[spread] p1a,p1b\n|debug|Spread modifier: 0.75\n|-resisted|p1a: Annihilape\n|debug|Spread modifier: 0.75\n|-resisted|p1b: Melmetal\n|-damage|p1a: Annihilape|396/424\n|-damage|p1b: Melmetal|455/474\n|move|p2a: Pinky|Close Combat|p1b: Melmetal\n|-supereffective|p1b: Melmetal\n|-damage|p1b: Melmetal|0 fnt\n|-unboost|p2a: Pinky|def|1\n|-unboost|p2a: Pinky|spd|1\n|faint|p1b: Melmetal\n|\n|upkeep\n|\n|t:|1703286927\n|switch|p1b: Oranguru|Oranguru, F|384/384\n|turn|6\n|\n|t:|1703286971\n|debug|doubling secondary chance\n|move|p2b: Dun Dun DUNNN|Rock Slide|p1a: Annihilape|[spread] p1a,p1b\n|debug|Spread modifier: 0.75\n|-resisted|p1a: Annihilape\n|debug|Spread modifier: 0.75\n|-damage|p1a: Annihilape|366/424\n|-damage|p1b: Oranguru|341/384\n|cant|p1a: Annihilape|flinch\n|move|p1b: Oranguru|Instruct||[still]\n|-fail|p1b: Oranguru\n|debug|move failed because it did nothing\n|move|p2a: Pinky|Close Combat|p1b: Oranguru\n|-damage|p1b: Oranguru|0 fnt\n|-unboost|p2a: Pinky|def|1\n|-unboost|p2a: Pinky|spd|1\n|faint|p1b: Oranguru\n|\n|upkeep\n|\n|t:|1703286981\n|switch|p1b: Moltres|Moltres-Galar, tera:Dark|161/321\n|turn|7\n|\n|t:|1703287008\n|move|p2a: Pinky|Protect|p2a: Pinky\n|-singleturn|p2a: Pinky|Protect\n|debug|doubling secondary chance\n|move|p2b: Dun Dun DUNNN|Rock Slide|p1a: Annihilape|[spread] p1a,p1b\n|debug|Spread modifier: 0.75\n|-resisted|p1a: Annihilape\n|-crit|p1a: Annihilape\n|debug|Spread modifier: 0.75\n|-damage|p1a: Annihilape|319/424\n|-damage|p1b: Moltres|103/321\n|-ability|p1b: Moltres|Berserk|boost\n|-boost|p1b: Moltres|spa|1\n|cant|p1a: Annihilape|flinch\n|cant|p1b: Moltres|flinch\n|\n|upkeep\n|turn|8\n|\n|t:|1703287054\n|debug|doubling secondary chance\n|move|p2b: Dun Dun DUNNN|Rock Slide|p1a: Annihilape|[spread] p1a,p1b\n|debug|Spread modifier: 0.75\n|-resisted|p1a: Annihilape\n|debug|Spread modifier: 0.75\n|-damage|p1a: Annihilape|290/424\n|-damage|p1b: Moltres|48/321\n|move|p1a: Annihilape|Rage Fist|p2a: Pinky\n|-damage|p2a: Pinky|0 fnt\n|faint|p2a: Pinky\n|cant|p1b: Moltres|flinch\n|\n|-fieldend|move: Trick Room\n|upkeep\n|\n|t:|1703287073\n|switch|p2a: Heatet Pan|Heatran, M|386/386\n|-item|p2a: Heatet Pan|Air Balloon\n|turn|9\n|\n|t:|1703287096\n|move|p1b: Moltres|Fiery Wrath|p2a: Heatet Pan|[spread] p2a,p2b\n|debug|Spread modifier: 0.75\n|debug|Spread modifier: 0.75\n|-damage|p2a: Heatet Pan|176/386\n|-damage|p2b: Dun Dun DUNNN|199/449\n|-enditem|p2a: Heatet Pan|Air Balloon\n|move|p1a: Annihilape|Rage Fist|p2a: Heatet Pan\n|-damage|p2a: Heatet Pan|0 fnt\n|-status|p1a: Annihilape|brn|[from] ability: Flame Body|[of] p2a: Heatet Pan\n|faint|p2a: Heatet Pan\n|cant|p2b: Dun Dun DUNNN|flinch\n|\n|-damage|p1a: Annihilape|264/424 brn|[from] brn\n|upkeep\n|\n|t:|1703287123\n|switch|p2a: Stuart Littles Fam|Maushold|37/352\n|turn|10\n|\n|t:|1703287154\n|move|p2b: Dun Dun DUNNN|Protect|p2b: Dun Dun DUNNN\n|-singleturn|p2b: Dun Dun DUNNN|Protect\n|move|p2a: Stuart Littles Fam|U-turn|p1b: Moltres\n|-supereffective|p1b: Moltres\n|-damage|p1b: Moltres|0 fnt\n|faint|p1b: Moltres\n|debug|AfterMoveSecondary handler suppressed by Gastro Acid or Neutralizing Gas\n|\n|t:|1703287161\n|switch|p2a: Gastrodomous|Gastrodon-East, F|426/426|[from] U-turn\n|move|p1a: Annihilape|Drain Punch|p2b: Dun Dun DUNNN\n|-activate|p2b: Dun Dun DUNNN|move: Protect\n|\n|-damage|p1a: Annihilape|238/424 brn|[from] brn\n|upkeep\n|turn|11\n|\n|t:|1703287210\n|move|p1a: Annihilape|Rage Fist|p2a: Gastrodomous\n|-damage|p2a: Gastrodomous|100/426\n|debug|doubling secondary chance\n|move|p2b: Dun Dun DUNNN|Poison Jab|p1a: Annihilape\n|-resisted|p1a: Annihilape\n|-damage|p1a: Annihilape|200/424 brn\n|debug|move failed because it did nothing\n|move|p2a: Gastrodomous|Ice Beam|p1a: Annihilape\n|-damage|p1a: Annihilape|116/424 brn\n|\n|-heal|p2a: Gastrodomous|126/426|[from] item: Leftovers\n|-damage|p1a: Annihilape|90/424 brn|[from] brn\n|upkeep\n|-enditem|p1a: Annihilape|Figy Berry|[eat]\n|-heal|p1a: Annihilape|231/424 brn|[from] item: Figy Berry\n|turn|12\n|\n|t:|1703287253\n|switch|p2b: Stuart Littles Fam|Maushold|37/352\n|move|p2a: Gastrodomous|Protect|p2a: Gastrodomous\n|-singleturn|p2a: Gastrodomous|Protect\n|move|p1a: Annihilape|Drain Punch|p2a: Gastrodomous\n|-activate|p2a: Gastrodomous|move: Protect\n|\n|-heal|p2a: Gastrodomous|152/426|[from] item: Leftovers\n|-damage|p1a: Annihilape|205/424 brn|[from] brn\n|upkeep\n|turn|13\n|\n|t:|1703287312\n|move|p2b: Stuart Littles Fam|Follow Me|p2b: Stuart Littles Fam\n|-singleturn|p2b: Stuart Littles Fam|move: Follow Me\n|move|p1a: Annihilape|Drain Punch|p2b: Stuart Littles Fam\n|debug|Follow Me redirected target of move\n|-supereffective|p2b: Stuart Littles Fam\n|-damage|p2b: Stuart Littles Fam|0 fnt\n|-heal|p1a: Annihilape|224/424 brn|[from] drain|[of] p2b: Stuart Littles Fam\n|faint|p2b: Stuart Littles Fam\n|move|p2a: Gastrodomous|Muddy Water|p1a: Annihilape\n|-damage|p1a: Annihilape|97/424 brn\n|\n|-heal|p2a: Gastrodomous|178/426|[from] item: Leftovers\n|-damage|p1a: Annihilape|71/424 brn|[from] brn\n|upkeep\n|\n|t:|1703287323\n|switch|p2b: Dun Dun DUNNN|Dudunsparce, M|199/449\n|turn|14\n|\n|t:|1703287337\n|move|p1a: Annihilape|Rage Fist|p2a: Gastrodomous\n|-damage|p2a: Gastrodomous|0 fnt\n|faint|p2a: Gastrodomous\n|debug|doubling secondary chance\n|move|p2b: Dun Dun DUNNN|Poison Jab|p1a: Annihilape\n|-resisted|p1a: Annihilape\n|-crit|p1a: Annihilape\n|-damage|p1a: Annihilape|5/424 brn\n|\n|-damage|p1a: Annihilape|0 fnt|[from] brn\n|faint|p1a: Annihilape\n|\n|win|smokeydabearrr\n|upkeep\n|l|☆Weedichu\n","uploadtime":1703287352,"views":"42","formatid":"gen9doublescustomgame","rating":null,"private":0,"password":null}