{"id":"gen9doublescustomgame-2343706368","format":"[Gen 9] Doubles Custom Game","players":["mistermoscow","Mattmandaman"],"log":"|j|☆mistermoscow\n|j|☆Mattmandaman\n|t:|1744765197\n|gametype|doubles\n|player|p1|mistermoscow|alder|\n|player|p2|Mattmandaman|giovanni|\n|teamsize|p1|6\n|teamsize|p2|6\n|gen|9\n|tier|[Gen 9] Doubles Custom Game\n|clearpoke\n|poke|p1|Nidoking, M|\n|poke|p1|Dragonite, M|\n|poke|p1|Dewgong, M|\n|poke|p1|Exeggutor, M|\n|poke|p1|Mr. Mime, M|\n|poke|p1|Jolteon, M|\n|poke|p2|Slowpoke, F|\n|poke|p2|Dodrio, M|\n|poke|p2|Nidoking, M|\n|poke|p2|Starmie|\n|poke|p2|Electrode|\n|poke|p2|Gengar, M|\n|teampreview\n|\n|t:|1744765241\n|start\n|switch|p1a: Sparky|Jolteon, M|271/271\n|switch|p1b: Dewey|Dewgong, M|384/384\n|switch|p2a: Dodrio|Dodrio, M|262/262\n|switch|p2b: Gengar|Gengar, M|262/262\n|turn|1\n|\n|t:|1744765269\n|move|p1a: Sparky|Electroweb|p2b: Gengar|[spread] p2a,p2b\n|debug|Spread modifier: 0.75\n|-supereffective|p2a: Dodrio\n|debug|Spread modifier: 0.75\n|-damage|p2a: Dodrio|80/262\n|-damage|p2b: Gengar|174/262\n|-unboost|p2a: Dodrio|spe|1\n|-unboost|p2b: Gengar|spe|1\n|-start|p1a: Sparky|Disable|Electroweb|[from] ability: Cursed Body|[of] p2b: Gengar\n|move|p2b: Gengar|Will-O-Wisp|p1b: Dewey\n|-status|p1b: Dewey|brn\n|move|p2a: Dodrio|Tailwind|p2a: Dodrio\n|-sidestart|p2: Mattmandaman|move: Tailwind\n|move|p1b: Dewey|Knock Off|p2b: Gengar\n|-supereffective|p2b: Gengar\n|-damage|p2b: Gengar|57/262\n|-enditem|p2b: Gengar|Expert Belt|[from] move: Knock Off|[of] p1b: Dewey\n|\n|-damage|p1b: Dewey|360/384 brn|[from] brn\n|upkeep\n|turn|2\n|\n|t:|1744765325\n|switch|p2b: Electrode|Electrode|289/289\n|switch|p2a: Nidoking|Nidoking, M|304/304\n|move|p1a: Sparky|Reflect|p1a: Sparky\n|-sidestart|p1: mistermoscow|Reflect\n|move|p1b: Dewey|Triple Axel|p2a: Nidoking\n|-supereffective|p2a: Nidoking\n|-damage|p2a: Nidoking|270/304\n|-supereffective|p2a: Nidoking\n|-damage|p2a: Nidoking|201/304\n|-supereffective|p2a: Nidoking\n|-damage|p2a: Nidoking|96/304\n|-hitcount|p2a: Nidoking|3\n|\n|-damage|p1b: Dewey|336/384 brn|[from] brn\n|upkeep\n|turn|3\n|\n|t:|1744765346\n|switch|p1b: Puff Daddy|Dragonite, M|355/355\n|move|p2b: Electrode|Metal Sound|p1b: Puff Daddy\n|-unboost|p1b: Puff Daddy|spd|2\n|move|p2a: Nidoking|Sludge Wave|p1a: Sparky|[spread] p2b,p1a,p1b\n|debug|Spread modifier: 0.75\n|debug|Spread modifier: 0.75\n|debug|Spread modifier: 0.75\n|-crit|p1b: Puff Daddy\n|debug|Multiscale weaken\n|-damage|p2b: Electrode|129/289\n|-damage|p1a: Sparky|124/271\n|-damage|p1b: Puff Daddy|148/355\n|move|p1a: Sparky|Light Screen|p1a: Sparky\n|-sidestart|p1: mistermoscow|move: Light Screen\n|\n|upkeep\n|turn|4\n|\n|t:|1744765385\n|switch|p2a: Slowpoke|Slowpoke, F|384/384\n|move|p1b: Puff Daddy|Extreme Speed|p2b: Electrode\n|-damage|p2b: Electrode|0 fnt\n|-status|p1b: Puff Daddy|par|[from] ability: Static|[of] p2b: Electrode\n|faint|p2b: Electrode\n|move|p1a: Sparky|Shadow Ball|p2a: Slowpoke\n|-supereffective|p2a: Slowpoke\n|-damage|p2a: Slowpoke|142/384\n|\n|-end|p1a: Sparky|Disable\n|-sideend|p2: Mattmandaman|move: Tailwind\n|upkeep\n|\n|t:|1744765406\n|switch|p2b: Nidoking|Nidoking, M|96/304\n|turn|5\n|\n|t:|1744765423\n|move|p2b: Nidoking|Earth Power|p1a: Sparky\n|-supereffective|p1a: Sparky\n|debug|Light Screen weaken\n|-damage|p1a: Sparky|0 fnt\n|faint|p1a: Sparky\n|move|p1b: Puff Daddy|Scale Shot|p2b: Nidoking|[miss]\n|-miss|p1b: Puff Daddy|p2b: Nidoking\n|move|p2a: Slowpoke|Psychic Terrain|p2a: Slowpoke\n|-fieldstart|move: Psychic Terrain\n|\n|upkeep\n|c|☆mistermoscow|sick!\n|\n|t:|1744765443\n|switch|p1a: Eggman|Exeggutor, M|394/394\n|turn|6\n|\n|t:|1744765476\n|switch|p1b: Dewey|Dewgong, M|336/384 brn\n|move|p2b: Nidoking|Earth Power|p1a: Eggman\n|-resisted|p1a: Eggman\n|debug|Light Screen weaken\n|-damage|p1a: Eggman|316/394\n|move|p1a: Eggman|Expanding Force|p2a: Slowpoke|[spread] p2a,p2b\n|debug|psychic terrain boost\n|debug|terrain buff\n|debug|Spread modifier: 0.75\n|-resisted|p2a: Slowpoke\n|debug|psychic terrain boost\n|debug|terrain buff\n|debug|Spread modifier: 0.75\n|-supereffective|p2b: Nidoking\n|-crit|p2b: Nidoking\n|-damage|p2a: Slowpoke|0 fnt\n|-damage|p2b: Nidoking|0 fnt\n|faint|p2a: Slowpoke\n|faint|p2b: Nidoking\n|-damage|p1a: Eggman|277/394|[from] item: Life Orb\n|\n|-damage|p1b: Dewey|312/384 brn|[from] brn\n|upkeep\n|\n|t:|1744765481\n|switch|p2b: Gengar|Gengar, M|57/262\n|switch|p2a: Starmie|Starmie|262/262\n|turn|7\n|\n|t:|1744765498\n|move|p1a: Eggman|Protect|p1a: Eggman\n|-singleturn|p1a: Eggman|Protect\n|move|p2a: Starmie|Expanding Force|p1a: Eggman|[spread] p1b\n|-activate|p1a: Eggman|move: Protect\n|debug|psychic terrain boost\n|debug|terrain buff\n|debug|Spread modifier: 0.75\n|debug|Light Screen weaken\n|-damage|p1b: Dewey|117/384 brn\n|move|p2b: Gengar|Psychic|p1b: Dewey\n|debug|psychic terrain boost\n|debug|Light Screen weaken\n|-damage|p1b: Dewey|25/384 brn\n|debug|Covert Cloak prevent secondary\n|move|p1b: Dewey|Flip Turn|p2b: Gengar\n|-damage|p2b: Gengar|0 fnt\n|faint|p2b: Gengar\n|\n|t:|1744765509\n|switch|p1b: Mimsy|Mr. Mime, M|221/221|[from] Flip Turn\n|\n|upkeep\n|\n|t:|1744765512\n|switch|p2b: Dodrio|Dodrio, M|80/262\n|turn|8\n|\n|t:|1744765523\n|move|p1b: Mimsy|Follow Me|p1b: Mimsy\n|-singleturn|p1b: Mimsy|move: Follow Me\n|move|p2a: Starmie|Expanding Force|p1a: Eggman|[spread] p1a,p1b\n|debug|psychic terrain boost\n|debug|terrain buff\n|debug|Spread modifier: 0.75\n|-resisted|p1a: Eggman\n|debug|Light Screen weaken\n|debug|psychic terrain boost\n|debug|terrain buff\n|debug|Spread modifier: 0.75\n|-resisted|p1b: Mimsy\n|debug|Light Screen weaken\n|-damage|p1a: Eggman|163/394\n|-damage|p1b: Mimsy|144/221\n|move|p2b: Dodrio|Endeavor|p1b: Mimsy\n|debug|Follow Me redirected target of move\n|-damage|p1b: Mimsy|80/221\n|move|p1a: Eggman|Giga Drain|p2a: Starmie\n|-supereffective|p2a: Starmie\n|-damage|p2a: Starmie|0 fnt\n|-heal|p1a: Eggman|294/394|[from] drain|[of] p2a: Starmie\n|faint|p2a: Starmie\n|-damage|p1a: Eggman|255/394|[from] item: Life Orb\n|\n|upkeep\n|turn|9\n|\n|t:|1744765540\n|move|p1b: Mimsy|Follow Me|p1b: Mimsy\n|-singleturn|p1b: Mimsy|move: Follow Me\n|move|p2b: Dodrio|Drill Peck|p1b: Mimsy\n|debug|Follow Me redirected target of move\n|debug|Reflect weaken\n|-damage|p1b: Mimsy|0 fnt\n|faint|p1b: Mimsy\n|move|p1a: Eggman|Expanding Force|p2b: Dodrio\n|debug|psychic terrain boost\n|debug|terrain buff\n|-damage|p2b: Dodrio|0 fnt\n|faint|p2b: Dodrio\n|-damage|p1a: Eggman|216/394|[from] item: Life Orb\n|\n|win|mistermoscow\n|c|☆mistermoscow|yay!\n","uploadtime":1744765549,"views":"12","formatid":"gen9doublescustomgame","rating":null,"private":0,"password":null}