{"id":"gen9doublescustomgame-2298357077","format":"[Gen 9] Doubles Custom Game","players":["mistermoscow","je64"],"log":"|j|☆mistermoscow\n|j|☆je64\n|t:|1739235490\n|gametype|doubles\n|player|p1|mistermoscow|alder|\n|player|p2|je64|266|\n|teamsize|p1|6\n|teamsize|p2|6\n|gen|9\n|tier|[Gen 9] Doubles Custom Game\n|clearpoke\n|poke|p1|Primeape, M|\n|poke|p1|Dewgong, M|\n|poke|p1|Exeggutor, M|\n|poke|p1|Mr. Mime, F|\n|poke|p1|Jolteon, M|\n|poke|p1|Dragonite, M|\n|poke|p2|Dugtrio, M|\n|poke|p2|Venomoth, M|\n|poke|p2|Dewgong, M|\n|poke|p2|Electabuzz, F|\n|poke|p2|Growlithe, F|\n|poke|p2|Gyarados, F|\n|teampreview\n|\n|t:|1739235716\n|start\n|switch|p1a: Dewey|Dewgong, M|353/353\n|switch|p1b: Sparky|Jolteon, M|271/271\n|switch|p2a: Migos|Dugtrio, M|212/212\n|switch|p2b: Francis|Growlithe, F|314/314\n|-ability|p2b: Francis|Intimidate|boost\n|-unboost|p1a: Dewey|atk|1\n|-unboost|p1b: Sparky|atk|1\n|turn|1\n|\n|t:|1739235763\n|move|p2a: Migos|Protect|p2a: Migos\n|-singleturn|p2a: Migos|Protect\n|move|p1b: Sparky|Thunderbolt|p2b: Francis\n|-damage|p2b: Francis|200/314\n|move|p1a: Dewey|Flip Turn|p2b: Francis\n|-supereffective|p2b: Francis\n|-damage|p2b: Francis|114/314\n|\n|t:|1739235780\n|switch|p1a: Apollo|Primeape, M|334/334|[from] Flip Turn\n|move|p2b: Francis|Will-O-Wisp|p1a: Apollo\n|-status|p1a: Apollo|brn\n|\n|-damage|p1a: Apollo|314/334 brn|[from] brn\n|-status|p1b: Sparky|brn|[from] item: Flame Orb\n|upkeep\n|turn|2\n|\n|t:|1739235820\n|move|p1b: Sparky|Thunderbolt|p2b: Francis\n|-damage|p2b: Francis|11/314\n|move|p2a: Migos|Rock Slide|p1a: Apollo|[spread] p1b\n|-miss|p2a: Migos|p1a: Apollo\n|debug|Spread modifier: 0.75\n|-damage|p1b: Sparky|185/271 brn\n|move|p1a: Apollo|Bulk Up|p1a: Apollo\n|-boost|p1a: Apollo|atk|1\n|-boost|p1a: Apollo|def|1\n|move|p2b: Francis|Charm|p1a: Apollo\n|-unboost|p1a: Apollo|atk|2\n|\n|-damage|p1b: Sparky|169/271 brn|[from] brn\n|-damage|p1a: Apollo|294/334 brn|[from] brn\n|upkeep\n|turn|3\n|\n|t:|1739235885\n|move|p1b: Sparky|Thunderbolt|p2b: Francis\n|-damage|p2b: Francis|0 fnt\n|faint|p2b: Francis\n|move|p2a: Migos|Rock Slide|p1b: Sparky|[spread] p1a,p1b\n|debug|Spread modifier: 0.75\n|-resisted|p1a: Apollo\n|debug|Spread modifier: 0.75\n|-damage|p1a: Apollo|275/334 brn\n|-damage|p1b: Sparky|87/271 brn\n|move|p1a: Apollo|Bulk Up|p1a: Apollo\n|-boost|p1a: Apollo|atk|1\n|-boost|p1a: Apollo|def|1\n|\n|-damage|p1b: Sparky|71/271 brn|[from] brn\n|-damage|p1a: Apollo|255/334 brn|[from] brn\n|upkeep\n|\n|t:|1739235904\n|switch|p2b: Buzz Lightyear|Electabuzz, F|334/334\n|turn|4\n|\n|t:|1739235925\n|move|p2a: Migos|Protect|p2a: Migos\n|-singleturn|p2a: Migos|Protect\n|move|p1b: Sparky|Sunny Day|p1b: Sparky\n|-weather|SunnyDay\n|move|p2b: Buzz Lightyear|Eerie Impulse|p1b: Sparky\n|-unboost|p1b: Sparky|spa|2\n|move|p1a: Apollo|Bulk Up|p1a: Apollo\n|-boost|p1a: Apollo|atk|1\n|-boost|p1a: Apollo|def|1\n|\n|-weather|SunnyDay|[upkeep]\n|-damage|p1b: Sparky|55/271 brn|[from] brn\n|-damage|p1a: Apollo|235/334 brn|[from] brn\n|upkeep\n|turn|5\n|\n|t:|1739235955\n|move|p1b: Sparky|Shadow Ball|p2a: Migos\n|-damage|p2a: Migos|151/212\n|move|p2a: Migos|Dig||[still]\n|-prepare|p2a: Migos|Dig\n|move|p2b: Buzz Lightyear|Volt Switch|p1a: Apollo\n|-damage|p1a: Apollo|178/334 brn\n|\n|t:|1739235967\n|switch|p2b: Venomoth|Venomoth, M|281/281|[from] Volt Switch\n|move|p1a: Apollo|Bulk Up|p1a: Apollo\n|-boost|p1a: Apollo|atk|1\n|-boost|p1a: Apollo|def|1\n|\n|-weather|SunnyDay|[upkeep]\n|-damage|p1b: Sparky|39/271 brn|[from] brn\n|-damage|p1a: Apollo|158/334 brn|[from] brn\n|upkeep\n|turn|6\n|\n|t:|1739236018\n|move|p1b: Sparky|Electroweb|p2b: Venomoth|[spread] p2b\n|-miss|p1b: Sparky|p2a: Migos\n|debug|Spread modifier: 0.75\n|-damage|p2b: Venomoth|238/281\n|-unboost|p2b: Venomoth|spe|1\n|move|p2a: Migos|Dig|p1a: Apollo|[from] lockedmove\n|-damage|p1a: Apollo|121/334 brn\n|move|p1a: Apollo|Bulk Up|p1a: Apollo\n|-boost|p1a: Apollo|atk|1\n|-boost|p1a: Apollo|def|1\n|move|p2b: Venomoth|Bug Buzz|p1a: Apollo\n|-resisted|p1a: Apollo\n|debug|Tinted Lens boost\n|-damage|p1a: Apollo|37/334 brn\n|-enditem|p2b: Venomoth|Throat Spray\n|-boost|p2b: Venomoth|spa|1|[from] item: Throat Spray\n|\n|-weather|SunnyDay|[upkeep]\n|-damage|p1b: Sparky|23/271 brn|[from] brn\n|-damage|p1a: Apollo|17/334 brn|[from] brn\n|upkeep\n|turn|7\n|\n|t:|1739236047\n|move|p1b: Sparky|Shadow Ball|p2a: Migos\n|-damage|p2a: Migos|87/212\n|move|p2a: Migos|Rock Slide|p1b: Sparky|[spread] \n|-miss|p2a: Migos|p1a: Apollo\n|-miss|p2a: Migos|p1b: Sparky\n|move|p1a: Apollo|Rage Fist|p2b: Venomoth\n|-damage|p2b: Venomoth|0 fnt\n|faint|p2b: Venomoth\n|\n|-weather|SunnyDay|[upkeep]\n|-damage|p1b: Sparky|7/271 brn|[from] brn\n|-damage|p1a: Apollo|0 fnt|[from] brn\n|faint|p1a: Apollo\n|upkeep\n|\n|t:|1739236073\n|switch|p2b: Dude Thong|Dewgong, M|384/384\n|switch|p1a: Eggman|Exeggutor, M|363/363\n|turn|8\n|\n|t:|1739236125\n|move|p2b: Dude Thong|Fake Out|p1a: Eggman\n|-damage|p1a: Eggman|338/363\n|move|p1b: Sparky|Thunderbolt|p2b: Dude Thong\n|-supereffective|p2b: Dude Thong\n|-damage|p2b: Dude Thong|274/384\n|move|p2a: Migos|Endeavor|p1a: Eggman\n|-damage|p1a: Eggman|87/363\n|cant|p1a: Eggman|flinch\n|\n|-weather|none\n|-damage|p1b: Sparky|0 fnt|[from] brn\n|faint|p1b: Sparky\n|upkeep\n|\n|t:|1739236139\n|switch|p1b: Puff Daddy|Dragonite, M|355/355\n|turn|9\n|\n|t:|1739236159\n|move|p2a: Migos|Rock Slide|p1b: Puff Daddy|[spread] p1a\n|-miss|p2a: Migos|p1b: Puff Daddy\n|debug|Spread modifier: 0.75\n|-damage|p1a: Eggman|26/363\n|move|p1b: Puff Daddy|Sunny Day|p1b: Puff Daddy\n|-weather|SunnyDay\n|move|p1a: Eggman|Moonlight|p1a: Eggman\n|-heal|p1a: Eggman|268/363\n|move|p2b: Dude Thong|Triple Axel|p1a: Eggman\n|-supereffective|p1a: Eggman\n|-damage|p1a: Eggman|226/363\n|-supereffective|p1a: Eggman\n|-crit|p1a: Eggman\n|-damage|p1a: Eggman|100/363\n|-supereffective|p1a: Eggman\n|-damage|p1a: Eggman|0 fnt\n|faint|p1a: Eggman\n|-hitcount|p1: Eggman|3\n|\n|-weather|SunnyDay|[upkeep]\n|upkeep\n|\n|t:|1739236176\n|switch|p1a: Mrs. Mr. Mime|Mr. Mime, F|284/284\n|turn|10\n|\n|t:|1739236202\n|move|p1a: Mrs. Mr. Mime|Follow Me|p1a: Mrs. Mr. Mime\n|-singleturn|p1a: Mrs. Mr. Mime|move: Follow Me\n|move|p2a: Migos|Endeavor|p1a: Mrs. Mr. Mime\n|debug|Follow Me redirected target of move\n|-damage|p1a: Mrs. Mr. Mime|87/284\n|move|p1b: Puff Daddy|Tailwind|p1b: Puff Daddy\n|-sidestart|p1: mistermoscow|move: Tailwind\n|move|p2b: Dude Thong|Triple Axel|p1a: Mrs. Mr. Mime\n|debug|Follow Me redirected target of move\n|-damage|p1a: Mrs. Mr. Mime|71/284\n|-damage|p1a: Mrs. Mr. Mime|37/284\n|-damage|p1a: Mrs. Mr. Mime|0 fnt\n|faint|p1a: Mrs. Mr. Mime\n|-hitcount|p1: Mrs. Mr. Mime|3\n|\n|-weather|SunnyDay|[upkeep]\n|upkeep\n|\n|t:|1739236215\n|switch|p1a: Dewey|Dewgong, M|353/353\n|turn|11\n|\n|t:|1739236226\n|move|p2a: Migos|Protect|p2a: Migos\n|-singleturn|p2a: Migos|Protect\n|move|p1b: Puff Daddy|Dual Wingbeat|p2b: Dude Thong\n|-damage|p2b: Dude Thong|205/384\n|-damage|p2b: Dude Thong|141/384\n|-hitcount|p2b: Dude Thong|2\n|move|p1a: Dewey|Icy Wind|p2a: Migos|[spread] p2b\n|-activate|p2a: Migos|move: Protect\n|debug|Thick Fat weaken\n|debug|Spread modifier: 0.75\n|-resisted|p2b: Dude Thong\n|-damage|p2b: Dude Thong|138/384\n|-unboost|p2b: Dude Thong|spe|1\n|move|p2b: Dude Thong|Triple Axel|p1b: Puff Daddy\n|-supereffective|p1b: Puff Daddy\n|debug|Multiscale weaken\n|-damage|p1b: Puff Daddy|319/355\n|-supereffective|p1b: Puff Daddy\n|-damage|p1b: Puff Daddy|163/355\n|-supereffective|p1b: Puff Daddy\n|-damage|p1b: Puff Daddy|0 fnt\n|faint|p1b: Puff Daddy\n|-hitcount|p1: Puff Daddy|3\n|\n|-weather|SunnyDay|[upkeep]\n|upkeep\n|turn|12\n|-message|mistermoscow forfeited.\n|\n|win|je64\n","uploadtime":1739236246,"views":"14","formatid":"gen9doublescustomgame","rating":null,"private":0,"password":null}