{"id":"gen9doublescustomgame-2271337650","format":"[Gen 9] Doubles Custom Game","players":["mistermoscow","je64"],"log":"|j|☆mistermoscow\n|j|☆je64\n|t:|1735446636\n|gametype|doubles\n|player|p1|mistermoscow|alder|\n|player|p2|je64|102|\n|teamsize|p1|6\n|teamsize|p2|6\n|gen|9\n|tier|[Gen 9] Doubles Custom Game\n|clearpoke\n|poke|p1|Fearow, M|\n|poke|p1|Clefairy, M|\n|poke|p1|Poliwrath, F|\n|poke|p1|Victreebel, M|\n|poke|p1|Porygon|\n|poke|p1|Snorlax, M|\n|poke|p2|Kadabra, F|\n|poke|p2|Gyarados, F|\n|poke|p2|Hitmonchan, M|\n|poke|p2|Chansey, F|\n|poke|p2|Articuno|\n|poke|p2|Electabuzz, M|\n|teampreview\n|\n|t:|1735446661\n|start\n|switch|p1a: Pogo Jr|Porygon|272/272\n|switch|p1b: Snax|Snorlax, M|461/461\n|switch|p2a: Buzz Lightyear|Electabuzz, M|271/271\n|switch|p2b: Articuno|Articuno|384/384\n|-ability|p1a: Pogo Jr|Download|boost\n|-boost|p1a: Pogo Jr|atk|1\n|turn|1\n|j| Mattmandaman\n|\n|t:|1735446686\n|move|p1b: Snax|Protect|p1b: Snax\n|-singleturn|p1b: Snax|Protect\n|move|p2a: Buzz Lightyear|Volt Switch|p1b: Snax\n|-activate|p1b: Snax|move: Protect\n|move|p2b: Articuno|Snowscape|p2b: Articuno\n|-weather|Snow\n|move|p1a: Pogo Jr|Trick Room|p1a: Pogo Jr\n|-fieldstart|move: Trick Room|[of] p1a: Pogo Jr\n|\n|-weather|Snow|[upkeep]\n|upkeep\n|turn|2\n|\n|t:|1735446718\n|switch|p2a: Hitmonchan|Hitmonchan, M|242/242\n|move|p1b: Snax|Double-Edge|p2a: Hitmonchan\n|-damage|p2a: Hitmonchan|10/242\n|-damage|p1b: Snax|384/461|[from] Recoil\n|move|p1a: Pogo Jr|Toxic|p2b: Articuno\n|debug|Snow Cloak - decreasing accuracy\n|-status|p2b: Articuno|tox\n|move|p2b: Articuno|Sheer Cold|p1b: Snax|[miss]\n|-miss|p2b: Articuno|p1b: Snax\n|\n|-weather|Snow|[upkeep]\n|-damage|p2b: Articuno|360/384 tox|[from] psn\n|upkeep\n|turn|3\n|\n|t:|1735446754\n|switch|p2a: Chansey|Chansey, F|641/641\n|move|p1b: Snax|Double-Edge|p2b: Articuno\n|debug|Snow Cloak - decreasing accuracy\n|-damage|p2b: Articuno|245/384 tox\n|-damage|p1b: Snax|346/461|[from] Recoil\n|move|p2b: Articuno|Sheer Cold|p1b: Snax|[miss]\n|-miss|p2b: Articuno|p1b: Snax\n|move|p1a: Pogo Jr|Teleport|p1a: Pogo Jr\n|\n|t:|1735446770\n|switch|p1a: Polly|Poliwrath, F|384/384|[from] Teleport\n|\n|-weather|Snow|[upkeep]\n|-heal|p2b: Articuno|269/384 tox|[from] item: Leftovers\n|-damage|p2b: Articuno|221/384 tox|[from] psn\n|upkeep\n|turn|4\n|\n|t:|1735446815\n|move|p1b: Snax|Protect|p1b: Snax\n|-singleturn|p1b: Snax|Protect\n|move|p1a: Polly|Coaching|p1b: Snax\n|-boost|p1b: Snax|atk|1\n|-boost|p1b: Snax|def|1\n|move|p2a: Chansey|Seismic Toss|p1a: Polly\n|-damage|p1a: Polly|284/384\n|move|p2b: Articuno|Sheer Cold|p1b: Snax\n|-activate|p1b: Snax|move: Protect\n|\n|-weather|Snow|[upkeep]\n|-activate|p2a: Chansey|ability: Healer\n|-curestatus|p2b: Articuno|tox|[msg]\n|-heal|p2b: Articuno|245/384|[from] item: Leftovers\n|upkeep\n|turn|5\n|\n|t:|1735446843\n|move|p1b: Snax|Double-Edge|p2b: Articuno\n|debug|Snow Cloak - decreasing accuracy\n|-damage|p2b: Articuno|62/384\n|-damage|p1b: Snax|286/461|[from] Recoil\n|move|p1a: Polly|Coaching|p1b: Snax\n|-boost|p1b: Snax|atk|1\n|-boost|p1b: Snax|def|1\n|move|p2b: Articuno|Sheer Cold|p1b: Snax\n|-damage|p1b: Snax|0 fnt\n|faint|p1b: Snax\n|-ohko\n|move|p2a: Chansey|Teleport|p2a: Chansey\n|\n|t:|1735446858\n|switch|p2a: Gyarados|Gyarados, F|331/331|[from] Teleport\n|-ability|p2a: Gyarados|Intimidate|boost\n|-unboost|p1a: Polly|atk|1\n|\n|-weather|none\n|-heal|p2b: Articuno|86/384|[from] item: Leftovers\n|-fieldend|move: Trick Room\n|upkeep\n|\n|t:|1735446882\n|switch|p1b: Big Bird|Fearow, M|271/271\n|turn|6\n|\n|t:|1735446899\n|move|p1b: Big Bird|Feather Dance|p2a: Gyarados\n|-unboost|p2a: Gyarados|atk|2\n|move|p2a: Gyarados|Dragon Dance|p2a: Gyarados\n|-boost|p2a: Gyarados|atk|1\n|-boost|p2a: Gyarados|spe|1\n|move|p2b: Articuno|Tailwind|p2b: Articuno\n|-sidestart|p2: je64|move: Tailwind\n|move|p1a: Polly|Drain Punch|p2b: Articuno\n|-damage|p2b: Articuno|19/384\n|-heal|p1a: Polly|318/384|[from] drain|[of] p2b: Articuno\n|\n|-heal|p2b: Articuno|43/384|[from] item: Leftovers\n|upkeep\n|turn|7\n|\n|t:|1735446955\n|move|p2a: Gyarados|Dragon Dance|p2a: Gyarados\n|-boost|p2a: Gyarados|atk|1\n|-boost|p2a: Gyarados|spe|1\n|move|p2b: Articuno|Sheer Cold|p1a: Polly\n|-damage|p1a: Polly|0 fnt\n|faint|p1a: Polly\n|-ohko\n|move|p1b: Big Bird|Drill Peck|p2b: Articuno\n|-damage|p2b: Articuno|0 fnt\n|faint|p2b: Articuno\n|\n|upkeep\n|\n|t:|1735446985\n|switch|p2b: Buzz Lightyear|Electabuzz, M|271/271\n|switch|p1a: Victor|Victreebel, M|364/364\n|turn|8\n|\n|t:|1735447006\n|move|p2b: Buzz Lightyear|Follow Me|p2b: Buzz Lightyear\n|-singleturn|p2b: Buzz Lightyear|move: Follow Me\n|move|p2a: Gyarados|Dragon Dance|p2a: Gyarados\n|-boost|p2a: Gyarados|atk|1\n|-boost|p2a: Gyarados|spe|1\n|move|p1b: Big Bird|Drill Run|p2b: Buzz Lightyear\n|debug|Follow Me redirected target of move\n|-supereffective|p2b: Buzz Lightyear\n|-damage|p2b: Buzz Lightyear|19/271\n|move|p1a: Victor|Swords Dance|p1a: Victor\n|-boost|p1a: Victor|atk|2\n|\n|upkeep\n|turn|9\n|\n|t:|1735447063\n|move|p1b: Big Bird|Quick Attack|p2b: Buzz Lightyear\n|-damage|p2b: Buzz Lightyear|0 fnt\n|faint|p2b: Buzz Lightyear\n|move|p2a: Gyarados|Dragon Dance|p2a: Gyarados\n|-boost|p2a: Gyarados|atk|1\n|-boost|p2a: Gyarados|spe|1\n|move|p1a: Victor|Leaf Blade|p2a: Gyarados\n|-crit|p2a: Gyarados\n|-damage|p2a: Gyarados|0 fnt\n|faint|p2a: Gyarados\n|-damage|p1a: Victor|328/364|[from] item: Life Orb\n|\n|-sideend|p2: je64|move: Tailwind\n|upkeep\n|\n|t:|1735447186\n|switch|p2b: K.Dot|Kadabra, F|221/221\n|switch|p2a: Hitmonchan|Hitmonchan, M|10/242\n|turn|10\n|\n|t:|1735447236\n|move|p2a: Hitmonchan|Fake Out|p1b: Big Bird\n|-damage|p1b: Big Bird|206/271\n|debug|Covert Cloak prevent secondary\n|move|p1b: Big Bird|Quick Attack|p2a: Hitmonchan\n|-damage|p2a: Hitmonchan|0 fnt\n|faint|p2a: Hitmonchan\n|move|p1a: Victor|Sucker Punch|p2b: K.Dot\n|-supereffective|p2b: K.Dot\n|-damage|p2b: K.Dot|0 fnt\n|faint|p2b: K.Dot\n|-damage|p1a: Victor|292/364|[from] item: Life Orb\n|\n|upkeep\n|\n|t:|1735447248\n|switch|p2a: Chansey|Chansey, F|641/641\n|turn|11\n|\n|t:|1735447261\n|move|p1b: Big Bird|Drill Peck|p2a: Chansey\n|-damage|p2a: Chansey|493/641\n|move|p2a: Chansey|Thunder Wave|p1b: Big Bird\n|-status|p1b: Big Bird|par\n|move|p1a: Victor|Leaf Blade|p2a: Chansey\n|-damage|p2a: Chansey|0 fnt\n|faint|p2a: Chansey\n|-damage|p1a: Victor|256/364|[from] item: Life Orb\n|\n|win|mistermoscow\n","uploadtime":1735447270,"views":"22","formatid":"gen9doublescustomgame","rating":null,"private":0,"password":null}