{"id":"gen9doublescustomgame-2284274777","format":"[Gen 9] Doubles Custom Game","players":["Mango Meloetta","je64"],"log":"|j|☆Mango Meloetta\n|j|☆je64\n|t:|1737325999\n|gametype|doubles\n|player|p1|Mango Meloetta|li|\n|player|p2|je64|170|\n|teamsize|p1|6\n|teamsize|p2|6\n|gen|9\n|tier|[Gen 9] Doubles Custom Game\n|clearpoke\n|poke|p1|Snorlax, M|\n|poke|p1|Cloyster, F|\n|poke|p1|Parasect, F|\n|poke|p1|Arcanine, F|\n|poke|p1|Weezing, M|\n|poke|p1|Golduck, M|\n|poke|p2|Dugtrio, M|\n|poke|p2|Kadabra, M|\n|poke|p2|Dodrio, F|\n|poke|p2|Hitmonchan, M|\n|poke|p2|Magmar, M|\n|poke|p2|Gyarados, F|\n|teampreview\n|j| mistermoscow\n|j| Mattmandaman\n|\n|t:|1737326053\n|start\n|switch|p1a: Woof Burn|Arcanine, F|321/321\n|switch|p1b: Aroma Boy|Parasect, F|324/324\n|switch|p2a: Jackie|Hitmonchan, M|242/242\n|switch|p2b: Gyaradance|Gyarados, F|331/331\n|-ability|p1a: Woof Burn|Intimidate|boost\n|-unboost|p2a: Jackie|atk|1\n|-unboost|p2b: Gyaradance|atk|1\n|-ability|p2b: Gyaradance|Intimidate|boost\n|-unboost|p1a: Woof Burn|atk|1\n|-unboost|p1b: Aroma Boy|atk|1\n|turn|1\n|\n|t:|1737326084\n|switch|p1a: The Cloisters|Cloyster, F|282/282\n|move|p2b: Gyaradance|Dragon Dance|p2b: Gyaradance\n|-boost|p2b: Gyaradance|atk|1\n|-boost|p2b: Gyaradance|spe|1\n|move|p2a: Jackie|Coaching|p2b: Gyaradance\n|-boost|p2b: Gyaradance|atk|1\n|-boost|p2b: Gyaradance|def|1\n|move|p1b: Aroma Boy|Reflect|p1b: Aroma Boy\n|-sidestart|p1: Mango Meloetta|Reflect\n|\n|upkeep\n|turn|2\n|\n|t:|1737326149\n|move|p2b: Gyaradance|Dragon Dance|p2b: Gyaradance\n|-boost|p2b: Gyaradance|atk|1\n|-boost|p2b: Gyaradance|spe|1\n|move|p2a: Jackie|Coaching|p2b: Gyaradance\n|-boost|p2b: Gyaradance|atk|1\n|-boost|p2b: Gyaradance|def|1\n|move|p1a: The Cloisters|Shell Smash|p1a: The Cloisters\n|-unboost|p1a: The Cloisters|def|1\n|-unboost|p1a: The Cloisters|spd|1\n|-boost|p1a: The Cloisters|atk|2\n|-boost|p1a: The Cloisters|spa|2\n|-boost|p1a: The Cloisters|spe|2\n|move|p1b: Aroma Boy|Spore|p2b: Gyaradance\n|-status|p2b: Gyaradance|slp|[from] move: Spore\n|\n|upkeep\n|turn|3\n|\n|t:|1737326183\n|cant|p2b: Gyaradance|slp\n|move|p1a: The Cloisters|Icicle Spear|p2b: Gyaradance\n|-damage|p2b: Gyaradance|280/331 slp\n|-damage|p2b: Gyaradance|235/331 slp\n|-damage|p2b: Gyaradance|184/331 slp\n|-damage|p2b: Gyaradance|133/331 slp\n|-enditem|p2b: Gyaradance|Sitrus Berry|[eat]\n|-heal|p2b: Gyaradance|215/331 slp|[from] item: Sitrus Berry\n|debug|Negating (sp)def boost/penalty.\n|-crit|p2b: Gyaradance\n|-damage|p2b: Gyaradance|74/331 slp\n|-hitcount|p2b: Gyaradance|5\n|move|p2a: Jackie|Drain Punch|p1a: The Cloisters\n|debug|Iron Fist boost\n|debug|Punching Glove boost\n|-supereffective|p1a: The Cloisters\n|debug|Reflect weaken\n|-damage|p1a: The Cloisters|161/282\n|-enditem|p1a: The Cloisters|Weakness Policy\n|-boost|p1a: The Cloisters|atk|2|[from] item: Weakness Policy\n|-boost|p1a: The Cloisters|spa|2|[from] item: Weakness Policy\n|move|p1b: Aroma Boy|Spore|p2a: Jackie\n|-status|p2a: Jackie|slp|[from] move: Spore\n|\n|upkeep\n|turn|4\n|\n|t:|1737326221\n|-curestatus|p2b: Gyaradance|slp|[msg]\n|move|p2b: Gyaradance|Waterfall|p1a: The Cloisters\n|-resisted|p1a: The Cloisters\n|debug|Reflect weaken\n|-damage|p1a: The Cloisters|57/282\n|move|p1a: The Cloisters|Shell Smash|p1a: The Cloisters\n|-unboost|p1a: The Cloisters|def|1\n|-unboost|p1a: The Cloisters|spd|1\n|-boost|p1a: The Cloisters|atk|2\n|-boost|p1a: The Cloisters|spa|2\n|-boost|p1a: The Cloisters|spe|2\n|cant|p2a: Jackie|slp\n|move|p1b: Aroma Boy|Light Screen|p1b: Aroma Boy\n|-sidestart|p1: Mango Meloetta|move: Light Screen\n|\n|upkeep\n|turn|5\n|\n|t:|1737326247\n|switch|p1b: Woof Burn|Arcanine, F|321/321\n|-ability|p1b: Woof Burn|Intimidate|boost\n|-unboost|p2a: Jackie|atk|1\n|-unboost|p2b: Gyaradance|atk|1\n|move|p2b: Gyaradance|Protect|p2b: Gyaradance\n|-singleturn|p2b: Gyaradance|Protect\n|move|p1a: The Cloisters|Icicle Spear|p2b: Gyaradance\n|-activate|p2b: Gyaradance|move: Protect\n|cant|p2a: Jackie|slp\n|\n|-sideend|p1: Mango Meloetta|Reflect\n|upkeep\n|turn|6\n|\n|t:|1737326272\n|move|p1a: The Cloisters|Ice Shard|p2b: Gyaradance\n|-damage|p2b: Gyaradance|0 fnt\n|faint|p2b: Gyaradance\n|move|p1b: Woof Burn|Play Rough|p2a: Jackie\n|-supereffective|p2a: Jackie\n|-damage|p2a: Jackie|0 fnt\n|faint|p2a: Jackie\n|\n|upkeep\n|\n|t:|1737326354\n|switch|p2b: Myagmar|Magmar, M|271/271\n|switch|p2a: Fissure Bro|Dugtrio, M, shiny|212/212\n|turn|7\n|\n|t:|1737326507\n|move|p1a: The Cloisters|Razor Shell|p2b: Myagmar|[miss]\n|-miss|p1a: The Cloisters|p2b: Myagmar\n|move|p2a: Fissure Bro|High Horsepower|p1a: The Cloisters\n|-damage|p1a: The Cloisters|0 fnt\n|faint|p1a: The Cloisters\n|move|p1b: Woof Burn|Play Rough|p2a: Fissure Bro\n|-enditem|p2a: Fissure Bro|Focus Sash\n|-damage|p2a: Fissure Bro|1/212\n|move|p2b: Myagmar|Heat Wave|p1b: Woof Burn\n|-resisted|p1b: Woof Burn\n|debug|Light Screen weaken\n|-damage|p1b: Woof Burn|224/321\n|\n|upkeep\n|\n|t:|1737326520\n|switch|p1a: Too High|Golduck, M|301/301\n|-ability|p1a: Too High|Cloud Nine\n|turn|8\n|\n|t:|1737326546\n|switch|p2b: San Ti Ren 三体人|Dodrio, F|261/261\n|move|p2a: Fissure Bro|Rock Slide|p1a: Too High|[spread] p1a,p1b\n|debug|Spread modifier: 0.75\n|debug|Spread modifier: 0.75\n|-supereffective|p1b: Woof Burn\n|-damage|p1a: Too High|236/301\n|-damage|p1b: Woof Burn|96/321\n|move|p1b: Woof Burn|Play Rough|p2a: Fissure Bro\n|-damage|p2a: Fissure Bro|0 fnt\n|faint|p2a: Fissure Bro\n|cant|p1a: Too High|flinch\n|\n|-sideend|p1: Mango Meloetta|move: Light Screen\n|upkeep\n|\n|t:|1737326569\n|switch|p2a: K.Dot|Kadabra, M|221/221\n|turn|9\n|\n|t:|1737326591\n|switch|p1b: Aroma Boy|Parasect, F|324/324\n|switch|p1a: Too Dank|Weezing, M|334/334\n|-ability|p1a: Too Dank|Neutralizing Gas\n|move|p2b: San Ti Ren 三体人|Double-Edge|p1b: Aroma Boy\n|-enditem|p2b: San Ti Ren 三体人|Normal Gem|[from] gem\n|debug|Gem Boost\n|-damage|p1b: Aroma Boy|69/324\n|debug|DamagingHit handler suppressed by Gastro Acid or Neutralizing Gas\n|-damage|p2b: San Ti Ren 三体人|177/261|[from] Recoil\n|move|p2a: K.Dot|Calm Mind|p2a: K.Dot\n|-boost|p2a: K.Dot|spa|1\n|-boost|p2a: K.Dot|spd|1\n|\n|-heal|p1b: Aroma Boy|89/324|[from] item: Leftovers\n|upkeep\n|turn|10\n|\n|t:|1737326648\n|move|p2b: San Ti Ren 三体人|Brave Bird|p1b: Aroma Boy\n|-supereffective|p1b: Aroma Boy\n|-crit|p1b: Aroma Boy\n|-damage|p1b: Aroma Boy|0 fnt\n|debug|DamagingHit handler suppressed by Gastro Acid or Neutralizing Gas\n|faint|p1b: Aroma Boy\n|-damage|p2b: San Ti Ren 三体人|148/261|[from] Recoil\n|move|p2a: K.Dot|Psychic|p1a: Too Dank\n|-supereffective|p1a: Too Dank\n|-damage|p1a: Too Dank|0 fnt\n|faint|p1a: Too Dank\n|-end|p1a: Too Dank|ability: Neutralizing Gas\n|debug|damage event failed\n|\n|upkeep\n|\n|t:|1737326661\n|switch|p1a: Too High|Golduck, M|236/301\n|switch|p1b: Snack Lax|Snorlax, M|524/524\n|-ability|p1a: Too High|Cloud Nine\n|turn|11\n|\n|t:|1737326687\n|move|p2b: San Ti Ren 三体人|Double-Edge|p1a: Too High\n|-damage|p1a: Too High|8/301\n|-damage|p2b: San Ti Ren 三体人|73/261|[from] Recoil\n|move|p2a: K.Dot|Psychic|p1b: Snack Lax\n|-damage|p1b: Snack Lax|267/524\n|debug|damage event failed\n|move|p1a: Too High|Ice Beam|p2b: San Ti Ren 三体人\n|-supereffective|p2b: San Ti Ren 三体人\n|-damage|p2b: San Ti Ren 三体人|0 fnt\n|faint|p2b: San Ti Ren 三体人\n|move|p1b: Snack Lax|Body Slam|p2a: K.Dot\n|-damage|p2a: K.Dot|0 fnt\n|debug|move failed because it did nothing\n|faint|p2a: K.Dot\n|\n|upkeep\n|\n|t:|1737326700\n|switch|p2a: Myagmar|Magmar, M|271/271\n|turn|12\n|\n|t:|1737326720\n|switch|p1a: Woof Burn|Arcanine, F|96/321\n|-ability|p1a: Woof Burn|Intimidate|boost\n|-unboost|p2a: Myagmar|atk|1\n|move|p2a: Myagmar|Heat Wave|p1b: Snack Lax|[spread] p1a,p1b\n|debug|Spread modifier: 0.75\n|-resisted|p1a: Woof Burn\n|debug|Spread modifier: 0.75\n|-damage|p1a: Woof Burn|0 fnt\n|-damage|p1b: Snack Lax|117/524\n|-enditem|p1b: Snack Lax|Aguav Berry|[eat]\n|-heal|p1b: Snack Lax|291/524|[from] item: Aguav Berry\n|faint|p1a: Woof Burn\n|move|p1b: Snack Lax|Body Slam|p2a: Myagmar\n|-damage|p2a: Myagmar|30/271\n|\n|upkeep\n|\n|t:|1737326749\n|switch|p1a: Too High|Golduck, M|8/301\n|-ability|p1a: Too High|Cloud Nine\n|turn|13\n|\n|t:|1737326757\n|move|p1a: Too High|Psychic|p2a: Myagmar\n|-damage|p2a: Myagmar|0 fnt\n|faint|p2a: Myagmar\n|\n|win|Mango Meloetta\n","uploadtime":1737326792,"views":"14","formatid":"gen9doublescustomgame","rating":null,"private":0,"password":null}