{"id":"gen9doublescustomgame-2399245966","format":"[Gen 9] Doubles Custom Game","players":["mistermoscow","mattmandaman"],"log":"|badge|p2|bronze|gen9doublesou|100-6\n|uhtml|medal-msg|<div class=\"broadcast-blue\">Curious what those medals under the avatar are? PS now has Ladder Seasons! For more information, check out the <a href=\"https://www.smogon.com/forums/threads/3740067/\">thread on Smogon.</a></div>\n|j|☆mistermoscow\n|j|☆mattmandaman\n|t:|1752003952\n|gametype|doubles\n|player|p1|mistermoscow|alder|\n|player|p2|mattmandaman|giovanni|\n|gen|9\n|tier|[Gen 9] Doubles Custom Game\n|clearpoke\n|poke|p1|Nidoking, M|\n|poke|p1|Machoke, M|\n|poke|p1|Dewgong, M|\n|poke|p1|Exeggutor, M|\n|poke|p1|Mr. Mime, M|\n|poke|p1|Jolteon, M|\n|poke|p2|Onix|\n|poke|p2|Starmie|\n|poke|p2|Nidoking, M|\n|poke|p2|Snorlax|\n|poke|p2|Gengar|\n|poke|p2|Muk|\n|teampreview\n|\n|t:|1752003973\n|teamsize|p1|6\n|teamsize|p2|6\n|start\n|switch|p1a: Sparky|Jolteon, M|271/271\n|switch|p1b: Dewey|Dewgong, M|384/384\n|switch|p2a: Onix|Onix|212/212\n|switch|p2b: Gengar|Gengar|262/262\n|-item|p2a: Onix|Air Balloon\n|turn|1\n|\n|t:|1752003998\n|switch|p2b: Muk|Muk|385/385\n|move|p2a: Onix|Protect|p2a: Onix\n|-singleturn|p2a: Onix|Protect\n|move|p1b: Dewey|Fake Out|p2a: Onix\n|-activate|p2a: Onix|move: Protect\n|move|p1a: Sparky|Reflect|p1a: Sparky\n|-sidestart|p1: mistermoscow|Reflect\n|\n|upkeep\n|turn|2\n|\n|t:|1752004021\n|move|p1a: Sparky|Light Screen|p1a: Sparky\n|-sidestart|p1: mistermoscow|move: Light Screen\n|move|p2a: Onix|Stealth Rock|p1b: Dewey\n|-sidestart|p1: mistermoscow|move: Stealth Rock\n|move|p1b: Dewey|Triple Axel|p2a: Onix\n|-supereffective|p2a: Onix\n|-damage|p2a: Onix|186/212\n|-enditem|p2a: Onix|Air Balloon\n|-hitcount|p2a: Onix|1\n|move|p2b: Muk|Poison Jab|p1a: Sparky\n|debug|Reflect weaken\n|-damage|p1a: Sparky|135/271\n|\n|upkeep\n|turn|3\n|\n|t:|1752004060\n|move|p1a: Sparky|Shadow Ball|p2a: Onix\n|-damage|p2a: Onix|37/212\n|move|p2a: Onix|Body Press|p1b: Dewey\n|-supereffective|p1b: Dewey\n|debug|Reflect weaken\n|-damage|p1b: Dewey|181/384\n|move|p1b: Dewey|Flip Turn|p2a: Onix\n|-supereffective|p2a: Onix\n|-damage|p2a: Onix|0 fnt\n|faint|p2a: Onix\n|\n|t:|1752004082\n|switch|p1b: Randy|Machoke, M|302/302|[from] Flip Turn\n|-damage|p1b: Randy|284/302|[from] Stealth Rock\n|move|p2b: Muk|Poison Jab|p1b: Randy\n|debug|Reflect weaken\n|-damage|p1b: Randy|227/302\n|\n|upkeep\n|\n|t:|1752004105\n|switch|p2a: Starmie|Starmie|262/262\n|turn|4\n|\n|t:|1752004119\n|move|p1b: Randy|Protect|p1b: Randy\n|-singleturn|p1b: Randy|Protect\n|move|p1a: Sparky|Shadow Ball|p2a: Starmie\n|-supereffective|p2a: Starmie\n|-damage|p2a: Starmie|66/262\n|move|p2a: Starmie|Psychic|p1b: Randy\n|-activate|p1b: Randy|move: Protect\n|move|p2b: Muk|Poison Jab|p1b: Randy\n|-activate|p1b: Randy|move: Protect\n|\n|upkeep\n|turn|5\n|\n|t:|1752004139\n|move|p2a: Starmie|Protect|p2a: Starmie\n|-singleturn|p2a: Starmie|Protect\n|move|p1a: Sparky|Electroweb|p2a: Starmie|[spread] p2b\n|-activate|p2a: Starmie|move: Protect\n|debug|Spread modifier: 0.75\n|-damage|p2b: Muk|343/385\n|-unboost|p2b: Muk|spe|1\n|move|p1b: Randy|Fissure|p2b: Muk\n|-damage|p2b: Muk|0 fnt\n|faint|p2b: Muk\n|-ohko\n|\n|upkeep\n|\n|t:|1752004144\n|switch|p2b: Nidoking|Nidoking, M|304/304\n|turn|6\n|\n|t:|1752004171\n|move|p1b: Randy|Protect|p1b: Randy\n|-singleturn|p1b: Randy|Protect\n|move|p2b: Nidoking|Earth Power|p1b: Randy\n|-activate|p1b: Randy|move: Protect\n|move|p1a: Sparky|Electroweb|p2a: Starmie|[spread] p2a\n|-immune|p2b: Nidoking\n|debug|Spread modifier: 0.75\n|-supereffective|p2a: Starmie\n|-enditem|p2a: Starmie|Wacan Berry|[eat]\n|debug|-50% reduction\n|-enditem|p2a: Starmie|Wacan Berry|[weaken]\n|-damage|p2a: Starmie|0 fnt\n|faint|p2a: Starmie\n|\n|upkeep\n|j| 8BitBidoof\n|l| 8BitBidoof\n|\n|t:|1752004181\n|switch|p2a: Gengar|Gengar|262/262\n|turn|7\n|\n|t:|1752004196\n|switch|p1a: Eggman|Exeggutor, M|394/394\n|-damage|p1a: Eggman|345/394|[from] Stealth Rock\n|move|p2b: Nidoking|Earth Power|p1b: Randy\n|debug|Light Screen weaken\n|-damage|p1b: Randy|149/302\n|move|p2a: Gengar|Sludge Bomb|p1b: Randy\n|debug|Light Screen weaken\n|-damage|p1b: Randy|78/302\n|move|p1b: Randy|Fissure|p2b: Nidoking\n|-damage|p2b: Nidoking|0 fnt\n|faint|p2b: Nidoking\n|-ohko\n|\n|upkeep\n|j| 8BitBidoof\n|\n|t:|1752004206\n|switch|p2b: Snorlax|Snorlax|484/484\n|turn|8\n|l| 8BitBidoof\n|\n|t:|1752004241\n|move|p1b: Randy|Protect|p1b: Randy\n|-singleturn|p1b: Randy|Protect\n|move|p2a: Gengar|Sludge Bomb|p1b: Randy\n|-activate|p1b: Randy|move: Protect\n|move|p1a: Eggman|Expanding Force|p2a: Gengar\n|-supereffective|p2a: Gengar\n|-enditem|p2a: Gengar|Focus Sash\n|-damage|p2a: Gengar|1/262\n|-damage|p1a: Eggman|306/394|[from] item: Life Orb\n|move|p2b: Snorlax|Body Slam|p1a: Eggman\n|debug|Reflect weaken\n|-damage|p1a: Eggman|188/394\n|\n|-sideend|p1: mistermoscow|Reflect\n|upkeep\n|turn|9\n|\n|t:|1752004261\n|move|p1b: Randy|Bullet Punch|p2a: Gengar\n|-damage|p2a: Gengar|0 fnt\n|-start|p1b: Randy|Disable|Bullet Punch|[from] ability: Cursed Body|[of] p2a: Gengar\n|faint|p2a: Gengar\n|move|p1a: Eggman|Psychic Terrain|p1a: Eggman\n|-fieldstart|move: Psychic Terrain\n|move|p2b: Snorlax|Body Slam|p1a: Eggman\n|-damage|p1a: Eggman|8/394\n|\n|-sideend|p1: mistermoscow|move: Light Screen\n|upkeep\n|turn|10\n|\n|t:|1752004277\n|move|p1a: Eggman|Protect|p1a: Eggman\n|-singleturn|p1a: Eggman|Protect\n|move|p1b: Randy|Fissure|p2b: Snorlax\n|-damage|p2b: Snorlax|0 fnt\n|faint|p2b: Snorlax\n|-ohko\n|\n|win|mistermoscow\n|l|☆mattmandaman\n|player|p2|\n","uploadtime":1752004290,"views":"15","formatid":"gen9doublescustomgame","rating":null,"private":0,"password":null}