{"id":"gen9doublescustomgame-2215455656","format":"[Gen 9] Doubles Custom Game","players":["Mango Meloetta","noli_cannoli10"],"log":"|j|☆Mango Meloetta\n|j|☆noli_cannoli10\n|t:|1728004031\n|gametype|doubles\n|player|p1|Mango Meloetta|li|\n|player|p2|noli_cannoli10|169|\n|teamsize|p1|6\n|teamsize|p2|6\n|gen|9\n|tier|[Gen 9] Doubles Custom Game\n|clearpoke\n|poke|p1|Chien-Pao|\n|poke|p1|Zygarde|\n|poke|p1|Archaludon, M|\n|poke|p1|Genesect|\n|poke|p1|Alakazam, F|\n|poke|p1|Porygon2|\n|poke|p2|Smeargle, M|\n|poke|p2|Metagross|\n|poke|p2|Volcarona, F|\n|poke|p2|Magearna|\n|poke|p2|Urshifu-*, F|\n|poke|p2|Annihilape, F|\n|teampreview\n|j| mistermoscow\n|j| je64\n|\n|t:|1728004095\n|start\n|switch|p1a: Alakazam|Alakazam, F|251/251\n|switch|p1b: Archaludon|Archaludon, M|384/384\n|switch|p2a: Usher Foo|Urshifu-Rapid-Strike, F|341/341\n|switch|p2b: smearin' deez|Smeargle, M|314/314\n|turn|1\n|\n|t:|1728004189\n|detailschange|p1a: Alakazam|Alakazam-Mega, F\n|-mega|p1a: Alakazam|Alakazam|Alakazite\n|-ability|p1a: Alakazam|Moody|[from] ability: Trace|[of] p2b: smearin' deez\n|move|p2b: smearin' deez|Fake Out|p1b: Archaludon\n|-resisted|p1b: Archaludon\n|-damage|p1b: Archaludon|378/384\n|-ability|p1b: Archaludon|Stamina|boost\n|-boost|p1b: Archaludon|def|1\n|move|p2a: Usher Foo|Surging Strikes|p1a: Alakazam\n|-crit|p1a: Alakazam\n|-damage|p1a: Alakazam|139/251\n|-crit|p1a: Alakazam\n|-damage|p1a: Alakazam|42/251\n|-crit|p1a: Alakazam\n|-damage|p1a: Alakazam|0 fnt\n|faint|p1a: Alakazam\n|-hitcount|p1: Alakazam|3\n|cant|p1b: Archaludon|flinch\n|\n|-ability|p2b: smearin' deez|Moody|boost\n|-boost|p2b: smearin' deez|spd|2\n|-unboost|p2b: smearin' deez|atk|1\n|upkeep\n|\n|t:|1728004215\n|switch|p1a: Porygon2|Porygon2|374/374\n|-ability|p1a: Porygon2|Unseen Fist|[from] ability: Trace|[of] p2a: Usher Foo\n|turn|2\n|\n|t:|1728004273\n|switch|p2a: Facebook Eww|Metagross|301/301\n|move|p2b: smearin' deez|Spiky Shield|p2b: smearin' deez\n|-singleturn|p2b: smearin' deez|move: Protect\n|move|p1b: Archaludon|Electro Shot||[still]\n|-prepare|p1b: Archaludon|Electro Shot\n|-boost|p1b: Archaludon|spa|1\n|-enditem|p1b: Archaludon|Power Herb\n|debug|power herb - remove charge turn for electroshot\n|-anim|p1b: Archaludon|Electro Shot|p2a: Facebook Eww\n|-damage|p2a: Facebook Eww|81/301\n|move|p1a: Porygon2|Reflect|p1a: Porygon2\n|-sidestart|p1: Mango Meloetta|Reflect\n|\n|-ability|p2b: smearin' deez|Moody|boost\n|-boost|p2b: smearin' deez|spe|2\n|-unboost|p2b: smearin' deez|spa|1\n|upkeep\n|turn|3\n|\n|t:|1728004324\n|move|p2b: smearin' deez|Spore|p1b: Archaludon\n|-status|p1b: Archaludon|slp|[from] move: Spore\n|move|p2a: Facebook Eww|Ice Punch|p1b: Archaludon\n|debug|Reflect weaken\n|-damage|p1b: Archaludon|344/384 slp\n|-ability|p1b: Archaludon|Stamina|boost\n|-boost|p1b: Archaludon|def|1\n|cant|p1b: Archaludon|slp\n|move|p1a: Porygon2|Toxic|p2b: smearin' deez\n|-status|p2b: smearin' deez|tox\n|\n|-damage|p2b: smearin' deez|295/314 tox|[from] psn\n|-ability|p2b: smearin' deez|Moody|boost\n|-boost|p2b: smearin' deez|def|2\n|-unboost|p2b: smearin' deez|spd|1\n|upkeep\n|turn|4\n|\n|t:|1728004353\n|switch|p2a: Butterfree?!|Volcarona, F|374/374\n|move|p2b: smearin' deez|Tailwind|p2b: smearin' deez\n|-sidestart|p2: noli_cannoli10|move: Tailwind\n|cant|p1b: Archaludon|slp\n|move|p1a: Porygon2|Thunderbolt|p2a: Butterfree?!\n|-damage|p2a: Butterfree?!|304/374\n|\n|-heal|p2a: Butterfree?!|327/374|[from] item: Leftovers\n|-damage|p2b: smearin' deez|257/314 tox|[from] psn\n|-ability|p2b: smearin' deez|Moody|boost\n|-boost|p2b: smearin' deez|atk|2\n|-unboost|p2b: smearin' deez|spd|1\n|upkeep\n|turn|5\n|\n|t:|1728004374\n|move|p2b: smearin' deez|Spore|p1a: Porygon2\n|-status|p1a: Porygon2|slp|[from] move: Spore\n|move|p2a: Butterfree?!|Quiver Dance|p2a: Butterfree?!\n|-boost|p2a: Butterfree?!|spa|1\n|-boost|p2a: Butterfree?!|spd|1\n|-boost|p2a: Butterfree?!|spe|1\n|-curestatus|p1b: Archaludon|slp|[msg]\n|move|p1b: Archaludon|Meteor Beam||[still]\n|-prepare|p1b: Archaludon|Meteor Beam\n|-boost|p1b: Archaludon|spa|1\n|cant|p1a: Porygon2|slp\n|\n|-heal|p2a: Butterfree?!|350/374|[from] item: Leftovers\n|-damage|p2b: smearin' deez|200/314 tox|[from] psn\n|-ability|p2b: smearin' deez|Moody|boost\n|-boost|p2b: smearin' deez|spd|2\n|-unboost|p2b: smearin' deez|atk|1\n|upkeep\n|turn|6\n|\n|t:|1728004397\n|move|p2b: smearin' deez|Spore|p1b: Archaludon\n|-status|p1b: Archaludon|slp|[from] move: Spore\n|move|p2a: Butterfree?!|Heat Wave|p1a: Porygon2|[spread] p1a,p1b\n|debug|Spread modifier: 0.75\n|debug|Spread modifier: 0.75\n|-damage|p1a: Porygon2|245/374 slp\n|-damage|p1b: Archaludon|122/384 slp\n|-ability|p1b: Archaludon|Stamina|boost\n|-boost|p1b: Archaludon|def|1\n|cant|p1b: Archaludon|slp\n|cant|p1a: Porygon2|slp\n|\n|-heal|p2a: Butterfree?!|373/374|[from] item: Leftovers\n|-heal|p1a: Porygon2|268/374 slp|[from] item: Leftovers\n|-damage|p2b: smearin' deez|124/314 tox|[from] psn\n|-sideend|p1: Mango Meloetta|Reflect\n|-ability|p2b: smearin' deez|Moody|boost\n|-boost|p2b: smearin' deez|spe|2\n|-unboost|p2b: smearin' deez|spa|1\n|upkeep\n|turn|7\n|\n|t:|1728004421\n|switch|p2b: Usher Foo|Urshifu-Rapid-Strike, F|341/341\n|switch|p1b: Chien-Pao|Chien-Pao|301/301\n|-ability|p1b: Chien-Pao|Sword of Ruin\n|switch|p1a: Zygarde|Zygarde|357/357\n|-ability|p1a: Zygarde|Aura Break\n|move|p2a: Butterfree?!|Heat Wave|p1b: Chien-Pao|[spread] p1a,p1b\n|debug|Spread modifier: 0.75\n|-resisted|p1a: Zygarde\n|debug|Spread modifier: 0.75\n|-supereffective|p1b: Chien-Pao\n|-damage|p1a: Zygarde|278/357\n|-damage|p1b: Chien-Pao|0 fnt\n|-status|p1a: Zygarde|brn\n|faint|p1b: Chien-Pao\n|\n|-heal|p2a: Butterfree?!|374/374|[from] item: Leftovers\n|-damage|p1a: Zygarde|256/357 brn|[from] brn\n|-sideend|p2: noli_cannoli10|move: Tailwind\n|upkeep\n|\n|t:|1728004436\n|switch|p1b: Genesect|Genesect|283/283\n|-ability|p1b: Genesect|Download|boost\n|-boost|p1b: Genesect|atk|1\n|turn|8\n|\n|t:|1728004467\n|switch|p1b: Archaludon|Archaludon, M|122/384 slp\n|move|p2b: Usher Foo|Close Combat|p1a: Zygarde\n|-damage|p1a: Zygarde|72/357 brn\n|-unboost|p2b: Usher Foo|def|1\n|-unboost|p2b: Usher Foo|spd|1\n|move|p2a: Butterfree?!|Heat Wave|p1b: Archaludon|[spread] p1a,p1b\n|debug|Spread modifier: 0.75\n|-resisted|p1a: Zygarde\n|-crit|p1a: Zygarde\n|debug|Spread modifier: 0.75\n|-damage|p1a: Zygarde|0 fnt\n|-damage|p1b: Archaludon|0 fnt\n|faint|p1a: Zygarde\n|faint|p1b: Archaludon\n|\n|upkeep\n|\n|t:|1728004497\n|switch|p1a: Porygon2|Porygon2|268/374 slp\n|switch|p1b: Genesect|Genesect|283/283\n|-ability|p1b: Genesect|Download|boost\n|-boost|p1b: Genesect|atk|1\n|-ability|p1a: Porygon2|Flame Body|[from] ability: Trace|[of] p2a: Butterfree?!\n|turn|9\n|\n|t:|1728004517\n|move|p2b: Usher Foo|Close Combat|p1b: Genesect\n|-damage|p1b: Genesect|15/283\n|-unboost|p2b: Usher Foo|def|1\n|-unboost|p2b: Usher Foo|spd|1\n|move|p2a: Butterfree?!|Heat Wave|p1a: Porygon2|[spread] p1a,p1b\n|debug|Spread modifier: 0.75\n|debug|Spread modifier: 0.75\n|-supereffective|p1b: Genesect\n|-damage|p1a: Porygon2|141/374 slp\n|-damage|p1b: Genesect|0 fnt\n|faint|p1b: Genesect\n|-curestatus|p1a: Porygon2|slp|[msg]\n|move|p1a: Porygon2|Thunderbolt|p2b: Usher Foo\n|-supereffective|p2b: Usher Foo\n|-damage|p2b: Usher Foo|0 fnt\n|faint|p2b: Usher Foo\n|\n|-heal|p1a: Porygon2|164/374|[from] item: Leftovers\n|upkeep\n|\n|t:|1728004532\n|switch|p2b: smearin' deez|Smeargle, M|124/314 tox\n|turn|10\n|\n|t:|1728004539\n|move|p2a: Butterfree?!|Rage Powder|p2a: Butterfree?!\n|-singleturn|p2a: Butterfree?!|move: Rage Powder\n|move|p2b: smearin' deez|Spore|p1a: Porygon2\n|-status|p1a: Porygon2|slp|[from] move: Spore\n|cant|p1a: Porygon2|slp\n|\n|-heal|p1a: Porygon2|187/374 slp|[from] item: Leftovers\n|-damage|p2b: smearin' deez|105/314 tox|[from] psn\n|-ability|p2b: smearin' deez|Moody|boost\n|-boost|p2b: smearin' deez|spd|2\n|-unboost|p2b: smearin' deez|spa|1\n|upkeep\n|turn|11\n|\n|t:|1728004557\n|move|p2a: Butterfree?!|Heat Wave|p1a: Porygon2\n|-damage|p1a: Porygon2|3/374 slp\n|move|p2b: smearin' deez|Tailwind|p2b: smearin' deez\n|-sidestart|p2: noli_cannoli10|move: Tailwind\n|cant|p1a: Porygon2|slp\n|\n|-heal|p1a: Porygon2|26/374 slp|[from] item: Leftovers\n|-damage|p2b: smearin' deez|67/314 tox|[from] psn\n|-ability|p2b: smearin' deez|Moody|boost\n|-boost|p2b: smearin' deez|def|2\n|-unboost|p2b: smearin' deez|atk|1\n|upkeep\n|turn|12\n|\n|t:|1728004572\n|switch|p2b: Metal Gyatt|Magearna|364/364\n|move|p2a: Butterfree?!|Heat Wave|p1a: Porygon2\n|-crit|p1a: Porygon2\n|-damage|p1a: Porygon2|0 fnt\n|debug|move failed because it did nothing\n|faint|p1a: Porygon2\n|\n|win|noli_cannoli10\n|l|☆Mango Meloetta\n|player|p1|\n|l|☆noli_cannoli10\n|player|p2|\n|j| smokeydabearrr\n|j| mattmandaman\n","uploadtime":1728004654,"views":"45","formatid":"gen9doublescustomgame","rating":null,"private":0,"password":null}