{"id":"gen9doublescustomgame-2373887231","format":"[Gen 9] Doubles Custom Game","players":["mistermoscow","Mattmandaman"],"log":"|j|☆mistermoscow\n|j|☆Mattmandaman\n|t:|1748459577\n|gametype|doubles\n|player|p1|mistermoscow|alder|\n|player|p2|Mattmandaman|giovanni|\n|teamsize|p1|6\n|teamsize|p2|6\n|gen|9\n|tier|[Gen 9] Doubles Custom Game\n|clearpoke\n|poke|p1|Nidoking, M|\n|poke|p1|Machoke, M|\n|poke|p1|Dewgong, M|\n|poke|p1|Exeggutor, M|\n|poke|p1|Mr. Mime, M|\n|poke|p1|Jolteon, M|\n|poke|p2|Gengar, F|\n|poke|p2|Starmie|\n|poke|p2|Chansey, F|\n|poke|p2|Nidoking, M|\n|poke|p2|Snorlax, F|\n|poke|p2|Pinsir, F|\n|teampreview\n|\n|t:|1748459652\n|start\n|switch|p1a: Mimsy|Mr. Mime, M|221/221\n|switch|p1b: Dewey|Dewgong, M|384/384\n|switch|p2a: Gengar|Gengar, F|262/262\n|switch|p2b: Pinsir|Pinsir, F|334/334\n|turn|1\n|\n|t:|1748459680\n|move|p1b: Dewey|Fake Out|p2b: Pinsir\n|-damage|p2b: Pinsir|299/334\n|move|p2a: Gengar|Sludge Bomb|p1a: Mimsy\n|-supereffective|p1a: Mimsy\n|debug|Filter neutralize\n|-damage|p1a: Mimsy|13/221\n|move|p1a: Mimsy|Expanding Force|p2a: Gengar\n|-supereffective|p2a: Gengar\n|-enditem|p2a: Gengar|Focus Sash\n|-damage|p2a: Gengar|1/262\n|cant|p2b: Pinsir|flinch\n|\n|upkeep\n|turn|2\n|\n|t:|1748459707\n|switch|p1a: King Nido|Nidoking, M|303/303\n|move|p2a: Gengar|Protect|p2a: Gengar\n|-singleturn|p2a: Gengar|Protect\n|move|p2b: Pinsir|Earthquake|p1b: Dewey|[spread] p1a,p1b\n|-activate|p2a: Gengar|move: Protect\n|debug|Spread modifier: 0.75\n|-supereffective|p1a: King Nido\n|debug|Spread modifier: 0.75\n|-damage|p1a: King Nido|59/303\n|-damage|p1b: Dewey|279/384\n|move|p1b: Dewey|Flip Turn|p2a: Gengar\n|-activate|p2a: Gengar|move: Protect\n|\n|upkeep\n|turn|3\n|\n|t:|1748459748\n|switch|p2a: Snorlax|Snorlax, F|479/479\n|move|p1a: King Nido|Sludge Bomb|p2a: Snorlax\n|-damage|p2a: Snorlax|325/479\n|move|p2b: Pinsir|Earthquake|p1a: King Nido|[spread] p2a,p1a,p1b\n|debug|Spread modifier: 0.75\n|debug|Spread modifier: 0.75\n|-supereffective|p1a: King Nido\n|debug|Spread modifier: 0.75\n|-damage|p2a: Snorlax|201/479\n|-damage|p1a: King Nido|0 fnt\n|-damage|p1b: Dewey|159/384\n|faint|p1a: King Nido\n|-ability|p2b: Pinsir|Moxie|boost\n|-boost|p2b: Pinsir|atk|1\n|move|p1b: Dewey|Knock Off|p2a: Snorlax\n|-damage|p2a: Snorlax|94/479\n|-enditem|p2a: Snorlax|Leftovers|[from] move: Knock Off|[of] p1b: Dewey\n|\n|upkeep\n|\n|t:|1748459767\n|switch|p1a: Sparky|Jolteon, M|271/271\n|turn|4\n|\n|t:|1748459781\n|move|p1a: Sparky|Electroweb|p2a: Snorlax|[spread] p2a,p2b\n|debug|Spread modifier: 0.75\n|debug|Spread modifier: 0.75\n|-damage|p2a: Snorlax|42/479\n|-damage|p2b: Pinsir|242/334\n|-unboost|p2a: Snorlax|spe|1\n|-unboost|p2b: Pinsir|spe|1\n|move|p1b: Dewey|Triple Axel|p2b: Pinsir\n|-damage|p2b: Pinsir|217/334\n|-damage|p2b: Pinsir|159/334\n|-damage|p2b: Pinsir|80/334\n|-hitcount|p2b: Pinsir|3\n|move|p2b: Pinsir|Earthquake|p1a: Sparky|[spread] p2a,p1a,p1b\n|debug|Spread modifier: 0.75\n|debug|Spread modifier: 0.75\n|-supereffective|p1a: Sparky\n|debug|Spread modifier: 0.75\n|-damage|p2a: Snorlax|0 fnt\n|-damage|p1a: Sparky|0 fnt\n|-damage|p1b: Dewey|0 fnt\n|faint|p2a: Snorlax\n|faint|p1a: Sparky\n|faint|p1b: Dewey\n|-ability|p2b: Pinsir|Moxie|boost\n|-boost|p2b: Pinsir|atk|3\n|\n|upkeep\n|\n|t:|1748459814\n|switch|p1a: Eggman|Exeggutor, M|394/394\n|switch|p1b: Randy|Machoke, M|302/302\n|switch|p2a: Gengar|Gengar, F|1/262\n|turn|5\n|\n|t:|1748459836\n|move|p1b: Randy|Bullet Punch|p2a: Gengar\n|-damage|p2a: Gengar|0 fnt\n|faint|p2a: Gengar\n|move|p1a: Eggman|Psychic Terrain|p1a: Eggman\n|-fieldstart|move: Psychic Terrain\n|move|p2b: Pinsir|Earthquake|p1a: Eggman|[spread] p1a,p1b\n|debug|Spread modifier: 0.75\n|-resisted|p1a: Eggman\n|debug|Spread modifier: 0.75\n|-damage|p1a: Eggman|245/394\n|-damage|p1b: Randy|122/302\n|\n|upkeep\n|\n|t:|1748459850\n|switch|p2a: Starmie|Starmie|262/262\n|turn|6\n|\n|t:|1748459859\n|move|p1b: Randy|Protect|p1b: Randy\n|-singleturn|p1b: Randy|Protect\n|move|p2a: Starmie|Expanding Force|p1b: Randy|[spread] p1a\n|-activate|p1b: Randy|move: Protect\n|debug|psychic terrain boost\n|debug|terrain buff\n|debug|Spread modifier: 0.75\n|-resisted|p1a: Eggman\n|-damage|p1a: Eggman|85/394\n|move|p1a: Eggman|Giga Drain|p2a: Starmie\n|-supereffective|p2a: Starmie\n|-damage|p2a: Starmie|0 fnt\n|-heal|p1a: Eggman|216/394|[from] drain|[of] p2a: Starmie\n|faint|p2a: Starmie\n|-damage|p1a: Eggman|177/394|[from] item: Life Orb\n|move|p2b: Pinsir|X-Scissor|p1a: Eggman\n|-supereffective|p1a: Eggman\n|-damage|p1a: Eggman|0 fnt\n|faint|p1a: Eggman\n|-ability|p2b: Pinsir|Moxie|boost\n|-boost|p2b: Pinsir|atk|1\n|\n|upkeep\n|\n|t:|1748459875\n|switch|p2a: Nidoking|Nidoking, M|304/304\n|switch|p1a: Mimsy|Mr. Mime, M|13/221\n|turn|7\n|\n|t:|1748459884\n|move|p2a: Nidoking|Sludge Wave|p1a: Mimsy|[spread] p2b,p1a,p1b\n|debug|Spread modifier: 0.75\n|debug|Spread modifier: 0.75\n|-supereffective|p1a: Mimsy\n|debug|Filter neutralize\n|debug|Spread modifier: 0.75\n|-damage|p2b: Pinsir|0 fnt\n|-damage|p1a: Mimsy|0 fnt\n|-damage|p1b: Randy|25/302\n|faint|p2b: Pinsir\n|faint|p1a: Mimsy\n|move|p1b: Randy|Fissure|p2a: Nidoking\n|-damage|p2a: Nidoking|0 fnt\n|faint|p2a: Nidoking\n|-ohko\n|\n|upkeep\n|\n|t:|1748459891\n|switch|p2b: Chansey|Chansey, F|704/704\n|turn|8\n|\n|t:|1748459898\n|move|p2b: Chansey|Seismic Toss|p1b: Randy\n|-damage|p1b: Randy|0 fnt\n|faint|p1b: Randy\n|\n|win|Mattmandaman\n","uploadtime":1748459920,"views":"10","formatid":"gen9doublescustomgame","rating":null,"private":0,"password":null}