{"id":"gen9doublescustomgame-2432105175","format":"[Gen 9] Doubles Custom Game","players":["mistermoscow","mattmandaman"],"log":"|badge|p2|silver|gen9doublesou|30-6\n|uhtml|medal-msg|<div class=\"broadcast-blue\">Curious what those medals under the avatar are? PS now has Ladder Seasons! For more information, check out the <a href=\"https://www.smogon.com/forums/threads/3740067/\">thread on Smogon.</a></div>\n|j|☆mistermoscow\n|j|☆mattmandaman\n|t:|1756609090\n|gametype|doubles\n|player|p1|mistermoscow|alder|\n|player|p2|mattmandaman|giovanni|\n|gen|9\n|tier|[Gen 9] Doubles Custom Game\n|clearpoke\n|poke|p1|Butterfree, F|\n|poke|p1|Nidoking, M|\n|poke|p1|Clefairy, M|\n|poke|p1|Primeape, M|\n|poke|p1|Mr. Mime, M|\n|poke|p1|Jolteon, M|\n|poke|p2|Onix|\n|poke|p2|Starmie|\n|poke|p2|Nidoking, M|\n|poke|p2|Snorlax|\n|poke|p2|Gengar|\n|poke|p2|Muk|\n|teampreview\n|\n|t:|1756609136\n|teamsize|p1|6\n|teamsize|p2|6\n|start\n|switch|p1a: Purple Haze|Butterfree, F|262/262\n|switch|p1b: Mimsy|Mr. Mime, M|222/222\n|switch|p2a: Starmie|Starmie|262/262\n|switch|p2b: Nidoking|Nidoking, M|304/304\n|turn|1\n|j| je64\n|\n|t:|1756609188\n|move|p1b: Mimsy|Fake Out|p2b: Nidoking\n|-damage|p2b: Nidoking|286/304\n|cant|p2b: Nidoking|flinch\n|move|p2a: Starmie|Ice Beam|p1a: Purple Haze\n|-supereffective|p1a: Purple Haze\n|-damage|p1a: Purple Haze|48/262\n|move|p1a: Purple Haze|Sleep Powder|p2a: Starmie\n|debug|compoundeyes - enhancing accuracy\n|-status|p2a: Starmie|slp|[from] move: Sleep Powder\n|\n|upkeep\n|turn|2\n|\n|t:|1756609223\n|switch|p1b: King Nido|Nidoking, M|304/304\n|move|p2b: Nidoking|Sludge Wave|p1b: King Nido|[spread] p2a,p1a,p1b\n|debug|Spread modifier: 0.75\n|debug|Spread modifier: 0.75\n|debug|Spread modifier: 0.75\n|-resisted|p1b: King Nido\n|-crit|p1b: King Nido\n|-damage|p2a: Starmie|105/262 slp\n|-damage|p1a: Purple Haze|0 fnt\n|-damage|p1b: King Nido|234/304\n|faint|p1a: Purple Haze\n|cant|p2a: Starmie|slp\n|\n|upkeep\n|\n|t:|1756609242\n|switch|p1a: Sparky|Jolteon, M|271/271\n|turn|3\n|\n|t:|1756609260\n|switch|p2b: Onix|Onix|212/212\n|-item|p2b: Onix|Air Balloon\n|move|p1b: King Nido|Earth Power|p2b: Onix\n|-immune|p2b: Onix\n|move|p1a: Sparky|Light Screen|p1a: Sparky\n|-sidestart|p1: mistermoscow|move: Light Screen\n|-curestatus|p2a: Starmie|slp|[msg]\n|move|p2a: Starmie|Psychic|p1b: King Nido\n|-supereffective|p1b: King Nido\n|debug|Light Screen weaken\n|-damage|p1b: King Nido|26/304\n|\n|upkeep\n|turn|4\n|\n|t:|1756609300\n|move|p2a: Starmie|Protect|p2a: Starmie\n|-singleturn|p2a: Starmie|Protect\n|move|p1b: King Nido|Earth Power|p2a: Starmie\n|-activate|p2a: Starmie|move: Protect\n|move|p1a: Sparky|Reflect|p1a: Sparky\n|-sidestart|p1: mistermoscow|Reflect\n|move|p2b: Onix|Body Press|p1b: King Nido\n|-resisted|p1b: King Nido\n|debug|Reflect weaken\n|-damage|p1b: King Nido|0 fnt\n|faint|p1b: King Nido\n|\n|upkeep\n|\n|t:|1756609320\n|switch|p1b: Clifford|Clefairy, M|282/282\n|turn|5\n|\n|t:|1756609370\n|switch|p2a: Snorlax|Snorlax|484/484\n|move|p1b: Clifford|Helping Hand|p1a: Sparky\n|-singleturn|p1a: Sparky|Helping Hand|[of] p1b: Clifford\n|move|p1a: Sparky|Hyper Voice|p2b: Onix|[spread] p2a,p2b\n|debug|Boosting from Helping Hand: 1.5\n|debug|Spread modifier: 0.75\n|debug|Boosting from Helping Hand: 1.5\n|debug|Spread modifier: 0.75\n|-resisted|p2b: Onix\n|-damage|p2a: Snorlax|390/484\n|-damage|p2b: Onix|111/212\n|-enditem|p2b: Onix|Air Balloon\n|move|p2b: Onix|Stealth Rock|p1b: Clifford\n|-sidestart|p1: mistermoscow|move: Stealth Rock\n|\n|-heal|p2a: Snorlax|420/484|[from] item: Leftovers\n|upkeep\n|turn|6\n|\n|t:|1756609400\n|move|p2b: Onix|Protect|p2b: Onix\n|-singleturn|p2b: Onix|Protect\n|move|p1b: Clifford|Follow Me|p1b: Clifford\n|-singleturn|p1b: Clifford|move: Follow Me\n|move|p1a: Sparky|Hyper Voice|p2a: Snorlax|[spread] p2a\n|-activate|p2b: Onix|move: Protect\n|debug|Spread modifier: 0.75\n|-damage|p2a: Snorlax|351/484\n|move|p2a: Snorlax|Earthquake|p1b: Clifford|[spread] p1a,p1b\n|-activate|p2b: Onix|move: Protect\n|debug|Spread modifier: 0.75\n|-supereffective|p1a: Sparky\n|debug|Friend Guard weaken\n|debug|Reflect weaken\n|debug|Spread modifier: 0.75\n|debug|Reflect weaken\n|-damage|p1a: Sparky|151/271\n|-damage|p1b: Clifford|238/282\n|\n|-heal|p2a: Snorlax|381/484|[from] item: Leftovers\n|upkeep\n|turn|7\n|\n|t:|1756609442\n|switch|p1a: Apollo|Primeape, M|271/271\n|-damage|p1a: Apollo|255/271|[from] Stealth Rock\n|move|p1b: Clifford|Follow Me|p1b: Clifford\n|-singleturn|p1b: Clifford|move: Follow Me\n|move|p2b: Onix|Body Press|p1b: Clifford\n|debug|Follow Me redirected target of move\n|-resisted|p1b: Clifford\n|debug|Reflect weaken\n|-damage|p1b: Clifford|206/282\n|move|p2a: Snorlax|Body Slam|p1b: Clifford\n|debug|Follow Me redirected target of move\n|debug|Reflect weaken\n|-damage|p1b: Clifford|133/282\n|\n|-heal|p2a: Snorlax|411/484|[from] item: Leftovers\n|-sideend|p1: mistermoscow|move: Light Screen\n|upkeep\n|turn|8\n|\n|t:|1756609495\n|move|p1b: Clifford|Follow Me|p1b: Clifford\n|-singleturn|p1b: Clifford|move: Follow Me\n|move|p1a: Apollo|Bulk Up|p1a: Apollo\n|-boost|p1a: Apollo|atk|1\n|-boost|p1a: Apollo|def|1\n|move|p2a: Snorlax|Body Slam|p1b: Clifford\n|debug|Follow Me redirected target of move\n|debug|Reflect weaken\n|-damage|p1b: Clifford|54/282\n|move|p2b: Onix|Roar|p1b: Clifford\n|debug|Follow Me redirected target of move\n|drag|p1b: Mimsy|Mr. Mime, M|222/222\n|-damage|p1b: Mimsy|195/222|[from] Stealth Rock\n|\n|-heal|p2a: Snorlax|441/484|[from] item: Leftovers\n|-sideend|p1: mistermoscow|Reflect\n|upkeep\n|turn|9\n|\n|t:|1756609533\n|switch|p2a: Muk|Muk|385/385\n|move|p1a: Apollo|Drain Punch|p2b: Onix\n|-supereffective|p2b: Onix\n|-damage|p2b: Onix|0 fnt\n|-heal|p1a: Apollo|271/271|[from] drain|[of] p2b: Onix\n|faint|p2b: Onix\n|move|p1b: Mimsy|Psyshock|p2a: Muk\n|-supereffective|p2a: Muk\n|-damage|p2a: Muk|73/385\n|\n|upkeep\n|\n|t:|1756609545\n|switch|p2b: Gengar|Gengar|262/262\n|turn|10\n|\n|t:|1756609598\n|switch|p1b: Clifford|Clefairy, M|54/282\n|-damage|p1b: Clifford|19/282|[from] Stealth Rock\n|move|p2a: Muk|Shadow Sneak|p1b: Clifford\n|-damage|p1b: Clifford|0 fnt\n|faint|p1b: Clifford\n|move|p2b: Gengar|Sludge Bomb|p1a: Apollo\n|-damage|p1a: Apollo|166/271\n|-status|p1a: Apollo|psn\n|move|p1a: Apollo|Facade|p2a: Muk\n|-damage|p2a: Muk|0 fnt\n|faint|p2a: Muk\n|\n|-damage|p1a: Apollo|133/271 psn|[from] psn\n|upkeep\n|\n|t:|1756609623\n|switch|p2a: Starmie|Starmie|105/262\n|switch|p1b: Sparky|Jolteon, M|151/271\n|-damage|p1b: Sparky|118/271|[from] Stealth Rock\n|turn|11\n|\n|t:|1756609664\n|move|p2a: Starmie|Protect|p2a: Starmie\n|-singleturn|p2a: Starmie|Protect\n|move|p2b: Gengar|Protect|p2b: Gengar\n|-singleturn|p2b: Gengar|Protect\n|move|p1b: Sparky|Electroweb|p2a: Starmie|[spread] \n|-activate|p2a: Starmie|move: Protect\n|-activate|p2b: Gengar|move: Protect\n|move|p1a: Apollo|Rage Fist|p2b: Gengar\n|-activate|p2b: Gengar|move: Protect\n|\n|-damage|p1a: Apollo|100/271 psn|[from] psn\n|upkeep\n|turn|12\n|\n|t:|1756609691\n|move|p1b: Sparky|Electroweb|p2b: Gengar|[spread] p2a,p2b\n|debug|Spread modifier: 0.75\n|-supereffective|p2a: Starmie\n|-enditem|p2a: Starmie|Wacan Berry|[eat]\n|debug|-50% reduction\n|-enditem|p2a: Starmie|Wacan Berry|[weaken]\n|debug|Spread modifier: 0.75\n|-damage|p2a: Starmie|26/262\n|-damage|p2b: Gengar|181/262\n|-unboost|p2a: Starmie|spe|1\n|-unboost|p2b: Gengar|spe|1\n|move|p2a: Starmie|Psychic|p1a: Apollo\n|-supereffective|p1a: Apollo\n|-damage|p1a: Apollo|0 fnt\n|faint|p1a: Apollo\n|move|p2b: Gengar|Sludge Bomb|p1b: Sparky\n|-damage|p1b: Sparky|0 fnt\n|debug|Covert Cloak prevent secondary\n|faint|p1b: Sparky\n|\n|upkeep\n|\n|t:|1756609704\n|switch|p1b: Mimsy|Mr. Mime, M|195/222\n|-damage|p1b: Mimsy|168/222|[from] Stealth Rock\n|turn|13\n|\n|t:|1756609713\n|switch|p2b: Snorlax|Snorlax|441/484\n|move|p1b: Mimsy|Fake Out|p2b: Snorlax\n|-damage|p2b: Snorlax|422/484\n|move|p2a: Starmie|Scald|p1b: Mimsy\n|-damage|p1b: Mimsy|71/222\n|\n|-heal|p2b: Snorlax|452/484|[from] item: Leftovers\n|upkeep\n|turn|14\n|\n|t:|1756609727\n|move|p2a: Starmie|Scald|p1b: Mimsy\n|-damage|p1b: Mimsy|0 fnt\n|faint|p1b: Mimsy\n|\n|win|mattmandaman\n","uploadtime":1756609732,"views":"11","formatid":"gen9doublescustomgame","rating":null,"private":0,"password":null}