{"id":"gen9doublescustomgame-2078054670","format":"[Gen 9] Doubles Custom Game","players":["mistermoscow","mattmandaman"],"log":"|j|☆mistermoscow\n|j|☆mattmandaman\n|t:|1710108642\n|gametype|doubles\n|player|p1|mistermoscow|170|\n|player|p2|mattmandaman|giovanni|\n|teamsize|p1|6\n|teamsize|p2|6\n|gen|9\n|tier|[Gen 9] Doubles Custom Game\n|clearpoke\n|poke|p1|Archaludon, M|\n|poke|p1|Landorus, M|\n|poke|p1|Iron Bundle|\n|poke|p1|Tapu Koko|\n|poke|p1|Chi-Yu|\n|poke|p1|Pelipper, M|\n|poke|p2|Kommo-o, M|\n|poke|p2|Shaymin-Sky|\n|poke|p2|Kangaskhan, F|\n|poke|p2|Diancie|\n|poke|p2|Volcanion|\n|poke|p2|Grimmsnarl, M|\n|teampreview\n|j| Mango Meloetta\n|c| Mango Meloetta|ITS AWN\n|j| je64\n|\n|t:|1710108728\n|start\n|switch|p1a: Static|Tapu Koko|281/281\n|switch|p1b: Robot Santa|Iron Bundle|253/253\n|switch|p2a: Grimmsnarl|Grimmsnarl, M|394/394\n|switch|p2b: Kangaskhan|Kangaskhan, F|352/352\n|-fieldstart|move: Electric Terrain|[from] ability: Electric Surge|[of] p1a: Static\n|-activate|p1b: Robot Santa|ability: Quark Drive\n|-start|p1b: Robot Santa|quarkdrivespe\n|turn|1\n|debug|Quark Drive spe boost\n|debug|Quark Drive spe boost\n|\n|t:|1710108778\n|-end|p1b: Robot Santa|Quark Drive|[silent]\n|switch|p1b: Archie|Archaludon, M|384/384\n|detailschange|p2b: Kangaskhan|Kangaskhan-Mega, F\n|-mega|p2b: Kangaskhan|Kangaskhan|Kangaskhanite\n|move|p2b: Kangaskhan|Fake Out|p1b: Archie\n|-resisted|p1b: Archie\n|-damage|p1b: Archie|355/384\n|-ability|p1b: Archie|Stamina|boost\n|-boost|p1b: Archie|def|1\n|debug|Parental Bond modifier: 0.25\n|-resisted|p1b: Archie\n|-damage|p1b: Archie|352/384\n|debug|move failed because it did nothing\n|-ability|p1b: Archie|Stamina|boost\n|-boost|p1b: Archie|def|1\n|-hitcount|p1b: Archie|2\n|move|p2a: Grimmsnarl|Light Screen|p2a: Grimmsnarl\n|-sidestart|p2: mattmandaman|move: Light Screen\n|move|p1a: Static|Taunt|p2a: Grimmsnarl\n|-start|p2a: Grimmsnarl|move: Taunt\n|\n|upkeep\n|turn|2\n|\n|t:|1710108813\n|switch|p1a: Jonathan|Pelipper, M|301/301\n|-weather|RainDance|[from] ability: Drizzle|[of] p1a: Jonathan\n|move|p2b: Kangaskhan|Return|p1a: Jonathan\n|-damage|p1a: Jonathan|123/301\n|debug|Parental Bond modifier: 0.25\n|-damage|p1a: Jonathan|75/301\n|-hitcount|p1a: Jonathan|2\n|move|p1b: Archie|Electro Shot||[still]\n|-prepare|p1b: Archie|Electro Shot\n|-boost|p1b: Archie|spa|1\n|-anim|p1b: Archie|Electro Shot|p2a: Grimmsnarl\n|debug|electric terrain boost\n|debug|Light Screen weaken\n|-damage|p2a: Grimmsnarl|257/394\n|move|p2a: Grimmsnarl|Spirit Break|p1a: Jonathan\n|-damage|p1a: Jonathan|0 fnt\n|faint|p1a: Jonathan\n|\n|-weather|RainDance|[upkeep]\n|upkeep\n|\n|t:|1710108865\n|switch|p1a: God|Landorus, M|319/319\n|turn|3\n|\n|t:|1710108884\n|move|p1a: God|Sludge Bomb|p2a: Grimmsnarl\n|-supereffective|p2a: Grimmsnarl\n|debug|Light Screen weaken\n|-damage|p2a: Grimmsnarl|92/394\n|-status|p2a: Grimmsnarl|psn\n|-damage|p1a: God|288/319|[from] item: Life Orb\n|move|p2b: Kangaskhan|Return|p1a: God\n|-damage|p1a: God|66/319\n|debug|Parental Bond modifier: 0.25\n|-damage|p1a: God|12/319\n|-hitcount|p1a: God|2\n|move|p1b: Archie|Body Press|p2b: Kangaskhan\n|-supereffective|p2b: Kangaskhan\n|-damage|p2b: Kangaskhan|14/352\n|move|p2a: Grimmsnarl|Spirit Break|p1a: God\n|-damage|p1a: God|0 fnt\n|faint|p1a: God\n|\n|-weather|RainDance|[upkeep]\n|-damage|p2a: Grimmsnarl|43/394 psn|[from] psn\n|upkeep\n|\n|t:|1710108910\n|switch|p1a: Robot Santa|Iron Bundle|253/253\n|-activate|p1a: Robot Santa|ability: Quark Drive\n|-start|p1a: Robot Santa|quarkdrivespe\n|turn|4\n|debug|Quark Drive spe boost\n|debug|Quark Drive spe boost\n|\n|t:|1710108935\n|switch|p2b: Diancie|Diancie|304/304\n|debug|Quark Drive spe boost\n|debug|Quark Drive spe boost\n|move|p1a: Robot Santa|Icy Wind|p2a: Grimmsnarl|[spread] p2a,p2b\n|debug|Spread modifier: 0.75\n|debug|Light Screen weaken\n|debug|Spread modifier: 0.75\n|-crit|p2b: Diancie\n|-damage|p2a: Grimmsnarl|2/394 psn\n|-damage|p2b: Diancie|235/304\n|-unboost|p2a: Grimmsnarl|spe|1\n|debug|move failed because it did nothing\n|debug|Quark Drive spe boost\n|move|p1b: Archie|Electro Shot||[still]\n|-prepare|p1b: Archie|Electro Shot\n|-boost|p1b: Archie|spa|1\n|-anim|p1b: Archie|Electro Shot|p2a: Grimmsnarl\n|debug|electric terrain boost\n|debug|Light Screen weaken\n|-damage|p2a: Grimmsnarl|0 fnt\n|faint|p2a: Grimmsnarl\n|debug|Quark Drive spe boost\n|\n|debug|Quark Drive spe boost\n|-weather|RainDance|[upkeep]\n|upkeep\n|j| Smokeydabearrr\n|debug|Quark Drive spe boost\n|\n|t:|1710109017\n|switch|p2a: Volcanion|Volcanion|364/364\n|-item|p2a: Volcanion|Air Balloon\n|turn|5\n|debug|Quark Drive spe boost\n|debug|Quark Drive spe boost\n|\n|t:|1710109037\n|-terastallize|p2a: Volcanion|Ground\n|debug|Quark Drive spe boost\n|debug|Quark Drive spe boost\n|move|p1a: Robot Santa|Freeze-Dry|p2a: Volcanion\n|-supereffective|p2a: Volcanion\n|debug|Light Screen weaken\n|-damage|p2a: Volcanion|188/364\n|-enditem|p2a: Volcanion|Air Balloon\n|debug|Quark Drive spe boost\n|move|p1b: Archie|Flash Cannon|p2b: Diancie\n|-supereffective|p2b: Diancie\n|debug|Light Screen weaken\n|-damage|p2b: Diancie|0 fnt\n|faint|p2b: Diancie\n|debug|Quark Drive spe boost\n|move|p2a: Volcanion|Roar|p1b: Archie\n|drag|p1b: Poot|Chi-Yu|252/252\n|-ability|p1b: Poot|Beads of Ruin\n|\n|debug|Quark Drive spe boost\n|-weather|RainDance|[upkeep]\n|-fieldend|move: Electric Terrain\n|-end|p1a: Robot Santa|Quark Drive\n|upkeep\n|\n|t:|1710109060\n|switch|p2b: Kangaskhan|Kangaskhan-Mega, F|14/352\n|turn|6\n|\n|t:|1710109092\n|switch|p1b: Archie|Archaludon, M|352/384\n|-terastallize|p1a: Robot Santa|Ghost\n|move|p2b: Kangaskhan|Fake Out|p1a: Robot Santa\n|-immune|p1a: Robot Santa\n|move|p1a: Robot Santa|Icy Wind|p2a: Volcanion|[spread] p2a,p2b\n|debug|Spread modifier: 0.75\n|-supereffective|p2a: Volcanion\n|debug|Light Screen weaken\n|debug|Spread modifier: 0.75\n|debug|Light Screen weaken\n|-damage|p2a: Volcanion|79/364\n|-damage|p2b: Kangaskhan|0 fnt\n|-unboost|p2a: Volcanion|spe|1\n|faint|p2b: Kangaskhan\n|move|p2a: Volcanion|Steam Eruption|p1b: Archie\n|debug|rain water boost\n|-resisted|p1b: Archie\n|-damage|p1b: Archie|253/384\n|-ability|p1b: Archie|Stamina|boost\n|-boost|p1b: Archie|def|1\n|\n|-weather|RainDance|[upkeep]\n|upkeep\n|\n|t:|1710109114\n|switch|p2b: Kommo-o|Kommo-o, M|292/292\n|turn|7\n|\n|t:|1710109152\n|move|p2b: Kommo-o|Protect|p2b: Kommo-o\n|-singleturn|p2b: Kommo-o|Protect\n|move|p1a: Robot Santa|Icy Wind|p2a: Volcanion|[spread] p2a\n|-activate|p2b: Kommo-o|move: Protect\n|debug|Spread modifier: 0.75\n|-supereffective|p2a: Volcanion\n|-crit|p2a: Volcanion\n|-damage|p2a: Volcanion|0 fnt\n|faint|p2a: Volcanion\n|move|p1b: Archie|Draco Meteor|p2b: Kommo-o\n|-activate|p2b: Kommo-o|move: Protect\n|\n|-weather|RainDance|[upkeep]\n|upkeep\n|c| Mango Meloetta|YES\n|\n|t:|1710109166\n|switch|p2a: Shaymin|Shaymin-Sky|342/342\n|turn|8\n|\n|t:|1710109205\n|move|p1a: Robot Santa|Icy Wind|p2b: Kommo-o|[spread] p2a,p2b\n|debug|Spread modifier: 0.75\n|-supereffective|p2a: Shaymin\n|debug|Light Screen weaken\n|debug|Spread modifier: 0.75\n|-supereffective|p2b: Kommo-o\n|debug|Light Screen weaken\n|-damage|p2a: Shaymin|102/342\n|-damage|p2b: Kommo-o|200/292\n|-unboost|p2a: Shaymin|spe|1\n|-unboost|p2b: Kommo-o|spe|1\n|move|p2a: Shaymin|Tailwind|p2a: Shaymin\n|-sidestart|p2: mattmandaman|move: Tailwind\n|move|p2b: Kommo-o|Clangorous Soul|p2b: Kommo-o\n|-boost|p2b: Kommo-o|atk|1\n|-boost|p2b: Kommo-o|def|1\n|-boost|p2b: Kommo-o|spa|1\n|-boost|p2b: Kommo-o|spd|1\n|-boost|p2b: Kommo-o|spe|1\n|-damage|p2b: Kommo-o|104/292\n|-enditem|p2b: Kommo-o|Throat Spray\n|-boost|p2b: Kommo-o|spa|1|[from] item: Throat Spray\n|move|p1b: Archie|Electro Shot||[still]\n|-prepare|p1b: Archie|Electro Shot\n|-boost|p1b: Archie|spa|1\n|-anim|p1b: Archie|Electro Shot|p2a: Shaymin\n|debug|Light Screen weaken\n|-damage|p2a: Shaymin|0 fnt\n|faint|p2a: Shaymin\n|\n|-weather|RainDance|[upkeep]\n|-sideend|p2: mattmandaman|move: Light Screen\n|upkeep\n|turn|9\n|\n|t:|1710109282\n|-end|p1a: Robot Santa|Quark Drive|[silent]\n|switch|p1a: Static|Tapu Koko|281/281\n|-fieldstart|move: Electric Terrain|[from] ability: Electric Surge|[of] p1a: Static\n|move|p2b: Kommo-o|Clanging Scales|p1a: Static|[spread] p1b\n|-immune|p1a: Static\n|debug|Spread modifier: 0.75\n|-damage|p1b: Archie|112/384\n|-ability|p1b: Archie|Stamina|boost\n|-boost|p1b: Archie|def|1\n|-unboost|p2b: Kommo-o|def|1\n|move|p1b: Archie|Draco Meteor|p2b: Kommo-o\n|-supereffective|p2b: Kommo-o\n|-damage|p2b: Kommo-o|0 fnt\n|-unboost|p1b: Archie|spa|2\n|faint|p2b: Kommo-o\n|\n|win|mistermoscow\n","uploadtime":1710109304,"views":"32","formatid":"gen9doublescustomgame","rating":null,"private":0,"password":null}