{"id":"gen9doublescustomgame-2315182719","format":"[Gen 9] Doubles Custom Game","players":["mistermoscow","mattmandaman"],"log":"|j|☆mistermoscow\n|j|☆mattmandaman\n|t:|1741450624\n|gametype|doubles\n|player|p1|mistermoscow|alder|\n|player|p2|mattmandaman|giovanni|\n|teamsize|p1|6\n|teamsize|p2|6\n|gen|9\n|tier|[Gen 9] Doubles Custom Game\n|clearpoke\n|poke|p1|Nidoking, M|\n|poke|p1|Clefairy, M|\n|poke|p1|Primeape, M|\n|poke|p1|Dewgong, M|\n|poke|p1|Mr. Mime, M|\n|poke|p1|Jolteon, M|\n|poke|p2|Gengar, F|\n|poke|p2|Starmie|\n|poke|p2|Chansey, F|\n|poke|p2|Nidoking, M|\n|poke|p2|Snorlax, F|\n|poke|p2|Pinsir, F|\n|teampreview\n|\n|t:|1741450683\n|start\n|switch|p1a: Clifford|Clefairy, M|282/282\n|switch|p1b: Mimsy|Mr. Mime, M|222/222\n|switch|p2a: Pinsir|Pinsir, F|334/334\n|switch|p2b: Gengar|Gengar, F|262/262\n|turn|1\n|\n|t:|1741450702\n|move|p1b: Mimsy|Fake Out|p2a: Pinsir\n|-damage|p2a: Pinsir|316/334\n|move|p2b: Gengar|Sludge Bomb|p1a: Clifford\n|-supereffective|p1a: Clifford\n|-damage|p1a: Clifford|60/282\n|cant|p2a: Pinsir|flinch\n|move|p1a: Clifford|Cosmic Power|p1a: Clifford\n|-boost|p1a: Clifford|def|1\n|-boost|p1a: Clifford|spd|1\n|\n|upkeep\n|turn|2\n|\n|t:|1741450718\n|move|p1b: Mimsy|Follow Me|p1b: Mimsy\n|-singleturn|p1b: Mimsy|move: Follow Me\n|move|p2b: Gengar|Sludge Bomb|p1b: Mimsy\n|debug|Follow Me redirected target of move\n|-supereffective|p1b: Mimsy\n|debug|Filter neutralize\n|debug|Friend Guard weaken\n|-damage|p1b: Mimsy|67/222\n|move|p2a: Pinsir|Knock Off|p1b: Mimsy\n|debug|Follow Me redirected target of move\n|debug|Friend Guard weaken\n|-damage|p1b: Mimsy|0 fnt\n|-enditem|p1b: Mimsy|Mental Herb|[from] move: Knock Off|[of] p2a: Pinsir\n|faint|p1b: Mimsy\n|move|p1a: Clifford|Wish|p1a: Clifford\n|\n|upkeep\n|\n|t:|1741450747\n|switch|p1b: King Nido|Nidoking, M|304/304\n|turn|3\n|\n|t:|1741450797\n|move|p1b: King Nido|Sludge Bomb|p2a: Pinsir\n|-damage|p2a: Pinsir|160/334\n|move|p2b: Gengar|Psychic|p1b: King Nido\n|-supereffective|p1b: King Nido\n|debug|Friend Guard weaken\n|-damage|p1b: King Nido|88/304\n|move|p2a: Pinsir|Rock Slide|p1a: Clifford|[spread] p1a,p1b\n|debug|Spread modifier: 0.75\n|debug|Spread modifier: 0.75\n|-resisted|p1b: King Nido\n|debug|Friend Guard weaken\n|-damage|p1a: Clifford|23/282\n|-damage|p1b: King Nido|52/304\n|move|p1a: Clifford|Cosmic Power|p1a: Clifford\n|-boost|p1a: Clifford|def|1\n|-boost|p1a: Clifford|spd|1\n|\n|-heal|p1a: Clifford|164/282|[from] move: Wish|[wisher] Clifford\n|upkeep\n|turn|4\n|\n|t:|1741450827\n|move|p1b: King Nido|Sludge Bomb|p2a: Pinsir\n|-damage|p2a: Pinsir|0 fnt\n|faint|p2a: Pinsir\n|move|p2b: Gengar|Sludge Bomb|p1a: Clifford\n|-supereffective|p1a: Clifford\n|-damage|p1a: Clifford|60/282\n|-status|p1a: Clifford|psn\n|move|p1a: Clifford|Wish|p1a: Clifford\n|\n|-damage|p1a: Clifford|25/282 psn|[from] psn\n|upkeep\n|\n|t:|1741450847\n|switch|p2a: Snorlax|Snorlax, F|479/479\n|turn|5\n|\n|t:|1741450859\n|switch|p1b: Dewey|Dewgong, M|384/384\n|move|p2b: Gengar|Sludge Bomb|p1a: Clifford\n|-supereffective|p1a: Clifford\n|-damage|p1a: Clifford|0 fnt\n|debug|move failed because it did nothing\n|faint|p1a: Clifford\n|move|p2a: Snorlax|Body Slam|p1b: Dewey\n|-damage|p1b: Dewey|209/384\n|\n|-heal|p1b: Dewey|233/384|[from] item: Leftovers\n|upkeep\n|\n|t:|1741450874\n|switch|p1a: Sparky|Jolteon, M|271/271\n|turn|6\n|\n|t:|1741450883\n|switch|p2b: Chansey|Chansey, F|704/704\n|move|p1a: Sparky|Electroweb|p2a: Snorlax|[spread] p2a,p2b\n|debug|Spread modifier: 0.75\n|debug|Spread modifier: 0.75\n|-damage|p2a: Snorlax|428/479\n|-damage|p2b: Chansey|653/704\n|-unboost|p2a: Snorlax|spe|1\n|-unboost|p2b: Chansey|spe|1\n|-damage|p1a: Sparky|244/271|[from] item: Life Orb\n|move|p1b: Dewey|Knock Off|p2b: Chansey\n|-damage|p2b: Chansey|531/704\n|-enditem|p2b: Chansey|Eviolite|[from] move: Knock Off|[of] p1b: Dewey\n|move|p2a: Snorlax|Body Slam|p1a: Sparky\n|-damage|p1a: Sparky|21/271\n|\n|-heal|p1b: Dewey|257/384|[from] item: Leftovers\n|upkeep\n|turn|7\n|\n|t:|1741450907\n|move|p1a: Sparky|Protect|p1a: Sparky\n|-singleturn|p1a: Sparky|Protect\n|move|p1b: Dewey|Knock Off|p2a: Snorlax\n|-damage|p2a: Snorlax|331/479\n|-enditem|p2a: Snorlax|Assault Vest|[from] move: Knock Off|[of] p1b: Dewey\n|move|p2a: Snorlax|Body Slam|p1a: Sparky\n|-activate|p1a: Sparky|move: Protect\n|move|p2b: Chansey|Teleport|p2b: Chansey\n|\n|t:|1741450927\n|switch|p2b: Nidoking|Nidoking, M|304/304|[from] Teleport\n|\n|-heal|p1b: Dewey|281/384|[from] item: Leftovers\n|upkeep\n|turn|8\n|\n|t:|1741450949\n|switch|p2a: Chansey|Chansey, F|531/704\n|move|p2b: Nidoking|Sludge Wave|p1b: Dewey|[spread] p2a,p1a,p1b\n|debug|Spread modifier: 0.75\n|debug|Spread modifier: 0.75\n|debug|Spread modifier: 0.75\n|-damage|p2a: Chansey|417/704\n|-damage|p1a: Sparky|0 fnt\n|-damage|p1b: Dewey|140/384\n|faint|p1a: Sparky\n|move|p1b: Dewey|Ice Spinner|p2b: Nidoking\n|-supereffective|p2b: Nidoking\n|-damage|p2b: Nidoking|46/304\n|\n|-heal|p1b: Dewey|164/384|[from] item: Leftovers\n|upkeep\n|\n|t:|1741450962\n|switch|p1a: King Nido|Nidoking, M|52/304\n|turn|9\n|\n|t:|1741450974\n|switch|p1b: Apollo|Primeape, M|271/271\n|move|p2b: Nidoking|Sludge Wave|p1b: Apollo|[spread] p2a,p1a,p1b\n|debug|Spread modifier: 0.75\n|debug|Spread modifier: 0.75\n|-resisted|p1a: King Nido\n|debug|Spread modifier: 0.75\n|-damage|p2a: Chansey|309/704\n|-damage|p1a: King Nido|16/304\n|-damage|p1b: Apollo|177/271\n|move|p1a: King Nido|Earth Power|p2b: Nidoking\n|-supereffective|p2b: Nidoking\n|-damage|p2b: Nidoking|0 fnt\n|faint|p2b: Nidoking\n|move|p2a: Chansey|Seismic Toss|p1b: Apollo\n|-damage|p1b: Apollo|77/271\n|\n|upkeep\n|\n|t:|1741450991\n|switch|p2b: Starmie|Starmie|262/262\n|turn|10\n|\n|t:|1741451000\n|move|p1a: King Nido|Earth Power|p2a: Chansey\n|-damage|p2a: Chansey|152/704\n|move|p2b: Starmie|Expanding Force|p1b: Apollo\n|-supereffective|p1b: Apollo\n|-damage|p1b: Apollo|0 fnt\n|faint|p1b: Apollo\n|move|p2a: Chansey|Seismic Toss|p1a: King Nido\n|-damage|p1a: King Nido|0 fnt\n|faint|p1a: King Nido\n|\n|upkeep\n|-message|mistermoscow forfeited.\n|\n|win|mattmandaman\n|c|☆mistermoscow|gg\n|c|☆mattmandaman|gg\n","uploadtime":1741451012,"views":"17","formatid":"gen9doublescustomgame","rating":null,"private":0,"password":null}