{"id":"gen9doublescustomgame-2290929960","format":"[Gen 9] Doubles Custom Game","players":["Mango Meloetta","mistermoscow"],"log":"|j|☆Mango Meloetta\n|j|☆mistermoscow\n|t:|1738207404\n|gametype|doubles\n|player|p1|Mango Meloetta|li|\n|player|p2|mistermoscow|alder|\n|teamsize|p1|6\n|teamsize|p2|6\n|gen|9\n|tier|[Gen 9] Doubles Custom Game\n|clearpoke\n|poke|p1|Snorlax, F|\n|poke|p1|Cloyster, M|\n|poke|p1|Parasect, M|\n|poke|p1|Arcanine, M|\n|poke|p1|Weezing, F|\n|poke|p1|Golduck, F|\n|poke|p2|Flareon, M|\n|poke|p2|Gengar, M|\n|poke|p2|Victreebel, M|\n|poke|p2|Jolteon, M|\n|poke|p2|Dragonite, M|\n|poke|p2|Snorlax, M|\n|teampreview\n|c|☆mistermoscow|official?\n|c|☆Mango Meloetta|hell yea\n|c|☆Mango Meloetta|official\n|\n|t:|1738207604\n|start\n|switch|p1a: Aroma Boy|Parasect, M|324/324\n|switch|p1b: The Cloisters|Cloyster, M|282/282\n|switch|p2a: Sparky|Jolteon, M|271/271\n|switch|p2b: Victor|Victreebel, M|333/333\n|turn|1\n|\n|t:|1738207638\n|move|p2a: Sparky|Sunny Day|p2a: Sparky\n|-weather|SunnyDay\n|move|p2b: Victor|Solar Beam||[still]\n|-prepare|p2b: Victor|Solar Beam\n|-anim|p2b: Victor|Solar Beam|p1b: The Cloisters\n|-supereffective|p1b: The Cloisters\n|-crit|p1b: The Cloisters\n|-damage|p1b: The Cloisters|0 fnt\n|faint|p1b: The Cloisters\n|move|p1a: Aroma Boy|Spore|p2a: Sparky\n|-status|p2a: Sparky|slp|[from] move: Spore\n|\n|-weather|SunnyDay|[upkeep]\n|upkeep\n|c|☆Mango Meloetta|damnn a crit lol\n|\n|t:|1738207654\n|switch|p1b: Too High|Golduck, F|301/301\n|-ability|p1b: Too High|Cloud Nine\n|turn|2\n|c|☆mistermoscow|crit deff didnt matter tho lol\n|c|☆Mango Meloetta|i guess not lol\n|c|☆Mango Meloetta|im just saying damn a crit because crits are cool\n|c|☆Mango Meloetta|not \"damn I would have survived that were not for a meddling crit\"\n|c|☆mistermoscow|ahhh haha ok\n|\n|t:|1738207787\n|switch|p2b: Bernie|Flareon, M|271/271\n|cant|p2a: Sparky|slp\n|move|p1b: Too High|Ice Beam|p2b: Bernie\n|debug|WeatherModifyDamage handler suppressed by Air Lock\n|-resisted|p2b: Bernie\n|-damage|p2b: Bernie|231/271\n|move|p1a: Aroma Boy|Light Screen|p1a: Aroma Boy\n|-sidestart|p1: Mango Meloetta|move: Light Screen\n|\n|-weather|SunnyDay|[upkeep]\n|debug|Immunity handler suppressed by Air Lock\n|-status|p2b: Bernie|tox|[from] item: Toxic Orb\n|upkeep\n|turn|3\n|\n|t:|1738207806\n|switch|p1a: Woof Burn|Arcanine, M|321/321\n|-ability|p1a: Woof Burn|Intimidate|boost\n|-unboost|p2a: Sparky|atk|1\n|-unboost|p2b: Bernie|atk|1\n|cant|p2a: Sparky|slp\n|move|p1b: Too High|Hydro Pump|p2b: Bernie|[miss]\n|-miss|p1b: Too High|p2b: Bernie\n|move|p2b: Bernie|Trailblaze|p1b: Too High\n|debug|WeatherModifyDamage handler suppressed by Air Lock\n|-supereffective|p1b: Too High\n|-damage|p1b: Too High|147/301\n|-boost|p2b: Bernie|spe|1\n|\n|-weather|SunnyDay|[upkeep]\n|-damage|p2b: Bernie|215/271 tox|[from] psn\n|upkeep\n|turn|4\n|\n|t:|1738207845\n|-curestatus|p2a: Sparky|slp|[msg]\n|move|p2a: Sparky|Thunder Wave|p1a: Woof Burn\n|debug|Immunity handler suppressed by Air Lock\n|-status|p1a: Woof Burn|par\n|move|p1b: Too High|Hydro Pump|p2a: Sparky\n|debug|WeatherModifyDamage handler suppressed by Air Lock\n|-damage|p2a: Sparky|94/271\n|move|p2b: Bernie|Trailblaze|p1b: Too High\n|debug|WeatherModifyDamage handler suppressed by Air Lock\n|-supereffective|p1b: Too High\n|-damage|p1b: Too High|0 fnt\n|-boost|p2b: Bernie|spe|1\n|faint|p1b: Too High\n|move|p1a: Woof Burn|Flame Charge|p2a: Sparky\n|debug|Sunny Day fire boost\n|-damage|p2a: Sparky|0 fnt\n|debug|Covert Cloak prevent secondary\n|-boost|p1a: Woof Burn|spe|1\n|faint|p2a: Sparky\n|\n|-weather|SunnyDay|[upkeep]\n|-damage|p2b: Bernie|183/271 tox|[from] psn\n|upkeep\n|\n|t:|1738207945\n|switch|p2a: Victor|Victreebel, M|333/333\n|switch|p1b: Too Dank|Weezing, F|334/334\n|-ability|p1b: Too Dank|Neutralizing Gas\n|turn|5\n|debug|ModifySpe handler suppressed by Gastro Acid or Neutralizing Gas\n|debug|ModifySpe handler suppressed by Gastro Acid or Neutralizing Gas\n|\n|t:|1738207981\n|debug|ModifySpe handler suppressed by Gastro Acid or Neutralizing Gas\n|debug|ModifySpe handler suppressed by Gastro Acid or Neutralizing Gas\n|move|p2b: Bernie|Facade|p1a: Woof Burn\n|debug|ModifyAtk handler suppressed by Gastro Acid or Neutralizing Gas\n|-damage|p1a: Woof Burn|175/321 par\n|debug|ModifySpe handler suppressed by Gastro Acid or Neutralizing Gas\n|debug|ModifySpe handler suppressed by Gastro Acid or Neutralizing Gas\n|move|p1a: Woof Burn|Flame Charge|p2b: Bernie\n|debug|Sunny Day fire boost\n|-resisted|p2b: Bernie\n|-damage|p2b: Bernie|79/271 tox\n|-boost|p1a: Woof Burn|spe|1\n|debug|ModifySpe handler suppressed by Gastro Acid or Neutralizing Gas\n|debug|ModifySpe handler suppressed by Gastro Acid or Neutralizing Gas\n|move|p2a: Victor|Sleep Powder|p1b: Too Dank\n|-status|p1b: Too Dank|slp|[from] move: Sleep Powder\n|debug|ModifySpe handler suppressed by Gastro Acid or Neutralizing Gas\n|cant|p1b: Too Dank|slp\n|\n|debug|ModifySpe handler suppressed by Gastro Acid or Neutralizing Gas\n|-weather|none\n|-damage|p2b: Bernie|31/271 tox|[from] psn\n|upkeep\n|turn|6\n|debug|ModifySpe handler suppressed by Gastro Acid or Neutralizing Gas\n|debug|ModifySpe handler suppressed by Gastro Acid or Neutralizing Gas\n|\n|t:|1738208013\n|debug|CheckShow handler suppressed by Gastro Acid or Neutralizing Gas\n|switch|p2b: Puff Daddy|Dragonite, M|386/386\n|switch|p2a: Snax|Snorlax, M|462/462\n|cant|p1a: Woof Burn|par\n|cant|p1b: Too Dank|slp\n|\n|-sideend|p1: Mango Meloetta|move: Light Screen\n|upkeep\n|turn|7\n|\n|t:|1738208092\n|move|p1a: Woof Burn|Flame Charge|p2a: Snax\n|-damage|p2a: Snax|329/462\n|-boost|p1a: Woof Burn|spe|1\n|move|p2b: Puff Daddy|Dragon Dance|p2b: Puff Daddy\n|debug|TryBoost handler suppressed by Gastro Acid or Neutralizing Gas\n|-boost|p2b: Puff Daddy|atk|1\n|-boost|p2b: Puff Daddy|spe|1\n|cant|p1b: Too Dank|slp\n|move|p2a: Snax|Double-Edge|p1a: Woof Burn\n|-crit|p1a: Woof Burn\n|-damage|p1a: Woof Burn|0 fnt\n|faint|p1a: Woof Burn\n|-damage|p2a: Snax|271/462|[from] Recoil\n|\n|-heal|p2a: Snax|299/462|[from] item: Leftovers\n|upkeep\n|\n|t:|1738208102\n|switch|p1a: Aroma Boy|Parasect, M|324/324\n|turn|8\n|\n|t:|1738208155\n|move|p2b: Puff Daddy|Dual Wingbeat|p1a: Aroma Boy\n|-supereffective|p1a: Aroma Boy\n|-damage|p1a: Aroma Boy|0 fnt\n|debug|DamagingHit handler suppressed by Gastro Acid or Neutralizing Gas\n|faint|p1a: Aroma Boy\n|-hitcount|p1: Aroma Boy|1\n|-damage|p2b: Puff Daddy|348/386|[from] item: Life Orb\n|-curestatus|p1b: Too Dank|slp|[msg]\n|move|p1b: Too Dank|Will-O-Wisp|p2a: Snax\n|debug|SetStatus handler suppressed by Gastro Acid or Neutralizing Gas\n|-status|p2a: Snax|brn\n|move|p2a: Snax|Double-Edge|p1b: Too Dank\n|-damage|p1b: Too Dank|256/334\n|-damage|p2a: Snax|273/462 brn|[from] Recoil\n|\n|-heal|p2a: Snax|301/462 brn|[from] item: Leftovers\n|-damage|p2a: Snax|273/462 brn|[from] brn\n|upkeep\n|\n|t:|1738208165\n|switch|p1a: Snack Lax|Snorlax, F|524/524\n|debug|SwitchIn handler suppressed by Gastro Acid or Neutralizing Gas\n|turn|9\n|\n|t:|1738208222\n|move|p2b: Puff Daddy|Dragon Dance|p2b: Puff Daddy\n|debug|TryBoost handler suppressed by Gastro Acid or Neutralizing Gas\n|-boost|p2b: Puff Daddy|atk|1\n|-boost|p2b: Puff Daddy|spe|1\n|move|p1b: Too Dank|Clear Smog|p2b: Puff Daddy\n|-damage|p2b: Puff Daddy|300/386\n|-clearboost|p2b: Puff Daddy\n|move|p2a: Snax|Facade|p1b: Too Dank\n|-damage|p1b: Too Dank|91/334\n|move|p1a: Snack Lax|Belly Drum|p1a: Snack Lax\n|-damage|p1a: Snack Lax|262/524\n|-setboost|p1a: Snack Lax|atk|6|[from] move: Belly Drum\n|\n|-heal|p2a: Snax|301/462 brn|[from] item: Leftovers\n|-damage|p2a: Snax|273/462 brn|[from] brn\n|upkeep\n|turn|10\n|j| Mattmandaman\n|\n|t:|1738208296\n|move|p2b: Puff Daddy|Dragon Claw|p1a: Snack Lax\n|debug|Damage handler suppressed by Gastro Acid or Neutralizing Gas\n|-damage|p1a: Snack Lax|0 fnt\n|faint|p1a: Snack Lax\n|-damage|p2b: Puff Daddy|262/386|[from] item: Life Orb\n|move|p1b: Too Dank|Will-O-Wisp|p2b: Puff Daddy\n|-status|p2b: Puff Daddy|brn\n|move|p2a: Snax|Facade|p1b: Too Dank\n|-damage|p1b: Too Dank|0 fnt\n|faint|p1b: Too Dank\n|-end|p1b: Too Dank|ability: Neutralizing Gas\n|\n|win|mistermoscow\n|c|☆Mango Meloetta|gggg\n|c|☆Mango Meloetta|well played haha\n|c|☆mistermoscow|gg\n|c|☆Mango Meloetta|i gotta make some new teams for next time\n|c|☆Mango Meloetta|but for now I must bounce haha\n|c|☆mistermoscow|alright sounds good\n|c|☆Mango Meloetta|pce bros\n|c|☆mistermoscow|ill upload\n|c|☆Mango Meloetta|ah thank you\n","uploadtime":1738208332,"views":"16","formatid":"gen9doublescustomgame","rating":null,"private":0,"password":null}