{"id":"gen9doublescustomgame-2319943764","format":"[Gen 9] Doubles Custom Game","players":["je64","mattmandaman"],"log":"|j|☆je64\n|j|☆mattmandaman\n|t:|1742006312\n|gametype|doubles\n|player|p1|je64|170|\n|player|p2|mattmandaman|giovanni|\n|teamsize|p1|6\n|teamsize|p2|6\n|gen|9\n|tier|[Gen 9] Doubles Custom Game\n|clearpoke\n|poke|p1|Dugtrio, M|\n|poke|p1|Kadabra, M|\n|poke|p1|Gengar, M|\n|poke|p1|Chansey, F|\n|poke|p1|Electabuzz, M|\n|poke|p1|Gyarados, F|\n|poke|p2|Gengar, F|\n|poke|p2|Starmie|\n|poke|p2|Chansey, F|\n|poke|p2|Nidoking, M|\n|poke|p2|Snorlax, F|\n|poke|p2|Pinsir, M|\n|teampreview\n|j| mistermoscow\n|\n|t:|1742006372\n|start\n|switch|p1a: Buzz Killington|Electabuzz, M|334/334\n|switch|p1b: Gyarados|Gyarados, F|331/331\n|switch|p2a: Starmie|Starmie|262/262\n|switch|p2b: Gengar|Gengar, F|262/262\n|-ability|p1b: Gyarados|Intimidate|boost\n|-unboost|p2a: Starmie|atk|1\n|-unboost|p2b: Gengar|atk|1\n|turn|1\n|\n|t:|1742006416\n|move|p1b: Gyarados|Protect|p1b: Gyarados\n|-singleturn|p1b: Gyarados|Protect\n|move|p2a: Starmie|Icy Wind|p1b: Gyarados|[spread] p1a\n|-activate|p1b: Gyarados|move: Protect\n|debug|Spread modifier: 0.75\n|-damage|p1a: Buzz Killington|289/334\n|-unboost|p1a: Buzz Killington|spe|1\n|move|p2b: Gengar|Will-O-Wisp|p1b: Gyarados\n|-activate|p1b: Gyarados|move: Protect\n|move|p1a: Buzz Killington|Electroweb|p2b: Gengar|[spread] p2a,p2b\n|debug|Spread modifier: 0.75\n|-supereffective|p2a: Starmie\n|debug|Spread modifier: 0.75\n|-damage|p2a: Starmie|154/262\n|-damage|p2b: Gengar|204/262\n|-unboost|p2a: Starmie|spe|1\n|-unboost|p2b: Gengar|spe|1\n|\n|upkeep\n|turn|2\n|\n|t:|1742006449\n|switch|p2a: Nidoking|Nidoking, M|304/304\n|move|p1b: Gyarados|Dragon Dance|p1b: Gyarados\n|-boost|p1b: Gyarados|atk|1\n|-boost|p1b: Gyarados|spe|1\n|move|p2b: Gengar|Sludge Bomb|p1b: Gyarados\n|-damage|p1b: Gyarados|169/331\n|-status|p1b: Gyarados|psn\n|-enditem|p1b: Gyarados|Lum Berry|[eat]\n|-curestatus|p1b: Gyarados|psn|[msg]\n|move|p1a: Buzz Killington|Volt Switch|p2a: Nidoking\n|-immune|p2a: Nidoking\n|\n|upkeep\n|turn|3\n|j| Mango Meloetta\n|\n|t:|1742006512\n|move|p1a: Buzz Killington|Follow Me|p1a: Buzz Killington\n|-singleturn|p1a: Buzz Killington|move: Follow Me\n|move|p1b: Gyarados|Waterfall|p2a: Nidoking\n|-supereffective|p2a: Nidoking\n|-damage|p2a: Nidoking|0 fnt\n|faint|p2a: Nidoking\n|move|p2b: Gengar|Sludge Bomb|p1a: Buzz Killington\n|debug|Follow Me redirected target of move\n|-damage|p1a: Buzz Killington|184/334\n|\n|upkeep\n|\n|t:|1742006539\n|switch|p2a: Snorlax|Snorlax, F|479/479\n|turn|4\n|\n|t:|1742006557\n|move|p1b: Gyarados|Waterfall|p2b: Gengar\n|-damage|p2b: Gengar|0 fnt\n|faint|p2b: Gengar\n|move|p1a: Buzz Killington|Taunt|p2a: Snorlax\n|-start|p2a: Snorlax|move: Taunt\n|move|p2a: Snorlax|Rock Slide|p1b: Gyarados|[spread] p1a,p1b\n|debug|Spread modifier: 0.75\n|debug|Spread modifier: 0.75\n|-supereffective|p1b: Gyarados\n|-crit|p1b: Gyarados\n|-damage|p1a: Buzz Killington|139/334\n|-damage|p1b: Gyarados|0 fnt\n|faint|p1b: Gyarados\n|\n|upkeep\n|\n|t:|1742006609\n|switch|p2b: Pinsir|Pinsir, M|334/334\n|switch|p1b: Lizzo|Chansey, F|704/704\n|turn|5\n|\n|t:|1742006631\n|move|p1a: Buzz Killington|Follow Me|p1a: Buzz Killington\n|-singleturn|p1a: Buzz Killington|move: Follow Me\n|move|p2b: Pinsir|Knock Off|p1a: Buzz Killington\n|debug|Follow Me redirected target of move\n|-damage|p1a: Buzz Killington|53/334\n|-enditem|p1a: Buzz Killington|Eviolite|[from] move: Knock Off|[of] p2b: Pinsir\n|move|p1b: Lizzo|Thunder Wave|p2a: Snorlax|[miss]\n|-miss|p1b: Lizzo|p2a: Snorlax\n|move|p2a: Snorlax|Earthquake|p1a: Buzz Killington|[spread] p2b,p1a,p1b\n|debug|Spread modifier: 0.75\n|-resisted|p2b: Pinsir\n|debug|Spread modifier: 0.75\n|-supereffective|p1a: Buzz Killington\n|debug|Spread modifier: 0.75\n|-damage|p2b: Pinsir|293/334\n|-damage|p1a: Buzz Killington|0 fnt\n|-damage|p1b: Lizzo|581/704\n|faint|p1a: Buzz Killington\n|\n|upkeep\n|\n|t:|1742006648\n|switch|p1a: Shai-Hulud|Dugtrio, M, shiny|212/212\n|turn|6\n|\n|t:|1742006663\n|move|p1a: Shai-Hulud|Rock Slide|p2a: Snorlax|[spread] p2a,p2b\n|debug|Spread modifier: 0.75\n|debug|Spread modifier: 0.75\n|-supereffective|p2b: Pinsir\n|-damage|p2a: Snorlax|372/479\n|-damage|p2b: Pinsir|125/334\n|move|p2b: Pinsir|Knock Off|p1b: Lizzo\n|-damage|p1b: Lizzo|422/704\n|-enditem|p1b: Lizzo|Eviolite|[from] move: Knock Off|[of] p2b: Pinsir\n|move|p1b: Lizzo|Thunder Wave|p2a: Snorlax\n|-status|p2a: Snorlax|par\n|move|p2a: Snorlax|Body Slam|p1a: Shai-Hulud\n|-damage|p1a: Shai-Hulud|0 fnt\n|faint|p1a: Shai-Hulud\n|\n|-heal|p2a: Snorlax|401/479 par|[from] item: Leftovers\n|-end|p2a: Snorlax|move: Taunt\n|upkeep\n|\n|t:|1742006757\n|switch|p1a: K.Dot|Kadabra, M|221/221\n|turn|7\n|\n|t:|1742006771\n|switch|p2b: Chansey|Chansey, F|704/704\n|move|p1a: K.Dot|Protect|p1a: K.Dot\n|-singleturn|p1a: K.Dot|Protect\n|move|p1b: Lizzo|Seismic Toss|p2b: Chansey\n|-damage|p2b: Chansey|604/704\n|cant|p2a: Snorlax|par\n|\n|-heal|p2a: Snorlax|430/479 par|[from] item: Leftovers\n|upkeep\n|turn|8\n|\n|t:|1742006820\n|move|p1a: K.Dot|Calm Mind|p1a: K.Dot\n|-boost|p1a: K.Dot|spa|1\n|-boost|p1a: K.Dot|spd|1\n|move|p2b: Chansey|Thunder Wave|p1a: K.Dot\n|-status|p1a: K.Dot|par\n|move|p2a: Snorlax|Body Slam|p1b: Lizzo\n|-damage|p1b: Lizzo|137/704\n|move|p1b: Lizzo|Teleport|p1b: Lizzo\n|\n|t:|1742006828\n|switch|p1b: Stranger|Gengar, M|261/261|[from] Teleport\n|\n|-heal|p2a: Snorlax|459/479 par|[from] item: Leftovers\n|upkeep\n|turn|9\n|\n|t:|1742006847\n|move|p1b: Stranger|Trick|p2a: Snorlax\n|-activate|p1b: Stranger|move: Trick|[of] p2a: Snorlax\n|-item|p2a: Snorlax|Choice Specs|[from] move: Trick\n|-item|p1b: Stranger|Leftovers|[from] move: Trick\n|move|p1a: K.Dot|Psychic|p2a: Snorlax\n|-damage|p2a: Snorlax|220/479 par\n|-unboost|p2a: Snorlax|spd|1\n|debug|damage event failed\n|move|p2b: Chansey|Thunder Wave|p1b: Stranger\n|-status|p1b: Stranger|par\n|cant|p2a: Snorlax|par\n|\n|upkeep\n|turn|10\n|\n|t:|1742006910\n|move|p1b: Stranger|Sludge Bomb|p2a: Snorlax\n|-damage|p2a: Snorlax|1/479 par\n|debug|move failed because it did nothing\n|move|p1a: K.Dot|Calm Mind|p1a: K.Dot\n|-boost|p1a: K.Dot|spa|1\n|-boost|p1a: K.Dot|spd|1\n|move|p2b: Chansey|Seismic Toss|p1a: K.Dot\n|-damage|p1a: K.Dot|121/221 par\n|cant|p2a: Snorlax|par\n|\n|upkeep\n|turn|11\n|\n|t:|1742006940\n|cant|p1b: Stranger|par\n|move|p1a: K.Dot|Dazzling Gleam|p2a: Snorlax|[spread] p2a,p2b\n|debug|Spread modifier: 0.75\n|debug|Spread modifier: 0.75\n|-damage|p2a: Snorlax|0 fnt\n|-damage|p2b: Chansey|507/704\n|faint|p2a: Snorlax\n|debug|damage event failed\n|move|p2b: Chansey|Seismic Toss|p1a: K.Dot\n|-damage|p1a: K.Dot|21/221 par\n|\n|upkeep\n|\n|t:|1742006950\n|switch|p2a: Starmie|Starmie|154/262\n|turn|12\n|\n|t:|1742006984\n|move|p2a: Starmie|Expanding Force|p1a: K.Dot\n|-resisted|p1a: K.Dot\n|-damage|p1a: K.Dot|0 fnt\n|faint|p1a: K.Dot\n|move|p1b: Stranger|Thunderbolt|p2a: Starmie\n|-supereffective|p2a: Starmie\n|-damage|p2a: Starmie|0 fnt\n|faint|p2a: Starmie\n|move|p2b: Chansey|Teleport|p2b: Chansey\n|\n|t:|1742006990\n|switch|p2b: Pinsir|Pinsir, M|125/334|[from] Teleport\n|\n|upkeep\n|\n|t:|1742006994\n|switch|p2a: Chansey|Chansey, F|507/704\n|switch|p1a: Lizzo|Chansey, F|137/704\n|turn|13\n|\n|t:|1742007079\n|move|p2b: Pinsir|Knock Off|p1b: Stranger\n|-supereffective|p1b: Stranger\n|-damage|p1b: Stranger|0 fnt\n|-enditem|p1b: Stranger|Leftovers|[from] move: Knock Off|[of] p2b: Pinsir\n|faint|p1b: Stranger\n|-ability|p2b: Pinsir|Moxie|boost\n|-boost|p2b: Pinsir|atk|1\n|move|p2a: Chansey|Seismic Toss|p1a: Lizzo\n|-damage|p1a: Lizzo|37/704\n|move|p1a: Lizzo|Soft-Boiled|p1a: Lizzo\n|-heal|p1a: Lizzo|389/704\n|\n|upkeep\n|turn|14\n|\n|t:|1742007095\n|move|p2b: Pinsir|Close Combat|p1a: Lizzo\n|-supereffective|p1a: Lizzo\n|-damage|p1a: Lizzo|0 fnt\n|-unboost|p2b: Pinsir|def|1\n|-unboost|p2b: Pinsir|spd|1\n|faint|p1a: Lizzo\n|\n|win|mattmandaman\n","uploadtime":1742007101,"views":"36","formatid":"gen9doublescustomgame","rating":null,"private":0,"password":null}