{"id":"gen9doublescustomgame-2288356042","format":"[Gen 9] Doubles Custom Game","players":["mistermoscow","je64"],"log":"|j|☆mistermoscow\n|j|☆je64\n|t:|1737866643\n|gametype|doubles\n|player|p1|mistermoscow|alder|\n|player|p2|je64|101|\n|teamsize|p1|6\n|teamsize|p2|6\n|gen|9\n|tier|[Gen 9] Doubles Custom Game\n|clearpoke\n|poke|p1|Dragonite, M|\n|poke|p1|Fearow, M|\n|poke|p1|Poliwrath, F|\n|poke|p1|Dewgong, M|\n|poke|p1|Kingler, M|\n|poke|p1|Jolteon, M|\n|poke|p2|Kadabra, M|\n|poke|p2|Exeggutor, M|\n|poke|p2|Electabuzz, M|\n|poke|p2|Magmar, M|\n|poke|p2|Articuno|\n|poke|p2|Chansey, F|\n|teampreview\n|\n|t:|1737866683\n|start\n|switch|p1a: Dewey|Dewgong, M|384/384\n|switch|p1b: Polly|Poliwrath, F|384/384\n|switch|p2a: Buzz Lightyear|Electabuzz, M|334/334\n|switch|p2b: Articu-no-hit-me|Articuno|384/384\n|turn|1\n|\n|t:|1737866711\n|move|p1a: Dewey|Fake Out|p2a: Buzz Lightyear\n|-damage|p2a: Buzz Lightyear|319/334\n|cant|p2a: Buzz Lightyear|flinch\n|move|p2b: Articu-no-hit-me|Tailwind|p2b: Articu-no-hit-me\n|-sidestart|p2: je64|move: Tailwind\n|move|p1b: Polly|Bulk Up|p1b: Polly\n|-boost|p1b: Polly|atk|1\n|-boost|p1b: Polly|def|1\n|\n|upkeep\n|turn|2\n|\n|t:|1737866739\n|move|p2a: Buzz Lightyear|Volt Switch|p1a: Dewey\n|-supereffective|p1a: Dewey\n|-damage|p1a: Dewey|214/384\n|\n|t:|1737866745\n|switch|p2a: San Ti Ren 三体人|Exeggutor, M|332/332|[from] Volt Switch\n|move|p1a: Dewey|Rain Dance|p1a: Dewey\n|-weather|RainDance\n|move|p1b: Polly|Drain Punch|p2a: San Ti Ren 三体人\n|-resisted|p2a: San Ti Ren 三体人\n|-damage|p2a: San Ti Ren 三体人|256/332\n|move|p2b: Articu-no-hit-me|Whirlwind|p1b: Polly\n|drag|p1b: King Snips|Kingler, M|251/251\n|\n|-weather|RainDance|[upkeep]\n|upkeep\n|turn|3\n|\n|t:|1737866804\n|switch|p2b: Buzz Lightyear|Electabuzz, M|319/334\n|switch|p1a: Big Bird|Fearow, M|271/271\n|move|p2a: San Ti Ren 三体人|Giga Drain|p1b: King Snips\n|-supereffective|p1b: King Snips\n|-damage|p1b: King Snips|0 fnt\n|-heal|p2a: San Ti Ren 三体人|332/332|[from] drain|[of] p1b: King Snips\n|faint|p1b: King Snips\n|\n|-weather|RainDance|[upkeep]\n|upkeep\n|\n|t:|1737866824\n|switch|p1b: Puff Daddy|Dragonite, M|324/324\n|turn|4\n|\n|t:|1737866840\n|switch|p2a: Articu-no-hit-me|Articuno|384/384\n|switch|p1a: Sparky|Jolteon, M|271/271\n|move|p2b: Buzz Lightyear|Volt Switch|p1b: Puff Daddy\n|-damage|p1b: Puff Daddy|237/324\n|\n|t:|1737866849\n|switch|p2b: Lizzo|Chansey, F|704/704|[from] Volt Switch\n|move|p1b: Puff Daddy|Dragon Dance|p1b: Puff Daddy\n|-boost|p1b: Puff Daddy|atk|1\n|-boost|p1b: Puff Daddy|spe|1\n|\n|-weather|RainDance|[upkeep]\n|-heal|p1b: Puff Daddy|257/324|[from] item: Leftovers\n|-sideend|p2: je64|move: Tailwind\n|upkeep\n|turn|5\n|\n|t:|1737866867\n|move|p1a: Sparky|Thunder|p2a: Articu-no-hit-me\n|-supereffective|p2a: Articu-no-hit-me\n|-damage|p2a: Articu-no-hit-me|144/384\n|move|p1b: Puff Daddy|Dragon Dance|p1b: Puff Daddy\n|-boost|p1b: Puff Daddy|atk|1\n|-boost|p1b: Puff Daddy|spe|1\n|move|p2a: Articu-no-hit-me|Ice Beam|p1b: Puff Daddy\n|-supereffective|p1b: Puff Daddy\n|-damage|p1b: Puff Daddy|0 fnt\n|faint|p1b: Puff Daddy\n|move|p2b: Lizzo|Toxic|p1a: Sparky\n|-status|p1a: Sparky|tox\n|\n|-weather|RainDance|[upkeep]\n|-heal|p2a: Articu-no-hit-me|168/384|[from] item: Leftovers\n|-damage|p1a: Sparky|255/271 tox|[from] psn\n|upkeep\n|\n|t:|1737866883\n|switch|p1b: Polly|Poliwrath, F|384/384\n|turn|6\n|\n|t:|1737866898\n|switch|p2a: Buzz Lightyear|Electabuzz, M|319/334\n|switch|p2b: San Ti Ren 三体人|Exeggutor, M|332/332\n|move|p1a: Sparky|Thunder|p2a: Buzz Lightyear\n|-resisted|p2a: Buzz Lightyear\n|-damage|p2a: Buzz Lightyear|259/334\n|debug|natural status immunity\n|debug|immune to status\n|debug|move failed because it did nothing\n|move|p1b: Polly|Bulk Up|p1b: Polly\n|-boost|p1b: Polly|atk|1\n|-boost|p1b: Polly|def|1\n|\n|-weather|none\n|-damage|p1a: Sparky|223/271 tox|[from] psn\n|upkeep\n|turn|7\n|\n|t:|1737866921\n|move|p2a: Buzz Lightyear|Follow Me|p2a: Buzz Lightyear\n|-singleturn|p2a: Buzz Lightyear|move: Follow Me\n|move|p1a: Sparky|Rain Dance|p1a: Sparky\n|-weather|RainDance\n|move|p1b: Polly|Liquidation|p2a: Buzz Lightyear\n|debug|Follow Me redirected target of move\n|debug|rain water boost\n|-damage|p2a: Buzz Lightyear|73/334\n|move|p2b: San Ti Ren 三体人|Giga Drain|p1b: Polly\n|-supereffective|p1b: Polly\n|-damage|p1b: Polly|172/384\n|\n|-weather|RainDance|[upkeep]\n|-damage|p1a: Sparky|175/271 tox|[from] psn\n|upkeep\n|turn|8\n|\n|t:|1737866946\n|switch|p1a: Big Bird|Fearow, M|271/271\n|move|p2a: Buzz Lightyear|Follow Me|p2a: Buzz Lightyear\n|-singleturn|p2a: Buzz Lightyear|move: Follow Me\n|move|p1b: Polly|Drain Punch|p2a: Buzz Lightyear\n|debug|Follow Me redirected target of move\n|-damage|p2a: Buzz Lightyear|0 fnt\n|-heal|p1b: Polly|209/384|[from] drain|[of] p2a: Buzz Lightyear\n|faint|p2a: Buzz Lightyear\n|move|p2b: San Ti Ren 三体人|Expanding Force|p1a: Big Bird\n|-damage|p1a: Big Bird|78/271\n|\n|-weather|RainDance|[upkeep]\n|upkeep\n|\n|t:|1737866962\n|switch|p2a: K.Dot|Kadabra, M|221/221\n|turn|9\n|\n|t:|1737867004\n|switch|p1a: Sparky|Jolteon, M|175/271 tox\n|move|p1b: Polly|Drain Punch|p2a: K.Dot\n|-resisted|p2a: K.Dot\n|-damage|p2a: K.Dot|43/221\n|-heal|p1b: Polly|298/384|[from] drain|[of] p2a: K.Dot\n|move|p2a: K.Dot|Expanding Force|p1b: Polly\n|-supereffective|p1b: Polly\n|-crit|p1b: Polly\n|-damage|p1b: Polly|0 fnt\n|faint|p1b: Polly\n|debug|damage event failed\n|move|p2b: San Ti Ren 三体人|Expanding Force|p1a: Sparky\n|-damage|p1a: Sparky|40/271 tox\n|\n|-weather|RainDance|[upkeep]\n|-damage|p1a: Sparky|24/271 tox|[from] psn\n|upkeep\n|\n|t:|1737867022\n|switch|p1b: Big Bird|Fearow, M|78/271\n|turn|10\n|\n|t:|1737867039\n|switch|p2a: Lizzo|Chansey, F|704/704\n|switch|p2b: Articu-no-hit-me|Articuno|168/384\n|move|p1a: Sparky|Electroweb|p2a: Lizzo|[spread] p2a,p2b\n|debug|Spread modifier: 0.75\n|debug|Spread modifier: 0.75\n|-supereffective|p2b: Articu-no-hit-me\n|-damage|p2a: Lizzo|659/704\n|-damage|p2b: Articu-no-hit-me|72/384\n|-unboost|p2a: Lizzo|spe|1\n|-unboost|p2b: Articu-no-hit-me|spe|1\n|move|p1b: Big Bird|Drill Peck|p2b: Articu-no-hit-me\n|-damage|p2b: Articu-no-hit-me|0 fnt\n|faint|p2b: Articu-no-hit-me\n|\n|-weather|RainDance|[upkeep]\n|-damage|p1a: Sparky|0 fnt|[from] psn\n|faint|p1a: Sparky\n|upkeep\n|\n|t:|1737867061\n|switch|p1a: Dewey|Dewgong, M|214/384\n|switch|p2b: Myagmar|Magmar, M|271/271\n|turn|11\n|\n|t:|1737867078\n|move|p1a: Dewey|Fake Out|p2a: Lizzo\n|-damage|p2a: Lizzo|632/704\n|move|p1b: Big Bird|Tailwind|p1b: Big Bird\n|-sidestart|p1: mistermoscow|move: Tailwind\n|move|p2b: Myagmar|Overheat|p1a: Dewey\n|debug|rain fire suppress\n|-damage|p1a: Dewey|61/384\n|-unboost|p2b: Myagmar|spa|2\n|cant|p2a: Lizzo|flinch\n|\n|-weather|none\n|upkeep\n|turn|12\n|\n|t:|1737867096\n|move|p1b: Big Bird|Rain Dance|p1b: Big Bird\n|-weather|RainDance\n|move|p1a: Dewey|Muddy Water|p2a: Lizzo|[spread] p2a,p2b\n|debug|Spread modifier: 0.75\n|debug|rain water boost\n|debug|Spread modifier: 0.75\n|debug|rain water boost\n|-supereffective|p2b: Myagmar\n|-damage|p2a: Lizzo|575/704\n|-damage|p2b: Myagmar|83/271\n|move|p2b: Myagmar|Overheat|p1a: Dewey\n|debug|rain fire suppress\n|-damage|p1a: Dewey|0 fnt\n|-unboost|p2b: Myagmar|spa|2\n|faint|p1a: Dewey\n|move|p2a: Lizzo|Toxic|p1b: Big Bird\n|-status|p1b: Big Bird|tox\n|\n|-weather|RainDance|[upkeep]\n|-damage|p1b: Big Bird|62/271 tox|[from] psn\n|upkeep\n|turn|13\n|\n|t:|1737867111\n|switch|p2b: K.Dot|Kadabra, M|43/221\n|move|p1b: Big Bird|Drill Peck|p2a: Lizzo\n|-damage|p2a: Lizzo|434/704\n|move|p2a: Lizzo|Soft-Boiled|p2a: Lizzo\n|-heal|p2a: Lizzo|704/704\n|\n|-weather|RainDance|[upkeep]\n|-damage|p1b: Big Bird|30/271 tox|[from] psn\n|upkeep\n|turn|14\n|c|☆mistermoscow|booo\n|\n|t:|1737867127\n|-terastallize|p1b: Big Bird|Normal\n|move|p1b: Big Bird|Drill Peck|p1: Dewey|[notarget]\n|-fail|p1b: Big Bird\n|move|p2b: K.Dot|Psychic Terrain|p2b: K.Dot\n|-fieldstart|move: Psychic Terrain\n|move|p2a: Lizzo|Teleport|p2a: Lizzo\n|c|☆je64|yesss\n|c|☆je64|illegal!!\n|\n|t:|1737867136\n|switch|p2a: San Ti Ren 三体人|Exeggutor, M|332/332|[from] Teleport\n|\n|-weather|RainDance|[upkeep]\n|-damage|p1b: Big Bird|0 fnt|[from] psn\n|faint|p1b: Big Bird\n|\n|win|je64\n|upkeep\n|c|☆mistermoscow|gg\n|c|☆je64|ggs\n|c|☆je64|those were some good games\n|c|☆mistermoscow|they were\n|c|☆je64|we finally have ok teams haha\n|c|☆je64|aright, I should get going\n|c|☆mistermoscow|yeah haha, its deff a lot more fun now\n|c|☆je64|ill update the site\n|c|☆mistermoscow|same, ill talk to ya later dude\n|c|☆je64|I think I missed some games from you and matt\n|c|☆je64|so ill add those too\n","uploadtime":1737867145,"views":"17","formatid":"gen9doublescustomgame","rating":null,"private":0,"password":null}