{"id":"gen9doublescustomgame-2259425039","format":"[Gen 9] Doubles Custom Game","players":["mattmandaman","Mango Meloetta"],"log":"|badge|p1|bronze|gen9doublesou|100-3\n|uhtml|medal-msg|<div class=\"broadcast-blue\">Curious what those medals under the avatar are? PS now has Ladder Seasons! For more information, check out the <a href=\"https://www.smogon.com/forums/threads/3740067/\">thread on Smogon.</a></div>\n|j|☆mattmandaman\n|j|☆Mango Meloetta\n|t:|1733712709\n|gametype|doubles\n|player|p1|mattmandaman|giovanni|\n|player|p2|Mango Meloetta|li|\n|teamsize|p1|6\n|teamsize|p2|6\n|gen|9\n|tier|[Gen 9] Doubles Custom Game\n|clearpoke\n|poke|p1|Butterfree, F|\n|poke|p1|Pikachu, F|\n|poke|p1|Clefairy, M|\n|poke|p1|Primeape, F|\n|poke|p1|Gengar, F|\n|poke|p1|Pinsir, F|\n|poke|p2|Arcanine, M|\n|poke|p2|Golduck, F|\n|poke|p2|Parasect, F|\n|poke|p2|Magmar, F|\n|poke|p2|Dragonair, F|\n|poke|p2|Muk, F|\n|teampreview\n|c|☆mattmandaman|gl sir\n|c|☆Mango Meloetta|gl good sir too\n|\n|t:|1733712749\n|start\n|switch|p1a: Pikachu|Pikachu, F|212/212\n|switch|p1b: Gengar|Gengar, F|262/262\n|switch|p2a: Golduck|Golduck, F|302/302\n|switch|p2b: Arcanine|Arcanine, M|384/384\n|-ability|p2b: Arcanine|Intimidate|boost\n|-unboost|p1a: Pikachu|atk|1\n|-unboost|p1b: Gengar|atk|1\n|turn|1\n|\n|t:|1733712788\n|switch|p2b: Parasect|Parasect, F|324/324\n|move|p1a: Pikachu|Fake Out|p2b: Parasect\n|-damage|p2b: Parasect|293/324\n|move|p1b: Gengar|Sludge Bomb|p2b: Parasect\n|-supereffective|p2b: Parasect\n|-damage|p2b: Parasect|0 fnt\n|debug|move failed because it did nothing\n|faint|p2b: Parasect\n|-damage|p1b: Gengar|236/262|[from] item: Life Orb\n|move|p2a: Golduck|Rain Dance|p2a: Golduck\n|-weather|RainDance\n|\n|-weather|RainDance|[upkeep]\n|upkeep\n|c|☆Mango Meloetta|oof lol\n|\n|t:|1733712801\n|switch|p2b: Dragonair|Dragonair, F|264/264\n|turn|2\n|\n|t:|1733712818\n|switch|p1a: Clefairy|Clefairy, M|344/344\n|move|p2a: Golduck|Hydro Pump|p1b: Gengar\n|debug|rain water boost\n|debug|Friend Guard weaken\n|-damage|p1b: Gengar|0 fnt\n|-start|p2a: Golduck|Disable|Hydro Pump|[from] ability: Cursed Body|[of] p1b: Gengar\n|faint|p1b: Gengar\n|-damage|p2a: Golduck|272/302|[from] item: Life Orb\n|move|p2b: Dragonair|Dragon Dance|p2b: Dragonair\n|-boost|p2b: Dragonair|atk|1\n|-boost|p2b: Dragonair|spe|1\n|\n|-weather|RainDance|[upkeep]\n|upkeep\n|\n|t:|1733712836\n|switch|p1b: Butterfree|Butterfree, F|262/262\n|turn|3\n|\n|t:|1733712876\n|move|p2b: Dragonair|Protect|p2b: Dragonair\n|-singleturn|p2b: Dragonair|Protect\n|move|p1a: Clefairy|Follow Me|p1a: Clefairy\n|-singleturn|p1a: Clefairy|move: Follow Me\n|move|p2a: Golduck|Ice Beam|p1a: Clefairy\n|debug|Follow Me redirected target of move\n|-damage|p1a: Clefairy|243/344\n|-damage|p2a: Golduck|242/302|[from] item: Life Orb\n|move|p1b: Butterfree|Sleep Powder|p2a: Golduck\n|debug|compoundeyes - enhancing accuracy\n|-status|p2a: Golduck|slp|[from] move: Sleep Powder\n|\n|-weather|RainDance|[upkeep]\n|upkeep\n|turn|4\n|\n|t:|1733712919\n|cant|p2a: Golduck|slp\n|move|p2b: Dragonair|Outrage|p1a: Clefairy\n|-immune|p1a: Clefairy\n|move|p1b: Butterfree|Quiver Dance|p1b: Butterfree\n|-boost|p1b: Butterfree|spa|1\n|-boost|p1b: Butterfree|spd|1\n|-boost|p1b: Butterfree|spe|1\n|move|p1a: Clefairy|Moonblast|p2b: Dragonair\n|-supereffective|p2b: Dragonair\n|-damage|p2b: Dragonair|66/264\n|-enditem|p2b: Dragonair|Weakness Policy\n|-boost|p2b: Dragonair|atk|2|[from] item: Weakness Policy\n|-boost|p2b: Dragonair|spa|2|[from] item: Weakness Policy\n|\n|-weather|RainDance|[upkeep]\n|upkeep\n|turn|5\n|c|☆Mango Meloetta|oops lol\n|c|☆mattmandaman|unlucky\n|\n|t:|1733712943\n|move|p2b: Dragonair|Extreme Speed|p1b: Butterfree\n|debug|Friend Guard weaken\n|-enditem|p1b: Butterfree|Focus Sash\n|-damage|p1b: Butterfree|1/262\n|-curestatus|p2a: Golduck|slp|[msg]\n|move|p2a: Golduck|Ice Beam|p1b: Butterfree\n|debug|Negating (sp)def boost/penalty.\n|-supereffective|p1b: Butterfree\n|-crit|p1b: Butterfree\n|debug|Friend Guard weaken\n|-damage|p1b: Butterfree|0 fnt\n|faint|p1b: Butterfree\n|-damage|p2a: Golduck|212/302|[from] item: Life Orb\n|move|p1a: Clefairy|Moonblast|p2a: Golduck\n|-damage|p2a: Golduck|116/302\n|\n|-weather|none\n|-end|p2a: Golduck|Disable\n|upkeep\n|\n|t:|1733712985\n|switch|p1b: Pinsir|Pinsir, F|272/272\n|turn|6\n|\n|t:|1733713008\n|move|p2b: Dragonair|Extreme Speed|p1a: Clefairy\n|-damage|p1a: Clefairy|51/344\n|move|p2a: Golduck|Hydro Pump|p1a: Clefairy\n|-damage|p1a: Clefairy|0 fnt\n|faint|p1a: Clefairy\n|-damage|p2a: Golduck|86/302|[from] item: Life Orb\n|move|p1b: Pinsir|X-Scissor|p2a: Golduck\n|-damage|p2a: Golduck|0 fnt\n|faint|p2a: Golduck\n|-ability|p1b: Pinsir|Moxie|boost\n|-boost|p1b: Pinsir|atk|1\n|\n|upkeep\n|\n|t:|1733713022\n|switch|p2a: Arcanine|Arcanine, M|384/384\n|switch|p1a: Pikachu|Pikachu, F|212/212\n|-ability|p2a: Arcanine|Intimidate|boost\n|-unboost|p1a: Pikachu|atk|1\n|-unboost|p1b: Pinsir|atk|1\n|turn|7\n|\n|t:|1733713042\n|move|p1a: Pikachu|Fake Out|p2a: Arcanine\n|-damage|p2a: Arcanine|340/384\n|move|p2b: Dragonair|Outrage|p1a: Pikachu\n|-damage|p1a: Pikachu|0 fnt\n|-status|p2b: Dragonair|par|[from] ability: Static|[of] p1a: Pikachu\n|faint|p1a: Pikachu\n|cant|p2a: Arcanine|flinch\n|move|p1b: Pinsir|Rock Slide|p2a: Arcanine|[spread] p2a,p2b\n|debug|Spread modifier: 0.75\n|-supereffective|p2a: Arcanine\n|debug|Spread modifier: 0.75\n|-damage|p2a: Arcanine|124/384\n|-damage|p2b: Dragonair|3/264 par\n|\n|upkeep\n|c|☆Mango Meloetta|ooof\n|\n|t:|1733713058\n|switch|p1a: Primeape|Primeape, F|334/334\n|turn|8\n|\n|t:|1733713105\n|move|p2a: Arcanine|Flare Blitz|p1b: Pinsir\n|-supereffective|p1b: Pinsir\n|-damage|p1b: Pinsir|0 fnt\n|faint|p1b: Pinsir\n|-damage|p2a: Arcanine|34/384|[from] Recoil\n|move|p1a: Primeape|Bulk Up|p1a: Primeape\n|-boost|p1a: Primeape|atk|1\n|-boost|p1a: Primeape|def|1\n|move|p2b: Dragonair|Outrage|p1a: Primeape|[from]lockedmove\n|-damage|p1a: Primeape|36/334\n|\n|upkeep\n|turn|9\n|c|☆mattmandaman|gg\n|c|☆Mango Meloetta|ggg\n|\n|t:|1733713129\n|move|p2a: Arcanine|Snarl|p1a: Primeape\n|-resisted|p1a: Primeape\n|-damage|p1a: Primeape|17/334\n|-unboost|p1a: Primeape|spa|1\n|move|p1a: Primeape|Drain Punch|p2a: Arcanine\n|-damage|p2a: Arcanine|0 fnt\n|-heal|p1a: Primeape|34/334|[from] drain|[of] p2a: Arcanine\n|faint|p2a: Arcanine\n|move|p2b: Dragonair|Outrage|p1a: Primeape|[from]lockedmove\n|-damage|p1a: Primeape|0 fnt\n|faint|p1a: Primeape\n|-start|p2b: Dragonair|confusion|[fatigue]\n|\n|win|Mango Meloetta\n|c|☆Mango Meloetta|ggg\n|c|☆Mango Meloetta|how do i send it to jesse?\n|c|☆mattmandaman|upload and share and copy the link\n|c|☆Mango Meloetta|ahh ok gotcha\n","uploadtime":1733713144,"views":"42","formatid":"gen9doublescustomgame","rating":null,"private":0,"password":null}