{"id":"gen9doublescustomgame-2315190776","format":"[Gen 9] Doubles Custom Game","players":["mistermoscow","mattmandaman"],"log":"|j|☆mistermoscow\n|j|☆mattmandaman\n|t:|1741451572\n|gametype|doubles\n|player|p1|mistermoscow|alder|\n|player|p2|mattmandaman|giovanni|\n|teamsize|p1|6\n|teamsize|p2|6\n|gen|9\n|tier|[Gen 9] Doubles Custom Game\n|clearpoke\n|poke|p1|Dugtrio, M|\n|poke|p1|Victreebel, M|\n|poke|p1|Exeggutor, M|\n|poke|p1|Mr. Mime, M|\n|poke|p1|Jolteon, M|\n|poke|p1|Flareon, F|\n|poke|p2|Slowpoke, M|\n|poke|p2|Clefairy, F|\n|poke|p2|Marowak, M|\n|poke|p2|Gengar, M|\n|poke|p2|Snorlax, M|\n|poke|p2|Muk, M|\n|teampreview\n|\n|t:|1741451632\n|start\n|switch|p1a: The Big Dees|Dugtrio, M|211/211\n|switch|p1b: Eggman|Exeggutor, M|332/332\n|switch|p2a: Gengar|Gengar, M|262/262\n|switch|p2b: Muk|Muk, M|397/397\n|debug|natural status immunity\n|turn|1\n|\n|t:|1741451656\n|move|p1b: Eggman|Protect|p1b: Eggman\n|-singleturn|p1b: Eggman|Protect\n|move|p1a: The Big Dees|High Horsepower|p2b: Muk\n|-supereffective|p2b: Muk\n|-damage|p2b: Muk|73/397\n|move|p2a: Gengar|Sludge Bomb|p1b: Eggman\n|-activate|p1b: Eggman|move: Protect\n|move|p2b: Muk|Ice Punch|p1a: The Big Dees\n|-supereffective|p1a: The Big Dees\n|-enditem|p1a: The Big Dees|Focus Sash\n|-damage|p1a: The Big Dees|1/211\n|\n|-heal|p2b: Muk|97/397|[from] item: Black Sludge\n|upkeep\n|debug|natural status immunity\n|turn|2\n|\n|t:|1741451677\n|move|p2b: Muk|Shadow Sneak|p1a: The Big Dees\n|-damage|p1a: The Big Dees|0 fnt\n|faint|p1a: The Big Dees\n|move|p2a: Gengar|Sludge Bomb|p1b: Eggman\n|-supereffective|p1b: Eggman\n|-damage|p1b: Eggman|0 fnt\n|debug|move failed because it did nothing\n|faint|p1b: Eggman\n|\n|-heal|p2b: Muk|121/397|[from] item: Black Sludge\n|upkeep\n|\n|t:|1741451688\n|switch|p1a: Sparky|Jolteon, M|271/271\n|switch|p1b: Victor|Victreebel, M|302/302\n|turn|3\n|\n|t:|1741451705\n|move|p1b: Victor|Sucker Punch||[still]\n|-fail|p1b: Victor\n|move|p1a: Sparky|Thunderbolt|p2b: Muk\n|-damage|p2b: Muk|0 fnt\n|faint|p2b: Muk\n|move|p2a: Gengar|Trick Room|p2a: Gengar\n|-fieldstart|move: Trick Room|[of] p2a: Gengar\n|\n|upkeep\n|\n|t:|1741451724\n|switch|p2b: Marowak|Marowak, M|324/324\n|turn|4\n|\n|t:|1741451740\n|switch|p1a: Mimsy|Mr. Mime, M|284/284\n|move|p2b: Marowak|Protect|p2b: Marowak\n|-singleturn|p2b: Marowak|Protect\n|move|p1b: Victor|Leaf Blade|p2b: Marowak\n|-activate|p2b: Marowak|move: Protect\n|move|p2a: Gengar|Sludge Bomb|p1b: Victor\n|-damage|p1b: Victor|80/302\n|\n|upkeep\n|turn|5\n|\n|t:|1741451757\n|move|p2a: Gengar|Protect|p2a: Gengar\n|-singleturn|p2a: Gengar|Protect\n|move|p1a: Mimsy|Fake Out|p2b: Marowak\n|-damage|p2b: Marowak|310/324\n|cant|p2b: Marowak|flinch\n|move|p1b: Victor|Leaf Blade|p2b: Marowak\n|-supereffective|p2b: Marowak\n|-damage|p2b: Marowak|14/324\n|\n|upkeep\n|turn|6\n|\n|t:|1741451792\n|move|p1b: Victor|Sucker Punch|p2a: Gengar\n|-supereffective|p2a: Gengar\n|-damage|p2a: Gengar|44/262\n|-start|p1b: Victor|Disable|Sucker Punch|[from] ability: Cursed Body|[of] p2a: Gengar\n|move|p2b: Marowak|Earthquake|p1a: Mimsy|[spread] p2a,p1a,p1b\n|debug|Spread modifier: 0.75\n|-supereffective|p2a: Gengar\n|debug|Spread modifier: 0.75\n|debug|Spread modifier: 0.75\n|-damage|p2a: Gengar|0 fnt\n|-damage|p1a: Mimsy|68/284\n|-damage|p1b: Victor|0 fnt\n|faint|p2a: Gengar\n|faint|p1b: Victor\n|move|p1a: Mimsy|Dazzling Gleam|p2b: Marowak\n|-damage|p2b: Marowak|0 fnt\n|faint|p2b: Marowak\n|\n|upkeep\n|\n|t:|1741451813\n|switch|p2b: Clefairy|Clefairy, F|344/344\n|switch|p1b: Fluffy|Flareon, F|334/334\n|switch|p2a: Snorlax|Snorlax, M|490/490\n|turn|7\n|\n|t:|1741451840\n|switch|p1a: Sparky|Jolteon, M|271/271\n|move|p2b: Clefairy|Helping Hand|p2a: Snorlax\n|-singleturn|p2a: Snorlax|Helping Hand|[of] p2b: Clefairy\n|move|p1b: Fluffy|Protect|p1b: Fluffy\n|-singleturn|p1b: Fluffy|Protect\n|move|p2a: Snorlax|Rock Slide|p1b: Fluffy|[spread] p1a\n|-activate|p1b: Fluffy|move: Protect\n|debug|Boosting from Helping Hand: 1.5\n|debug|Spread modifier: 0.75\n|-damage|p1a: Sparky|144/271\n|debug|Covert Cloak prevent secondary\n|\n|-fieldend|move: Trick Room\n|-status|p1b: Fluffy|tox|[from] item: Toxic Orb\n|upkeep\n|turn|8\n|\n|t:|1741451858\n|move|p2b: Clefairy|Follow Me|p2b: Clefairy\n|-singleturn|p2b: Clefairy|move: Follow Me\n|move|p1a: Sparky|Sunny Day|p1a: Sparky\n|-weather|SunnyDay\n|move|p1b: Fluffy|Flare Blitz|p2b: Clefairy\n|debug|Follow Me redirected target of move\n|debug|Sunny Day fire boost\n|-damage|p2b: Clefairy|0 fnt\n|faint|p2b: Clefairy\n|-damage|p1b: Fluffy|220/334 tox|[from] Recoil\n|move|p2a: Snorlax|Rock Slide|p1b: Fluffy|[spread] p1b\n|-miss|p2a: Snorlax|p1a: Sparky\n|debug|Spread modifier: 0.75\n|-supereffective|p1b: Fluffy\n|-damage|p1b: Fluffy|26/334 tox\n|\n|-weather|SunnyDay|[upkeep]\n|-damage|p1b: Fluffy|6/334 tox|[from] psn\n|upkeep\n|\n|t:|1741451873\n|switch|p2b: Slowpoke|Slowpoke, M|384/384\n|turn|9\n|\n|t:|1741451904\n|move|p2a: Snorlax|Protect|p2a: Snorlax\n|-singleturn|p2a: Snorlax|Protect\n|move|p1a: Sparky|Thunderbolt|p2a: Snorlax\n|-activate|p2a: Snorlax|move: Protect\n|move|p1b: Fluffy|Flare Blitz|p2a: Snorlax\n|-activate|p2a: Snorlax|move: Protect\n|move|p2b: Slowpoke|Trick Room|p2b: Slowpoke\n|-fieldstart|move: Trick Room|[of] p2b: Slowpoke\n|\n|-weather|SunnyDay|[upkeep]\n|-damage|p1b: Fluffy|0 fnt|[from] psn\n|faint|p1b: Fluffy\n|upkeep\n|\n|t:|1741451916\n|switch|p1b: Mimsy|Mr. Mime, M|68/284\n|turn|10\n|\n|t:|1741451932\n|move|p1b: Mimsy|Fake Out|p2a: Snorlax\n|-damage|p2a: Snorlax|475/490\n|move|p2b: Slowpoke|Psychic|p1a: Sparky\n|-damage|p1a: Sparky|93/271\n|debug|Covert Cloak prevent secondary\n|cant|p2a: Snorlax|flinch\n|move|p1a: Sparky|Thunderbolt|p2a: Snorlax\n|-damage|p2a: Snorlax|324/490\n|\n|-weather|SunnyDay|[upkeep]\n|upkeep\n|turn|11\n|\n|t:|1741451947\n|move|p2b: Slowpoke|Psychic|p1a: Sparky\n|-damage|p1a: Sparky|41/271\n|debug|Covert Cloak prevent secondary\n|move|p2a: Snorlax|Body Slam|p1b: Mimsy\n|-damage|p1b: Mimsy|0 fnt\n|faint|p1b: Mimsy\n|move|p1a: Sparky|Thunderbolt|p2a: Snorlax\n|-damage|p2a: Snorlax|168/490\n|-enditem|p2a: Snorlax|Figy Berry|[eat]\n|-heal|p2a: Snorlax|331/490|[from] item: Figy Berry\n|\n|-weather|SunnyDay|[upkeep]\n|upkeep\n|turn|12\n|\n|t:|1741451961\n|move|p2b: Slowpoke|Psychic|p1a: Sparky\n|-damage|p1a: Sparky|0 fnt\n|debug|Covert Cloak prevent secondary\n|faint|p1a: Sparky\n|\n|win|mattmandaman\n|c|☆mistermoscow|gg\n|c|☆mattmandaman|gg\n|c|☆mistermoscow|fucking lame day of pokemon\n","uploadtime":1741451966,"views":"23","formatid":"gen9doublescustomgame","rating":null,"private":0,"password":null}