{"id":"gen9doublescustomgame-2271330848","format":"[Gen 9] Doubles Custom Game","players":["je64","Mattmandaman"],"log":"|badge|p2|silver|gen9doublesou|30-3\n|uhtml|medal-msg|<div class=\"broadcast-blue\">Curious what those medals under the avatar are? PS now has Ladder Seasons! For more information, check out the <a href=\"https://www.smogon.com/forums/threads/3740067/\">thread on Smogon.</a></div>\n|j|☆je64\n|j|☆Mattmandaman\n|t:|1735445505\n|gametype|doubles\n|player|p1|je64|102|\n|player|p2|Mattmandaman|giovanni|\n|teamsize|p1|6\n|teamsize|p2|6\n|gen|9\n|tier|[Gen 9] Doubles Custom Game\n|clearpoke\n|poke|p1|Kadabra, M|\n|poke|p1|Gyarados, M|\n|poke|p1|Hitmonchan, M|\n|poke|p1|Chansey, F|\n|poke|p1|Articuno|\n|poke|p1|Growlithe, F|\n|poke|p2|Nidoqueen, F|\n|poke|p2|Gengar, F|\n|poke|p2|Marowak, M|\n|poke|p2|Primeape, F|\n|poke|p2|Electrode|\n|poke|p2|Farfetch’d, F|\n|teampreview\n|j| mistermoscow\n|\n|t:|1735445579\n|start\n|switch|p1a: Articuno|Articuno|384/384\n|switch|p1b: Hitmonchan|Hitmonchan, M|242/242\n|switch|p2a: Marowak|Marowak, M|262/262\n|switch|p2b: Gengar|Gengar, F|262/262\n|turn|1\n|\n|t:|1735445597\n|move|p2a: Marowak|Protect|p2a: Marowak\n|-singleturn|p2a: Marowak|Protect\n|move|p1b: Hitmonchan|Fake Out|p2a: Marowak\n|-activate|p2a: Marowak|move: Protect\n|move|p2b: Gengar|Icy Wind|p1a: Articuno|[spread] p1a,p1b\n|debug|Spread modifier: 0.75\n|-crit|p1a: Articuno\n|debug|Spread modifier: 0.75\n|-damage|p1a: Articuno|331/384\n|-damage|p1b: Hitmonchan|196/242\n|-unboost|p1a: Articuno|spe|1\n|-unboost|p1b: Hitmonchan|spe|1\n|move|p1a: Articuno|Snowscape|p1a: Articuno\n|-weather|Snow\n|\n|-weather|Snow|[upkeep]\n|-heal|p1a: Articuno|355/384|[from] item: Leftovers\n|upkeep\n|turn|2\n|\n|t:|1735445618\n|move|p2b: Gengar|Icy Wind|p1a: Articuno|[spread] p1a,p1b\n|debug|Snow Cloak - decreasing accuracy\n|debug|Spread modifier: 0.75\n|debug|Spread modifier: 0.75\n|-damage|p1a: Articuno|319/384\n|-damage|p1b: Hitmonchan|149/242\n|-unboost|p1a: Articuno|spe|1\n|-unboost|p1b: Hitmonchan|spe|1\n|move|p2a: Marowak|Rock Slide|p1b: Hitmonchan|[spread] p1b\n|debug|Snow Cloak - decreasing accuracy\n|-miss|p2a: Marowak|p1a: Articuno\n|debug|Spread modifier: 0.75\n|-resisted|p1b: Hitmonchan\n|-damage|p1b: Hitmonchan|90/242\n|move|p1b: Hitmonchan|Ice Punch|p2a: Marowak\n|debug|Iron Fist boost\n|debug|Punching Glove boost\n|-supereffective|p2a: Marowak\n|-damage|p2a: Marowak|56/262\n|move|p1a: Articuno|Tailwind|p1a: Articuno\n|-sidestart|p1: je64|move: Tailwind\n|\n|-weather|Snow|[upkeep]\n|-heal|p1a: Articuno|343/384|[from] item: Leftovers\n|upkeep\n|turn|3\n|\n|t:|1735445681\n|switch|p1b: Chansey|Chansey, F|641/641\n|move|p2a: Marowak|Protect|p2a: Marowak\n|-singleturn|p2a: Marowak|Protect\n|move|p2b: Gengar|Thunderbolt|p1a: Articuno|[miss]\n|debug|Snow Cloak - decreasing accuracy\n|-miss|p2b: Gengar|p1a: Articuno\n|move|p1a: Articuno|Blizzard|p2b: Gengar|[spread] p2b\n|-activate|p2a: Marowak|move: Protect\n|debug|Spread modifier: 0.75\n|-damage|p2b: Gengar|153/262\n|-status|p2b: Gengar|frz\n|\n|-weather|Snow|[upkeep]\n|-heal|p1a: Articuno|367/384|[from] item: Leftovers\n|upkeep\n|turn|4\n|\n|t:|1735445723\n|switch|p2a: Electrode|Electrode|324/324\n|-curestatus|p2b: Gengar|frz|[msg]\n|move|p2b: Gengar|Icy Wind|p1a: Articuno|[spread] p1b\n|debug|Snow Cloak - decreasing accuracy\n|-miss|p2b: Gengar|p1a: Articuno\n|debug|Spread modifier: 0.75\n|-damage|p1b: Chansey|616/641\n|-unboost|p1b: Chansey|spe|1\n|move|p1a: Articuno|Blizzard|p2b: Gengar|[spread] p2a,p2b\n|debug|Spread modifier: 0.75\n|debug|Spread modifier: 0.75\n|-damage|p2a: Electrode|248/324\n|-damage|p2b: Gengar|35/262\n|move|p1b: Chansey|Teleport|p1b: Chansey\n|\n|t:|1735445766\n|switch|p1b: K.Dot|Kadabra, M|221/221|[from] Teleport\n|\n|-weather|Snow|[upkeep]\n|-heal|p1a: Articuno|384/384|[from] item: Leftovers\n|upkeep\n|turn|5\n|\n|t:|1735445800\n|switch|p1b: Chansey|Chansey, F|616/641\n|move|p2b: Gengar|Protect|p2b: Gengar\n|-singleturn|p2b: Gengar|Protect\n|move|p2a: Electrode|Electroweb|p1a: Articuno|[spread] p1b\n|debug|Snow Cloak - decreasing accuracy\n|-miss|p2a: Electrode|p1a: Articuno\n|debug|Spread modifier: 0.75\n|-damage|p1b: Chansey|591/641\n|-unboost|p1b: Chansey|spe|1\n|move|p1a: Articuno|Blizzard|p2b: Gengar|[spread] p2a\n|-activate|p2b: Gengar|move: Protect\n|debug|Spread modifier: 0.75\n|-damage|p2a: Electrode|179/324\n|\n|-weather|none\n|-sideend|p1: je64|move: Tailwind\n|upkeep\n|turn|6\n|\n|t:|1735445863\n|switch|p1a: Hitmonchan|Hitmonchan, M|90/242\n|move|p2a: Electrode|Volt Switch|p1a: Hitmonchan\n|-damage|p1a: Hitmonchan|6/242\n|\n|t:|1735445874\n|switch|p2a: Primeape|Primeape, F|272/272|[from] Volt Switch\n|move|p2b: Gengar|Thunderbolt|p1a: Hitmonchan\n|-damage|p1a: Hitmonchan|0 fnt\n|faint|p1a: Hitmonchan\n|move|p1b: Chansey|Thunder Wave|p2b: Gengar\n|-status|p2b: Gengar|par\n|\n|upkeep\n|\n|t:|1735445897\n|switch|p1a: K.Dot|Kadabra, M|221/221\n|turn|7\n|\n|t:|1735445932\n|move|p2a: Primeape|Protect|p2a: Primeape\n|-singleturn|p2a: Primeape|Protect\n|move|p1a: K.Dot|Dazzling Gleam|p2b: Gengar|[spread] p2b\n|-activate|p2a: Primeape|move: Protect\n|debug|Spread modifier: 0.75\n|-resisted|p2b: Gengar\n|-damage|p2b: Gengar|0 fnt\n|faint|p2b: Gengar\n|debug|damage event failed\n|move|p1b: Chansey|Teleport|p1b: Chansey\n|\n|t:|1735445982\n|switch|p1b: Articuno|Articuno|384/384|[from] Teleport\n|\n|upkeep\n|\n|t:|1735445996\n|switch|p2b: Electrode|Electrode|179/324\n|turn|8\n|\n|t:|1735446012\n|move|p2b: Electrode|Electroweb|p1a: K.Dot|[spread] p1a,p1b\n|debug|Spread modifier: 0.75\n|debug|Spread modifier: 0.75\n|-supereffective|p1b: Articuno\n|-damage|p1a: K.Dot|155/221\n|-damage|p1b: Articuno|312/384\n|-unboost|p1a: K.Dot|spe|1\n|-unboost|p1b: Articuno|spe|1\n|move|p2a: Primeape|Rock Slide|p1b: Articuno|[spread] p1a,p1b\n|debug|Spread modifier: 0.75\n|debug|Spread modifier: 0.75\n|-supereffective|p1b: Articuno\n|-damage|p1a: K.Dot|9/221\n|-damage|p1b: Articuno|124/384\n|move|p1a: K.Dot|Psychic|p2a: Primeape\n|-supereffective|p2a: Primeape\n|-damage|p2a: Primeape|0 fnt\n|faint|p2a: Primeape\n|debug|damage event failed\n|move|p1b: Articuno|Tailwind|p1b: Articuno\n|-sidestart|p1: je64|move: Tailwind\n|\n|-heal|p1b: Articuno|148/384|[from] item: Leftovers\n|upkeep\n|\n|t:|1735446030\n|switch|p2a: Farfetch’d|Farfetch’d, F|246/246\n|turn|9\n|\n|t:|1735446048\n|switch|p1a: Chansey|Chansey, F|591/641\n|move|p2a: Farfetch’d|Feint|p1a: Chansey\n|-damage|p1a: Chansey|530/641\n|move|p2b: Electrode|Volt Switch|p1b: Articuno\n|-supereffective|p1b: Articuno\n|-damage|p1b: Articuno|10/384\n|\n|t:|1735446056\n|switch|p2b: Nidoqueen|Nidoqueen, F|343/343|[from] Volt Switch\n|move|p1b: Articuno|Snowscape|p1b: Articuno\n|-weather|Snow\n|\n|-weather|Snow|[upkeep]\n|-heal|p1b: Articuno|34/384|[from] item: Leftovers\n|upkeep\n|turn|10\n|\n|t:|1735446082\n|switch|p2b: Electrode|Electrode|179/324\n|move|p2a: Farfetch’d|Feint|p1b: Articuno\n|debug|Snow Cloak - decreasing accuracy\n|-damage|p1b: Articuno|7/384\n|move|p1b: Articuno|Blizzard|p2a: Farfetch’d|[spread] p2a,p2b\n|debug|Spread modifier: 0.75\n|-supereffective|p2a: Farfetch’d\n|debug|Spread modifier: 0.75\n|-enditem|p2a: Farfetch’d|Focus Sash\n|-damage|p2a: Farfetch’d|1/246\n|-damage|p2b: Electrode|101/324\n|move|p1a: Chansey|Seismic Toss|p2b: Electrode\n|-damage|p2b: Electrode|1/324\n|\n|-weather|Snow|[upkeep]\n|-heal|p1b: Articuno|31/384|[from] item: Leftovers\n|upkeep\n|turn|11\n|\n|t:|1735446134\n|move|p2b: Electrode|Electroweb|p1a: Chansey|[spread] p1b\n|-miss|p2b: Electrode|p1a: Chansey\n|debug|Snow Cloak - decreasing accuracy\n|debug|Spread modifier: 0.75\n|-supereffective|p1b: Articuno\n|-damage|p1b: Articuno|0 fnt\n|faint|p1b: Articuno\n|move|p1a: Chansey|Seismic Toss|p2b: Electrode\n|-damage|p2b: Electrode|0 fnt\n|faint|p2b: Electrode\n|move|p2a: Farfetch’d|Tailwind|p2a: Farfetch’d\n|-sidestart|p2: Mattmandaman|move: Tailwind\n|\n|-weather|Snow|[upkeep]\n|-sideend|p1: je64|move: Tailwind\n|upkeep\n|\n|t:|1735446151\n|switch|p2b: Marowak|Marowak, M|56/262\n|switch|p1b: Gyarados|Gyarados, M|331/331\n|-ability|p1b: Gyarados|Intimidate|boost\n|-unboost|p2a: Farfetch’d|atk|1\n|-ability|p2a: Farfetch’d|Defiant|boost\n|-boost|p2a: Farfetch’d|atk|2\n|-unboost|p2b: Marowak|atk|1\n|turn|12\n|\n|t:|1735446176\n|switch|p2a: Nidoqueen|Nidoqueen, F|343/343\n|move|p2b: Marowak|Protect|p2b: Marowak\n|-singleturn|p2b: Marowak|Protect\n|move|p1b: Gyarados|Waterfall|p2b: Marowak\n|-activate|p2b: Marowak|move: Protect\n|move|p1a: Chansey|Teleport|p1a: Chansey\n|\n|t:|1735446189\n|switch|p1a: Growlithe|Growlithe, F|302/302|[from] Teleport\n|-ability|p1a: Growlithe|Intimidate|boost\n|-unboost|p2a: Nidoqueen|atk|1\n|-unboost|p2b: Marowak|atk|1\n|\n|-weather|Snow|[upkeep]\n|upkeep\n|turn|13\n|\n|t:|1735446221\n|switch|p2b: Farfetch’d|Farfetch’d, F|1/246\n|move|p1b: Gyarados|Protect|p1b: Gyarados\n|-singleturn|p1b: Gyarados|Protect\n|move|p2a: Nidoqueen|Thunderbolt|p1b: Gyarados\n|-activate|p1b: Gyarados|move: Protect\n|move|p1a: Growlithe|Will-O-Wisp|p2b: Farfetch’d\n|-status|p2b: Farfetch’d|brn\n|\n|-weather|none\n|-damage|p2b: Farfetch’d|0 fnt|[from] brn\n|faint|p2b: Farfetch’d\n|upkeep\n|\n|t:|1735446226\n|switch|p2b: Marowak|Marowak, M|56/262\n|turn|14\n|\n|t:|1735446291\n|switch|p1b: Chansey|Chansey, F|530/641\n|move|p2a: Nidoqueen|Earth Power|p1a: Growlithe\n|-supereffective|p1a: Growlithe\n|-damage|p1a: Growlithe|0 fnt\n|faint|p1a: Growlithe\n|move|p2b: Marowak|Stealth Rock|p1b: Chansey\n|-sidestart|p1: je64|move: Stealth Rock\n|\n|-sideend|p2: Mattmandaman|move: Tailwind\n|upkeep\n|\n|t:|1735446356\n|switch|p1a: Gyarados|Gyarados, M|331/331\n|-damage|p1a: Gyarados|249/331|[from] Stealth Rock\n|-ability|p1a: Gyarados|Intimidate|boost\n|-unboost|p2a: Nidoqueen|atk|1\n|-unboost|p2b: Marowak|atk|1\n|turn|15\n|\n|t:|1735446386\n|move|p1a: Gyarados|Protect|p1a: Gyarados\n|-singleturn|p1a: Gyarados|Protect\n|move|p2a: Nidoqueen|Thunderbolt|p1a: Gyarados\n|-activate|p1a: Gyarados|move: Protect\n|move|p2b: Marowak|Rock Slide|p1b: Chansey|[spread] p1b\n|-activate|p1a: Gyarados|move: Protect\n|debug|Spread modifier: 0.75\n|-damage|p1b: Chansey|442/641\n|move|p1b: Chansey|Teleport|p1b: Chansey\n|\n|t:|1735446395\n|switch|p1b: K.Dot|Kadabra, M|9/221|[from] Teleport\n|debug|damage event failed\n|\n|upkeep\n|turn|16\n|\n|t:|1735446405\n|move|p2b: Marowak|Protect|p2b: Marowak\n|-singleturn|p2b: Marowak|Protect\n|move|p1b: K.Dot|Psychic|p2a: Nidoqueen\n|-supereffective|p2a: Nidoqueen\n|-damage|p2a: Nidoqueen|0 fnt\n|faint|p2a: Nidoqueen\n|debug|damage event failed\n|move|p1a: Gyarados|Waterfall|p2b: Marowak\n|-activate|p2b: Marowak|move: Protect\n|\n|upkeep\n|turn|17\n|\n|t:|1735446416\n|move|p1b: K.Dot|Psychic|p2b: Marowak\n|-damage|p2b: Marowak|0 fnt\n|faint|p2b: Marowak\n|debug|damage event failed\n|\n|win|je64\n","uploadtime":1735446507,"views":"14","formatid":"gen9doublescustomgame","rating":null,"private":0,"password":null}