{"id":"gen9doublescustomgame-2265586682","format":"[Gen 9] Doubles Custom Game","players":["mistermoscow","Mattmandaman"],"log":"|badge|p2|gold|gen9doublesou|3-3\n|uhtml|medal-msg|<div class=\"broadcast-blue\">Curious what those medals under the avatar are? PS now has Ladder Seasons! For more information, check out the <a href=\"https://www.smogon.com/forums/threads/3740067/\">thread on Smogon.</a></div>\n|j|☆mistermoscow\n|j|☆Mattmandaman\n|t:|1734557345\n|gametype|doubles\n|player|p1|mistermoscow|alder|\n|player|p2|Mattmandaman|giovanni|\n|teamsize|p1|6\n|teamsize|p2|6\n|gen|9\n|tier|[Gen 9] Doubles Custom Game\n|clearpoke\n|poke|p1|Butterfree, F|\n|poke|p1|Fearow, M|\n|poke|p1|Clefairy, M|\n|poke|p1|Poliwrath, F|\n|poke|p1|Victreebel, M|\n|poke|p1|Snorlax, M|\n|poke|p2|Primeape, F|\n|poke|p2|Marowak, F|\n|poke|p2|Dodrio, F|\n|poke|p2|Gengar, M|\n|poke|p2|Pikachu, F|\n|poke|p2|Tentacruel, F|\n|teampreview\n|\n|t:|1734557402\n|start\n|switch|p1a: Big Bird|Fearow, M|271/271\n|switch|p1b: Clifford|Clefairy, M|344/344\n|switch|p2a: Dodrio|Dodrio, F|262/262\n|switch|p2b: Marowak|Marowak, F|262/262\n|turn|1\n|\n|t:|1734557445\n|switch|p1a: Polly|Poliwrath, F|384/384\n|move|p2a: Dodrio|Taunt|p1b: Clifford\n|-start|p1b: Clifford|move: Taunt\n|move|p2b: Marowak|Stealth Rock|p1a: Polly\n|-sidestart|p1: mistermoscow|move: Stealth Rock\n|cant|p1b: Clifford|move: Taunt|Minimize\n|\n|upkeep\n|turn|2\n|\n|t:|1734557496\n|switch|p1b: Big Bird|Fearow, M|271/271\n|-damage|p1b: Big Bird|204/271|[from] Stealth Rock\n|move|p2a: Dodrio|Brave Bird|p1a: Polly\n|-supereffective|p1a: Polly\n|-damage|p1a: Polly|0 fnt\n|faint|p1a: Polly\n|-damage|p2a: Dodrio|135/262|[from] Recoil\n|move|p2b: Marowak|Earthquake|p1b: Big Bird|[spread] \n|-immune|p2a: Dodrio\n|-immune|p1b: Big Bird\n|\n|upkeep\n|\n|t:|1734557530\n|switch|p1a: Victor|Victreebel, M|333/333\n|-damage|p1a: Victor|292/333|[from] Stealth Rock\n|turn|3\n|\n|t:|1734557546\n|move|p1a: Victor|Protect|p1a: Victor\n|-singleturn|p1a: Victor|Protect\n|move|p2a: Dodrio|Tailwind|p2a: Dodrio\n|-sidestart|p2: Mattmandaman|move: Tailwind\n|move|p2b: Marowak|Rock Slide|p1b: Big Bird|[spread] \n|-activate|p1a: Victor|move: Protect\n|-miss|p2b: Marowak|p1b: Big Bird\n|move|p1b: Big Bird|Tailwind|p1b: Big Bird\n|-sidestart|p1: mistermoscow|move: Tailwind\n|\n|-heal|p1a: Victor|312/333|[from] item: Black Sludge\n|upkeep\n|turn|4\n|\n|t:|1734557566\n|move|p2a: Dodrio|Brave Bird|p1a: Victor\n|-supereffective|p1a: Victor\n|-damage|p1a: Victor|0 fnt\n|faint|p1a: Victor\n|-damage|p2a: Dodrio|32/262|[from] Recoil\n|move|p1b: Big Bird|Sunny Day|p1b: Big Bird\n|-weather|SunnyDay\n|move|p2b: Marowak|Rock Slide|p1b: Big Bird\n|-supereffective|p1b: Big Bird\n|-crit|p1b: Big Bird\n|-damage|p1b: Big Bird|0 fnt\n|debug|Covert Cloak prevent secondary\n|faint|p1b: Big Bird\n|\n|-weather|SunnyDay|[upkeep]\n|upkeep\n|\n|t:|1734557582\n|switch|p1b: Purple Haze|Butterfree, F|324/324\n|switch|p1a: Clifford|Clefairy, M|344/344\n|-damage|p1a: Clifford|301/344|[from] Stealth Rock\n|turn|5\n|\n|t:|1734557610\n|move|p1a: Clifford|Follow Me|p1a: Clifford\n|-singleturn|p1a: Clifford|move: Follow Me\n|move|p2a: Dodrio|Taunt|p1a: Clifford\n|debug|Follow Me redirected target of move\n|-start|p1a: Clifford|move: Taunt\n|move|p2b: Marowak|Rock Slide|p1b: Purple Haze|[spread] p1b\n|-miss|p2b: Marowak|p1a: Clifford\n|debug|Spread modifier: 0.75\n|-supereffective|p1b: Purple Haze\n|debug|Friend Guard weaken\n|-damage|p1b: Purple Haze|0 fnt\n|debug|move failed because it did nothing\n|faint|p1b: Purple Haze\n|\n|-weather|SunnyDay|[upkeep]\n|upkeep\n|\n|t:|1734557630\n|switch|p1b: Snax|Snorlax, M|524/524\n|-damage|p1b: Snax|459/524|[from] Stealth Rock\n|turn|6\n|\n|t:|1734557654\n|move|p1b: Snax|Protect|p1b: Snax\n|-singleturn|p1b: Snax|Protect\n|move|p2a: Dodrio|Brave Bird|p1b: Snax\n|-activate|p1b: Snax|move: Protect\n|move|p2b: Marowak|Earthquake|p1a: Clifford|[spread] p1a\n|-activate|p1b: Snax|move: Protect\n|-immune|p2a: Dodrio\n|debug|Spread modifier: 0.75\n|-damage|p1a: Clifford|126/344\n|-activate|p1a: Clifford|move: Struggle\n|move|p1a: Clifford|Struggle|p2b: Marowak\n|-damage|p2b: Marowak|247/262\n|-damage|p1a: Clifford|40/344|[from] recoil\n|\n|-weather|SunnyDay|[upkeep]\n|-heal|p1b: Snax|491/524|[from] item: Leftovers\n|-sideend|p1: mistermoscow|move: Tailwind\n|-sideend|p2: Mattmandaman|move: Tailwind\n|upkeep\n|turn|7\n|\n|t:|1734557683\n|move|p2a: Dodrio|Brave Bird|p1b: Snax\n|debug|Friend Guard weaken\n|-damage|p1b: Snax|367/524\n|-damage|p2a: Dodrio|0 fnt|[from] Recoil\n|faint|p2a: Dodrio\n|move|p2b: Marowak|Earthquake|p1a: Clifford|[spread] p1a,p1b\n|debug|Spread modifier: 0.75\n|debug|Spread modifier: 0.75\n|-crit|p1b: Snax\n|debug|Friend Guard weaken\n|-damage|p1a: Clifford|0 fnt\n|-damage|p1b: Snax|147/524\n|faint|p1a: Clifford\n|move|p1b: Snax|Double-Edge|p2b: Marowak\n|-damage|p2b: Marowak|100/262\n|-damage|p1b: Snax|98/524|[from] Recoil\n|\n|-weather|SunnyDay|[upkeep]\n|-heal|p1b: Snax|130/524|[from] item: Leftovers\n|upkeep\n|\n|t:|1734557703\n|switch|p2a: Primeape|Primeape, F|272/272\n|turn|8\n|\n|t:|1734557714\n|move|p2a: Primeape|Drain Punch|p1b: Snax\n|-supereffective|p1b: Snax\n|-damage|p1b: Snax|0 fnt\n|faint|p1b: Snax\n|\n|win|Mattmandaman\n","uploadtime":1734557730,"views":"45","formatid":"gen9doublescustomgame","rating":null,"private":0,"password":null}