{"id":"gen9doublescustomgame-2612888680","format":"[Gen 9] Doubles Custom Game","players":["mistermoscow","noli_cannoli10"],"log":"|j|☆mistermoscow\n|j|☆noli_cannoli10\n|t:|1779156200\n|gametype|doubles\n|player|p1|mistermoscow|alder|\n|player|p2|noli_cannoli10|2|\n|gen|9\n|tier|[Gen 9] Doubles Custom Game\n|clearpoke\n|poke|p1|Venusaur, M|\n|poke|p1|Ninetales, M|\n|poke|p1|Magearna|\n|poke|p1|Tapu Fini|\n|poke|p1|Flutter Mane|\n|poke|p1|Chi-Yu|\n|poke|p2|Floette-Eternal, F|\n|poke|p2|Whimsicott|\n|poke|p2|Tyranitar|\n|poke|p2|Dragapult|\n|poke|p2|Melmetal|\n|poke|p2|Mew|\n|teampreview\n|\n|t:|1779156227\n|teamsize|p1|6\n|teamsize|p2|6\n|start\n|switch|p1a: Prince Ember|Ninetales, M|350/350\n|switch|p1b: Vinny|Venusaur, M|301/301\n|switch|p2a: Mew|Mew|341/341\n|switch|p2b: Tyranitar|Tyranitar|341/341\n|-ability|p2b: Tyranitar|Unnerve\n|-weather|SunnyDay|[from] ability: Drought|[of] p1a: Prince Ember\n|turn|1\n|\n|t:|1779156241\n|detailschange|p1b: Vinny|Venusaur-Mega, M\n|-mega|p1b: Vinny|Venusaur|Venusaurite\n|move|p2a: Mew|Tailwind|p2a: Mew\n|-sidestart|p2: noli_cannoli10|move: Tailwind\n|move|p2b: Tyranitar|Rock Slide|p1a: Prince Ember|[spread] p1b\n|-miss|p2b: Tyranitar|p1a: Prince Ember\n|debug|Spread modifier: 0.75\n|-damage|p1b: Vinny|216/301\n|move|p1a: Prince Ember|Calm Mind|p1a: Prince Ember\n|-boost|p1a: Prince Ember|spa|1\n|-boost|p1a: Prince Ember|spd|1\n|cant|p1b: Vinny|flinch\n|\n|-weather|SunnyDay|[upkeep]\n|upkeep\n|turn|2\n|\n|t:|1779156272\n|move|p2a: Mew|Psychic|p1b: Vinny\n|-supereffective|p1b: Vinny\n|-damage|p1b: Vinny|0 fnt\n|faint|p1b: Vinny\n|detailschange|p1: Vinny|Venusaur, M|[silent]\n|move|p2b: Tyranitar|Rock Slide|p1a: Prince Ember\n|-supereffective|p1a: Prince Ember\n|-damage|p1a: Prince Ember|66/350\n|move|p1a: Prince Ember|Solar Beam||[still]\n|-prepare|p1a: Prince Ember|Solar Beam\n|-anim|p1a: Prince Ember|Solar Beam|p2b: Tyranitar\n|-supereffective|p2b: Tyranitar\n|-damage|p2b: Tyranitar|173/341\n|\n|-weather|SunnyDay|[upkeep]\n|upkeep\n|\n|t:|1779156306\n|switch|p1b: Floots|Flutter Mane|251/251\n|-activate|p1b: Floots|ability: Protosynthesis\n|-start|p1b: Floots|protosynthesisspa\n|turn|3\n|\n|t:|1779156342\n|switch|p1a: Mags|Magearna|364/364\n|move|p2a: Mew|Psychic|p1b: Floots\n|-damage|p1b: Floots|148/251\n|move|p2b: Tyranitar|Rock Slide|p1a: Mags|[spread] p1a,p1b\n|debug|Spread modifier: 0.75\n|-resisted|p1a: Mags\n|debug|Spread modifier: 0.75\n|-damage|p1a: Mags|330/364\n|-damage|p1b: Floots|0 fnt\n|debug|move failed because it did nothing\n|faint|p1b: Floots\n|-ability|p1a: Mags|Soul-Heart|boost\n|-boost|p1a: Mags|spa|1\n|-end|p1b: Floots|Protosynthesis|[silent]\n|\n|-weather|SunnyDay|[upkeep]\n|upkeep\n|\n|t:|1779156358\n|switch|p1b: Ursula|Tapu Fini|344/344\n|-fieldstart|move: Misty Terrain|[from] ability: Misty Surge|[of] p1b: Ursula\n|turn|4\n|j| Jamochi\n|\n|t:|1779156387\n|move|p2a: Mew|Pollen Puff|p2b: Tyranitar\n|-heal|p2b: Tyranitar|341/341\n|move|p2b: Tyranitar|Rock Slide|p1a: Mags|[spread] p1a,p1b\n|debug|Spread modifier: 0.75\n|-resisted|p1a: Mags\n|debug|Spread modifier: 0.75\n|-damage|p1a: Mags|291/364\n|-damage|p1b: Ursula|266/344\n|move|p1b: Ursula|Calm Mind|p1b: Ursula\n|-boost|p1b: Ursula|spa|1\n|-boost|p1b: Ursula|spd|1\n|move|p1a: Mags|Dazzling Gleam|p2a: Mew|[spread] p2a,p2b\n|debug|Spread modifier: 0.75\n|debug|Spread modifier: 0.75\n|-supereffective|p2b: Tyranitar\n|-damage|p2a: Mew|203/341\n|-damage|p2b: Tyranitar|177/341\n|\n|-weather|SunnyDay|[upkeep]\n|-heal|p1b: Ursula|287/344|[from] item: Leftovers\n|-sideend|p2: noli_cannoli10|move: Tailwind\n|upkeep\n|turn|5\n|j| je64\n|\n|t:|1779156412\n|move|p1a: Mags|Protect|p1a: Mags\n|-singleturn|p1a: Mags|Protect\n|move|p2a: Mew|Tailwind|p2a: Mew\n|-sidestart|p2: noli_cannoli10|move: Tailwind\n|move|p2b: Tyranitar|Rock Slide|p1a: Mags|[spread] p1b\n|-activate|p1a: Mags|move: Protect\n|debug|Spread modifier: 0.75\n|-damage|p1b: Ursula|217/344\n|cant|p1b: Ursula|flinch\n|\n|-weather|SunnyDay|[upkeep]\n|-heal|p1b: Ursula|238/344|[from] item: Leftovers\n|upkeep\n|turn|6\n|\n|t:|1779156429\n|move|p2a: Mew|Pollen Puff|p2b: Tyranitar\n|-heal|p2b: Tyranitar|341/341\n|move|p2b: Tyranitar|Rock Slide|p1b: Ursula|[spread] p1a,p1b\n|debug|Spread modifier: 0.75\n|-resisted|p1a: Mags\n|debug|Spread modifier: 0.75\n|-damage|p1a: Mags|254/364\n|-damage|p1b: Ursula|166/344\n|move|p1b: Ursula|Draining Kiss|p2b: Tyranitar\n|-supereffective|p2b: Tyranitar\n|-damage|p2b: Tyranitar|233/341\n|-heal|p1b: Ursula|247/344|[from] drain|[of] p2b: Tyranitar\n|move|p1a: Mags|Calm Mind|p1a: Mags\n|-boost|p1a: Mags|spa|1\n|-boost|p1a: Mags|spd|1\n|\n|-weather|SunnyDay|[upkeep]\n|-heal|p1b: Ursula|268/344|[from] item: Leftovers\n|upkeep\n|turn|7\n|\n|t:|1779156469\n|move|p2a: Mew|Pollen Puff|p2b: Tyranitar\n|-heal|p2b: Tyranitar|341/341\n|move|p2b: Tyranitar|Rock Slide|p1a: Mags|[spread] p1a\n|-miss|p2b: Tyranitar|p1b: Ursula\n|debug|Spread modifier: 0.75\n|-resisted|p1a: Mags\n|-damage|p1a: Mags|218/364\n|move|p1b: Ursula|Icy Wind|p2b: Tyranitar|[spread] p2b\n|-miss|p1b: Ursula|p2a: Mew\n|debug|Spread modifier: 0.75\n|-damage|p2b: Tyranitar|312/341\n|-unboost|p2b: Tyranitar|spe|1\n|move|p1a: Mags|Calm Mind|p1a: Mags\n|-boost|p1a: Mags|spa|1\n|-boost|p1a: Mags|spd|1\n|\n|-weather|SunnyDay|[upkeep]\n|-heal|p1b: Ursula|289/344|[from] item: Leftovers\n|upkeep\n|turn|8\n|c|☆noli_cannoli10|slow bleed\n|\n|t:|1779156502\n|move|p2a: Mew|Psychic|p1b: Ursula\n|-damage|p1b: Ursula|214/344\n|move|p2b: Tyranitar|Rock Slide|p1b: Ursula|[spread] p1a,p1b\n|debug|Spread modifier: 0.75\n|-resisted|p1a: Mags\n|debug|Spread modifier: 0.75\n|-damage|p1a: Mags|182/364\n|-damage|p1b: Ursula|133/344\n|move|p1b: Ursula|Soak|p2a: Mew\n|-start|p2a: Mew|typechange|Water\n|move|p1a: Mags|Energy Ball|p2a: Mew\n|-supereffective|p2a: Mew\n|-damage|p2a: Mew|0 fnt\n|faint|p2a: Mew\n|-ability|p1a: Mags|Soul-Heart|boost\n|-boost|p1a: Mags|spa|1\n|\n|-weather|none\n|-heal|p1b: Ursula|154/344|[from] item: Leftovers\n|-sideend|p2: noli_cannoli10|move: Tailwind\n|-fieldend|Misty Terrain\n|upkeep\n|\n|t:|1779156520\n|switch|p2a: Whimsicott|Whimsicott|324/324\n|turn|9\n|\n|t:|1779156545\n|move|p1a: Mags|Protect|p1a: Mags\n|-singleturn|p1a: Mags|Protect\n|move|p2a: Whimsicott|Tailwind|p2a: Whimsicott\n|-sidestart|p2: noli_cannoli10|move: Tailwind\n|move|p2b: Tyranitar|Rock Slide|p1a: Mags|[spread] p1b\n|-activate|p1a: Mags|move: Protect\n|debug|Spread modifier: 0.75\n|-damage|p1b: Ursula|81/344\n|cant|p1b: Ursula|flinch\n|\n|-heal|p1b: Ursula|102/344|[from] item: Leftovers\n|upkeep\n|turn|10\n|\n|t:|1779156564\n|move|p2a: Whimsicott|Encore|p1a: Mags\n|-start|p1a: Mags|Encore\n|move|p2b: Tyranitar|Rock Slide|p1b: Ursula|[spread] p1a,p1b\n|debug|Spread modifier: 0.75\n|-resisted|p1a: Mags\n|debug|Spread modifier: 0.75\n|-crit|p1b: Ursula\n|-damage|p1a: Mags|142/364\n|-damage|p1b: Ursula|0 fnt\n|faint|p1b: Ursula\n|-ability|p1a: Mags|Soul-Heart|boost\n|-boost|p1a: Mags|spa|1\n|move|p1a: Mags|Protect||[still]\n|-fail|p1a: Mags\n|\n|upkeep\n|\n|t:|1779156576\n|switch|p1b: Prince Ember|Ninetales, M|66/350\n|-weather|SunnyDay|[from] ability: Drought|[of] p1b: Prince Ember\n|turn|11\n|\n|t:|1779156590\n|move|p1a: Mags|Protect|p1a: Mags\n|-singleturn|p1a: Mags|Protect\n|move|p2a: Whimsicott|Light Screen|p2a: Whimsicott\n|-sidestart|p2: noli_cannoli10|move: Light Screen\n|move|p2b: Tyranitar|Rock Slide|p1b: Prince Ember|[spread] \n|-activate|p1a: Mags|move: Protect\n|-miss|p2b: Tyranitar|p1b: Prince Ember\n|move|p1b: Prince Ember|Flamethrower|p2a: Whimsicott\n|debug|Sunny Day fire boost\n|-supereffective|p2a: Whimsicott\n|debug|Light Screen weaken\n|-damage|p2a: Whimsicott|79/324\n|\n|-weather|SunnyDay|[upkeep]\n|-heal|p2a: Whimsicott|99/324|[from] item: Leftovers\n|upkeep\n|turn|12\n|c|☆noli_cannoli10|another miss is crazy\n|\n|t:|1779156613\n|switch|p2a: Dragapult|Dragapult|317/317\n|move|p1a: Mags|Protect|p1a: Mags\n|debug|Success chance: 33%\n|-singleturn|p1a: Mags|Protect\n|move|p2b: Tyranitar|Rock Slide|p1b: Prince Ember|[spread] p1b\n|-activate|p1a: Mags|move: Protect\n|debug|Spread modifier: 0.75\n|-supereffective|p1b: Prince Ember\n|-damage|p1b: Prince Ember|0 fnt\n|faint|p1b: Prince Ember\n|-ability|p1a: Mags|Soul-Heart|boost\n|-boost|p1a: Mags|spa|1\n|\n|-weather|SunnyDay|[upkeep]\n|-end|p1a: Mags|Encore\n|-sideend|p2: noli_cannoli10|move: Tailwind\n|upkeep\n|\n|t:|1779156626\n|switch|p1b: Chip|Chi-Yu|252/252\n|-ability|p1b: Chip|Beads of Ruin\n|turn|13\n|\n|t:|1779156668\n|move|p1b: Chip|Heat Wave|p2b: Tyranitar|[spread] p2a,p2b\n|debug|Beads of Ruin SpD drop\n|debug|Spread modifier: 0.75\n|debug|Sunny Day fire boost\n|-resisted|p2a: Dragapult\n|debug|Light Screen weaken\n|debug|Beads of Ruin SpD drop\n|debug|Spread modifier: 0.75\n|debug|Sunny Day fire boost\n|-resisted|p2b: Tyranitar\n|-crit|p2b: Tyranitar\n|-damage|p2a: Dragapult|207/317\n|-damage|p2b: Tyranitar|159/341\n|move|p2a: Dragapult|Will-O-Wisp|p1a: Mags\n|-status|p1a: Mags|brn\n|move|p1a: Mags|Dazzling Gleam|p2a: Dragapult|[spread] p2a,p2b\n|debug|Beads of Ruin SpD drop\n|debug|Spread modifier: 0.75\n|-supereffective|p2a: Dragapult\n|debug|Light Screen weaken\n|debug|Beads of Ruin SpD drop\n|debug|Spread modifier: 0.75\n|-supereffective|p2b: Tyranitar\n|debug|Light Screen weaken\n|-damage|p2a: Dragapult|0 fnt\n|-damage|p2b: Tyranitar|0 fnt\n|faint|p2a: Dragapult\n|faint|p2b: Tyranitar\n|\n|-weather|SunnyDay|[upkeep]\n|-damage|p1a: Mags|120/364 brn|[from] brn\n|upkeep\n|\n|t:|1779156690\n|switch|p2a: Whimsicott|Whimsicott|99/324\n|switch|p2b: Melmetal|Melmetal|474/474\n|turn|14\n|\n|t:|1779156702\n|move|p2a: Whimsicott|Tailwind|p2a: Whimsicott\n|-sidestart|p2: noli_cannoli10|move: Tailwind\n|move|p1b: Chip|Heat Wave|p2b: Melmetal|[spread] p2a\n|-miss|p1b: Chip|p2b: Melmetal\n|debug|Beads of Ruin SpD drop\n|debug|Spread modifier: 0.75\n|debug|Sunny Day fire boost\n|-supereffective|p2a: Whimsicott\n|debug|Light Screen weaken\n|-damage|p2a: Whimsicott|0 fnt\n|faint|p2a: Whimsicott\n|move|p2b: Melmetal|Superpower|p1b: Chip\n|-supereffective|p1b: Chip\n|-damage|p1b: Chip|0 fnt\n|-unboost|p2b: Melmetal|atk|1\n|-unboost|p2b: Melmetal|def|1\n|faint|p1b: Chip\n|move|p1a: Mags|Dazzling Gleam|p2b: Melmetal\n|-resisted|p2b: Melmetal\n|debug|Light Screen weaken\n|-damage|p2b: Melmetal|248/474\n|\n|-weather|SunnyDay|[upkeep]\n|-damage|p1a: Mags|98/364 brn|[from] brn\n|upkeep\n|c| je64|hugeeeeeeeee\n|\n|t:|1779156721\n|switch|p2a: Floette|Floette-Eternal, F|289/289\n|turn|15\n|c|☆mistermoscow|wow\n|c|☆mistermoscow|rnjesus hates me\n|\n|t:|1779156746\n|detailschange|p2a: Floette|Floette-Mega, F\n|-mega|p2a: Floette|Floette|Floettite\n|-ability|p2a: Floette|Fairy Aura\n|move|p2a: Floette|Moonblast|p1a: Mags\n|-resisted|p1a: Mags\n|-damage|p1a: Mags|41/364 brn\n|debug|move failed because it did nothing\n|move|p2b: Melmetal|Superpower|p1a: Mags\n|-damage|p1a: Mags|0 fnt\n|-unboost|p2b: Melmetal|atk|1\n|-unboost|p2b: Melmetal|def|1\n|faint|p1a: Mags\n|\n|win|noli_cannoli10\n|c|☆mistermoscow|gg\n|c|☆noli_cannoli10|gg\n","uploadtime":1779156766,"views":"13","formatid":"gen9doublescustomgame","rating":null,"private":0,"password":null}