{"id":"gen9doublescustomgame-2116676627","format":"[Gen 9] Doubles Custom Game","players":["Mango Meloetta","noli_cannoli10"],"log":"|j|☆Mango Meloetta\n|j|☆noli_cannoli10\n|t:|1714701273\n|gametype|doubles\n|player|p1|Mango Meloetta|li|\n|player|p2|noli_cannoli10|170|\n|teamsize|p1|6\n|teamsize|p2|6\n|gen|9\n|tier|[Gen 9] Doubles Custom Game\n|clearpoke\n|poke|p1|Gengar, F|\n|poke|p1|Murkrow, M|\n|poke|p1|Porygon2|\n|poke|p1|Heatran, F|\n|poke|p1|Zygarde|\n|poke|p1|Chien-Pao|\n|poke|p2|Smeargle, M|\n|poke|p2|Metagross|\n|poke|p2|Volcarona, M|\n|poke|p2|Magearna|\n|poke|p2|Urshifu-*, F|\n|poke|p2|Annihilape, M|\n|teampreview\n|j| mattmandaman\n|j| mistermoscow\n|\n|t:|1714701304\n|start\n|switch|p1a: My Guard|Zygarde|420/420\n|switch|p1b: Kung Pao Chicken|Chien-Pao|301/301\n|switch|p2a: smearin' deez|Smeargle, M|314/314\n|switch|p2b: Usher Foo|Urshifu-Rapid-Strike, F|341/341\n|-ability|p1b: Kung Pao Chicken|Sword of Ruin\n|-ability|p1a: My Guard|Aura Break\n|turn|1\n|\n|t:|1714701375\n|move|p2a: smearin' deez|Fake Out|p1b: Kung Pao Chicken\n|-damage|p1b: Kung Pao Chicken|285/301\n|move|p2b: Usher Foo|Close Combat|p1a: My Guard\n|debug|Sword of Ruin Def drop\n|-damage|p1a: My Guard|147/420\n|-unboost|p2b: Usher Foo|def|1\n|-unboost|p2b: Usher Foo|spd|1\n|cant|p1b: Kung Pao Chicken|flinch\n|move|p1a: My Guard|Dragon Dance|p1a: My Guard\n|-boost|p1a: My Guard|atk|1\n|-boost|p1a: My Guard|spe|1\n|\n|-heal|p1a: My Guard|173/420|[from] item: Leftovers\n|-ability|p2a: smearin' deez|Moody|boost\n|-boost|p2a: smearin' deez|atk|2\n|-unboost|p2a: smearin' deez|spe|1\n|upkeep\n|turn|2\n|\n|t:|1714701420\n|move|p2b: Usher Foo|Close Combat|p1a: My Guard\n|debug|Sword of Ruin Def drop\n|-damage|p1a: My Guard|0 fnt\n|-unboost|p2b: Usher Foo|def|1\n|-unboost|p2b: Usher Foo|spd|1\n|faint|p1a: My Guard\n|move|p1b: Kung Pao Chicken|Ice Spinner|p2b: Usher Foo\n|debug|Sword of Ruin Def drop\n|-resisted|p2b: Usher Foo\n|-damage|p2b: Usher Foo|149/341\n|move|p2a: smearin' deez|Tailwind|p2a: smearin' deez\n|-sidestart|p2: noli_cannoli10|move: Tailwind\n|\n|-ability|p2a: smearin' deez|Moody|boost\n|-boost|p2a: smearin' deez|spd|2\n|-unboost|p2a: smearin' deez|spe|1\n|upkeep\n|\n|t:|1714701431\n|switch|p1a: Muckracker|Murkrow, M|324/324\n|turn|3\n|\n|t:|1714701442\n|-terastallize|p1b: Kung Pao Chicken|Dark\n|move|p1b: Kung Pao Chicken|Sucker Punch|p2b: Usher Foo\n|debug|Sword of Ruin Def drop\n|-resisted|p2b: Usher Foo\n|-damage|p2b: Usher Foo|0 fnt\n|faint|p2b: Usher Foo\n|move|p1a: Muckracker|Tailwind|p1a: Muckracker\n|-sidestart|p1: Mango Meloetta|move: Tailwind\n|move|p2a: smearin' deez|Spore|p1b: Kung Pao Chicken\n|-status|p1b: Kung Pao Chicken|slp|[from] move: Spore\n|\n|-ability|p2a: smearin' deez|Moody|boost\n|-boost|p2a: smearin' deez|def|2\n|-unboost|p2a: smearin' deez|spd|1\n|upkeep\n|j| smokeydabearrr\n|\n|t:|1714701466\n|switch|p2b: Butterfree?!|Volcarona, M|374/374\n|turn|4\n|\n|t:|1714701475\n|move|p1a: Muckracker|Taunt|p2b: Butterfree?!\n|-start|p2b: Butterfree?!|move: Taunt\n|cant|p1b: Kung Pao Chicken|slp\n|move|p2b: Butterfree?!|Heat Wave|p1b: Kung Pao Chicken|[spread] p1a,p1b\n|debug|Spread modifier: 0.75\n|debug|Spread modifier: 0.75\n|-damage|p1a: Muckracker|215/324\n|-damage|p1b: Kung Pao Chicken|128/301 slp\n|move|p2a: smearin' deez|Spore|p1a: Muckracker\n|-status|p1a: Muckracker|slp|[from] move: Spore\n|\n|-ability|p2a: smearin' deez|Moody|boost\n|-boost|p2a: smearin' deez|spa|2\n|-unboost|p2a: smearin' deez|atk|1\n|upkeep\n|turn|5\n|\n|t:|1714701493\n|switch|p2a: Metal Gyatt|Magearna|364/364\n|cant|p1b: Kung Pao Chicken|slp\n|move|p2b: Butterfree?!|Heat Wave|p1a: Muckracker|[spread] p1a,p1b\n|debug|Spread modifier: 0.75\n|debug|Spread modifier: 0.75\n|-damage|p1a: Muckracker|106/324 slp\n|-damage|p1b: Kung Pao Chicken|0 fnt\n|faint|p1b: Kung Pao Chicken\n|-ability|p2a: Metal Gyatt|Soul-Heart|boost\n|-boost|p2a: Metal Gyatt|spa|1\n|cant|p1a: Muckracker|slp\n|\n|-sideend|p2: noli_cannoli10|move: Tailwind\n|upkeep\n|\n|t:|1714701499\n|switch|p1b: Porous Gone|Porygon2|374/374\n|-ability|p1b: Porous Gone|Download|boost\n|-boost|p1b: Porous Gone|spa|1\n|turn|6\n|\n|t:|1714701513\n|-curestatus|p1a: Muckracker|slp|[msg]\n|move|p1a: Muckracker|Tailwind||[still]\n|-fail|p1a: Muckracker\n|debug|move failed because it did nothing\n|move|p1b: Porous Gone|Shadow Ball|p2a: Metal Gyatt\n|-damage|p2a: Metal Gyatt|271/364\n|-unboost|p2a: Metal Gyatt|spd|1\n|move|p2b: Butterfree?!|Heat Wave|p1a: Muckracker|[spread] p1a,p1b\n|debug|Spread modifier: 0.75\n|debug|Spread modifier: 0.75\n|-damage|p1a: Muckracker|0 fnt\n|-damage|p1b: Porous Gone|313/374\n|faint|p1a: Muckracker\n|-ability|p2a: Metal Gyatt|Soul-Heart|boost\n|-boost|p2a: Metal Gyatt|spa|1\n|move|p2a: Metal Gyatt|Dazzling Gleam|p1b: Porous Gone\n|-damage|p1b: Porous Gone|172/374\n|\n|-end|p2b: Butterfree?!|move: Taunt\n|-sideend|p1: Mango Meloetta|move: Tailwind\n|upkeep\n|\n|t:|1714701524\n|switch|p1a: Heatran|Heatran, F|386/386\n|turn|7\n|\n|t:|1714701581\n|move|p2b: Butterfree?!|Heat Wave|p1b: Porous Gone|[spread] p1b\n|-start|p1a: Heatran|ability: Flash Fire\n|debug|Spread modifier: 0.75\n|-damage|p1b: Porous Gone|112/374\n|move|p2a: Metal Gyatt|Dazzling Gleam|p1b: Porous Gone|[spread] p1a,p1b\n|debug|Spread modifier: 0.75\n|-resisted|p1a: Heatran\n|debug|Spread modifier: 0.75\n|-damage|p1a: Heatran|357/386\n|-damage|p1b: Porous Gone|3/374\n|move|p1a: Heatran|Earth Power|p2b: Butterfree?!\n|-damage|p2b: Butterfree?!|270/374\n|move|p1b: Porous Gone|Shadow Ball|p2a: Metal Gyatt\n|-damage|p2a: Metal Gyatt|137/364\n|\n|-heal|p2b: Butterfree?!|293/374|[from] item: Leftovers\n|upkeep\n|turn|8\n|\n|t:|1714701599\n|switch|p2b: smearin' deez|Smeargle, M|314/314\n|move|p2a: Metal Gyatt|Dazzling Gleam|p1a: Heatran|[spread] p1a,p1b\n|debug|Spread modifier: 0.75\n|-resisted|p1a: Heatran\n|debug|Spread modifier: 0.75\n|-damage|p1a: Heatran|324/386\n|-damage|p1b: Porous Gone|0 fnt\n|faint|p1b: Porous Gone\n|-ability|p2a: Metal Gyatt|Soul-Heart|boost\n|-boost|p2a: Metal Gyatt|spa|1\n|move|p1a: Heatran|Earth Power|p2a: Metal Gyatt\n|-supereffective|p2a: Metal Gyatt\n|-damage|p2a: Metal Gyatt|0 fnt\n|faint|p2a: Metal Gyatt\n|\n|-ability|p2b: smearin' deez|Moody|boost\n|-boost|p2b: smearin' deez|spe|2\n|-unboost|p2b: smearin' deez|spa|1\n|upkeep\n|\n|t:|1714701613\n|switch|p2a: Butterfree?!|Volcarona, M|293/374\n|switch|p1b: Goonatar|Gengar, F|262/262\n|turn|9\n|\n|t:|1714701641\n|detailschange|p1b: Goonatar|Gengar-Mega, F\n|-mega|p1b: Goonatar|Gengar|Gengarite\n|move|p2b: smearin' deez|Fake Out|p1a: Heatran\n|-resisted|p1a: Heatran\n|-damage|p1a: Heatran|317/386\n|move|p1b: Goonatar|Shadow Ball|p2a: Butterfree?!\n|-damage|p2a: Butterfree?!|134/374\n|move|p2a: Butterfree?!|Quiver Dance|p2a: Butterfree?!\n|-boost|p2a: Butterfree?!|spa|1\n|-boost|p2a: Butterfree?!|spd|1\n|-boost|p2a: Butterfree?!|spe|1\n|cant|p1a: Heatran|flinch\n|\n|-heal|p2a: Butterfree?!|157/374|[from] item: Leftovers\n|-ability|p2b: smearin' deez|Moody|boost\n|-boost|p2b: smearin' deez|def|2\n|-unboost|p2b: smearin' deez|atk|1\n|upkeep\n|turn|10\n|\n|t:|1714701671\n|move|p2b: smearin' deez|Spore|p1a: Heatran\n|-status|p1a: Heatran|slp|[from] move: Spore\n|move|p1b: Goonatar|Shadow Ball|p2a: Butterfree?!\n|-damage|p2a: Butterfree?!|43/374\n|move|p2a: Butterfree?!|Heat Wave|p1b: Goonatar|[spread] p1b\n|-immune|p1a: Heatran|[from] ability: Flash Fire\n|debug|Spread modifier: 0.75\n|-damage|p1b: Goonatar|106/262\n|cant|p1a: Heatran|slp\n|\n|-heal|p2a: Butterfree?!|66/374|[from] item: Leftovers\n|-ability|p2b: smearin' deez|Moody|boost\n|-boost|p2b: smearin' deez|atk|2\n|-unboost|p2b: smearin' deez|def|1\n|upkeep\n|turn|11\n|\n|t:|1714701702\n|move|p1b: Goonatar|Protect|p1b: Goonatar\n|-singleturn|p1b: Goonatar|Protect\n|move|p2b: smearin' deez|Spore|p1b: Goonatar\n|-activate|p1b: Goonatar|move: Protect\n|move|p2a: Butterfree?!|Heat Wave|p1b: Goonatar|[spread] \n|-activate|p1b: Goonatar|move: Protect\n|-immune|p1a: Heatran|[from] ability: Flash Fire\n|cant|p1a: Heatran|slp\n|\n|-heal|p2a: Butterfree?!|89/374|[from] item: Leftovers\n|-ability|p2b: smearin' deez|Moody|boost\n|-boost|p2b: smearin' deez|def|2\n|-unboost|p2b: smearin' deez|atk|1\n|upkeep\n|turn|12\n|\n|t:|1714701769\n|move|p2b: smearin' deez|Spore|p1b: Goonatar\n|-status|p1b: Goonatar|slp|[from] move: Spore\n|cant|p1b: Goonatar|slp\n|move|p2a: Butterfree?!|Heat Wave|p1b: Goonatar|[spread] p1b\n|-immune|p1a: Heatran|[from] ability: Flash Fire\n|debug|Spread modifier: 0.75\n|-damage|p1b: Goonatar|0 fnt\n|faint|p1b: Goonatar\n|-curestatus|p1a: Heatran|slp|[msg]\n|move|p1a: Heatran|Earth Power|p2a: Butterfree?!\n|debug|Negating (sp)def boost/penalty.\n|-crit|p2a: Butterfree?!\n|-damage|p2a: Butterfree?!|0 fnt\n|faint|p2a: Butterfree?!\n|\n|-ability|p2b: smearin' deez|Moody|boost\n|-boost|p2b: smearin' deez|def|2\n|-unboost|p2b: smearin' deez|atk|1\n|upkeep\n|\n|t:|1714701786\n|switch|p2a: Tickle Me Elmo|Annihilape, M|423/423\n|turn|13\n|\n|t:|1714701793\n|move|p2b: smearin' deez|Spore|p1a: Heatran\n|-status|p1a: Heatran|slp|[from] move: Spore\n|move|p2a: Tickle Me Elmo|Rage Fist|p1a: Heatran\n|-damage|p1a: Heatran|235/386 slp\n|cant|p1a: Heatran|slp\n|\n|-ability|p2b: smearin' deez|Moody|boost\n|-boost|p2b: smearin' deez|spd|2\n|-unboost|p2b: smearin' deez|atk|1\n|upkeep\n|turn|14\n|\n|t:|1714701817\n|move|p2b: smearin' deez|Spiky Shield|p2b: smearin' deez\n|-singleturn|p2b: smearin' deez|move: Protect\n|move|p2a: Tickle Me Elmo|Drain Punch|p1a: Heatran\n|-supereffective|p1a: Heatran\n|-damage|p1a: Heatran|0 fnt\n|faint|p1a: Heatran\n|\n|win|noli_cannoli10\n|l|☆Mango Meloetta\n|player|p1|\n","uploadtime":1714701830,"views":"24","formatid":"gen9doublescustomgame","rating":null,"private":0,"password":null}