{"id":"gen9doublescustomgame-2316887187","format":"[Gen 9] Doubles Custom Game","players":["Mango Meloetta","mistermoscow"],"log":"|j|☆Mango Meloetta\n|j|☆mistermoscow\n|t:|1741662698\n|gametype|doubles\n|player|p1|Mango Meloetta|li|\n|player|p2|mistermoscow|alder|\n|teamsize|p1|6\n|teamsize|p2|6\n|gen|9\n|tier|[Gen 9] Doubles Custom Game\n|clearpoke\n|poke|p1|Pinsir, M|\n|poke|p1|Poliwrath, M|\n|poke|p1|Electabuzz, M|\n|poke|p1|Golduck, F|\n|poke|p1|Snorlax, F|\n|poke|p1|Weezing, F|\n|poke|p2|Dugtrio, M|\n|poke|p2|Primeape, M|\n|poke|p2|Kingler, M|\n|poke|p2|Mr. Mime, M|\n|poke|p2|Jolteon, M|\n|poke|p2|Dragonite, M|\n|teampreview\n|\n|t:|1741662734\n|start\n|switch|p1a: Electabuzz|Electabuzz, M|271/271\n|switch|p1b: Golduck|Golduck, F|301/301\n|switch|p2a: Mimsy|Mr. Mime, M|221/221\n|switch|p2b: Apollo|Primeape, M|271/271\n|-item|p1a: Electabuzz|Air Balloon\n|-ability|p1b: Golduck|Cloud Nine\n|turn|1\n|\n|t:|1741662760\n|move|p2a: Mimsy|Fake Out|p1b: Golduck\n|-damage|p1b: Golduck|283/301\n|move|p1a: Electabuzz|Psychic|p2b: Apollo\n|-supereffective|p2b: Apollo\n|-damage|p2b: Apollo|149/271\n|cant|p1b: Golduck|flinch\n|move|p2b: Apollo|Bulk Up|p2b: Apollo\n|-boost|p2b: Apollo|atk|1\n|-boost|p2b: Apollo|def|1\n|\n|upkeep\n|turn|2\n|\n|t:|1741662790\n|move|p2a: Mimsy|Follow Me|p2a: Mimsy\n|-singleturn|p2a: Mimsy|move: Follow Me\n|move|p1a: Electabuzz|Psychic|p2a: Mimsy\n|debug|Follow Me redirected target of move\n|-resisted|p2a: Mimsy\n|-damage|p2a: Mimsy|187/221\n|move|p1b: Golduck|Psychic|p2a: Mimsy\n|debug|Follow Me redirected target of move\n|-resisted|p2a: Mimsy\n|-crit|p2a: Mimsy\n|-damage|p2a: Mimsy|127/221\n|move|p2b: Apollo|Rage Fist|p1a: Electabuzz\n|-damage|p1a: Electabuzz|0 fnt\n|-enditem|p1a: Electabuzz|Air Balloon\n|faint|p1a: Electabuzz\n|\n|-heal|p2a: Mimsy|140/221|[from] item: Leftovers\n|upkeep\n|\n|t:|1741662848\n|switch|p1a: Weezing|Weezing, F|334/334\n|turn|3\n|\n|t:|1741662885\n|move|p1b: Golduck|Protect|p1b: Golduck\n|-singleturn|p1b: Golduck|Protect\n|move|p2a: Mimsy|Follow Me|p2a: Mimsy\n|-singleturn|p2a: Mimsy|move: Follow Me\n|move|p2b: Apollo|Rage Fist|p1a: Weezing\n|-damage|p1a: Weezing|214/334\n|move|p1a: Weezing|Toxic|p2a: Mimsy\n|debug|Follow Me redirected target of move\n|-status|p2a: Mimsy|tox\n|\n|-heal|p2a: Mimsy|153/221 tox|[from] item: Leftovers\n|-heal|p1a: Weezing|234/334|[from] item: Leftovers\n|-damage|p2a: Mimsy|140/221 tox|[from] psn\n|upkeep\n|turn|4\n|\n|t:|1741662930\n|move|p2a: Mimsy|Follow Me|p2a: Mimsy\n|-singleturn|p2a: Mimsy|move: Follow Me\n|move|p1b: Golduck|Haze|p1b: Golduck\n|-clearallboost\n|move|p2b: Apollo|Drain Punch|p1b: Golduck\n|-damage|p1b: Golduck|117/301\n|-heal|p2b: Apollo|232/271|[from] drain|[of] p1b: Golduck\n|move|p1a: Weezing|Toxic|p2a: Mimsy\n|debug|Follow Me redirected target of move\n|-fail|p2a: Mimsy|tox\n|debug|move failed because it did nothing\n|\n|-heal|p2a: Mimsy|153/221 tox|[from] item: Leftovers\n|-heal|p1a: Weezing|254/334|[from] item: Leftovers\n|-damage|p2a: Mimsy|127/221 tox|[from] psn\n|upkeep\n|turn|5\n|\n|t:|1741662960\n|move|p1b: Golduck|Protect|p1b: Golduck\n|-singleturn|p1b: Golduck|Protect\n|move|p2a: Mimsy|Follow Me|p2a: Mimsy\n|-singleturn|p2a: Mimsy|move: Follow Me\n|move|p2b: Apollo|Drain Punch|p1b: Golduck\n|-activate|p1b: Golduck|move: Protect\n|move|p1a: Weezing|Taunt|p2a: Mimsy\n|debug|Follow Me redirected target of move\n|-start|p2a: Mimsy|move: Taunt\n|\n|-heal|p2a: Mimsy|140/221 tox|[from] item: Leftovers\n|-heal|p1a: Weezing|274/334|[from] item: Leftovers\n|-damage|p2a: Mimsy|101/221 tox|[from] psn\n|upkeep\n|turn|6\n|\n|t:|1741663010\n|move|p1b: Golduck|Psychic|p2b: Apollo\n|-supereffective|p2b: Apollo\n|-damage|p2b: Apollo|100/271\n|move|p2b: Apollo|Drain Punch|p1b: Golduck\n|-damage|p1b: Golduck|0 fnt\n|-heal|p2b: Apollo|159/271|[from] drain|[of] p1b: Golduck\n|faint|p1b: Golduck\n|move|p2a: Mimsy|Psychic|p1a: Weezing\n|-supereffective|p1a: Weezing\n|-damage|p1a: Weezing|0 fnt\n|faint|p1a: Weezing\n|\n|-heal|p2a: Mimsy|114/221 tox|[from] item: Leftovers\n|-damage|p2a: Mimsy|62/221 tox|[from] psn\n|upkeep\n|\n|t:|1741663042\n|switch|p1b: Poliwrath|Poliwrath, M|383/383\n|switch|p1a: Pinsir|Pinsir, M|271/271\n|turn|7\n|\n|t:|1741663077\n|switch|p2a: Mister Snips|Kingler, M|251/251\n|move|p1a: Pinsir|Knock Off|p2b: Apollo\n|-resisted|p2b: Apollo\n|-damage|p2b: Apollo|73/271\n|-enditem|p2b: Apollo|Eviolite|[from] move: Knock Off|[of] p1a: Pinsir\n|move|p2b: Apollo|Rage Fist|p1a: Pinsir\n|-damage|p1a: Pinsir|50/271\n|move|p1b: Poliwrath|Bulk Up|p1b: Poliwrath\n|-boost|p1b: Poliwrath|atk|1\n|-boost|p1b: Poliwrath|def|1\n|\n|upkeep\n|turn|8\n|\n|t:|1741663100\n|move|p2a: Mister Snips|Rock Slide|p1a: Pinsir|[spread] p1b\n|-miss|p2a: Mister Snips|p1a: Pinsir\n|debug|Spread modifier: 0.75\n|-resisted|p1b: Poliwrath\n|-damage|p1b: Poliwrath|347/383\n|move|p1a: Pinsir|Knock Off|p2a: Mister Snips\n|-crit|p2a: Mister Snips\n|-damage|p2a: Mister Snips|26/251\n|-enditem|p2a: Mister Snips|Choice Scarf|[from] move: Knock Off|[of] p1a: Pinsir\n|move|p2b: Apollo|Rage Fist|p1b: Poliwrath\n|-damage|p1b: Poliwrath|177/383\n|move|p1b: Poliwrath|Circle Throw|p2b: Apollo\n|-damage|p2b: Apollo|0 fnt\n|faint|p2b: Apollo\n|\n|upkeep\n|\n|t:|1741663119\n|switch|p2b: Sparky|Jolteon, M|271/271\n|turn|9\n|\n|t:|1741663141\n|switch|p2a: The Big Dee|Dugtrio, M|211/211\n|move|p2b: Sparky|Electroweb|p1b: Poliwrath|[spread] p1a,p1b\n|debug|Spread modifier: 0.75\n|debug|Spread modifier: 0.75\n|-supereffective|p1b: Poliwrath\n|-damage|p1a: Pinsir|0 fnt\n|-damage|p1b: Poliwrath|43/383\n|-unboost|p1b: Poliwrath|spe|1\n|faint|p1a: Pinsir\n|move|p1b: Poliwrath|Circle Throw|p2a: The Big Dee\n|-enditem|p2a: The Big Dee|Focus Sash\n|-damage|p2a: The Big Dee|1/211\n|drag|p2a: Mimsy|Mr. Mime, M|62/221 tox\n|\n|-heal|p2a: Mimsy|75/221 tox|[from] item: Leftovers\n|-damage|p2a: Mimsy|62/221 tox|[from] psn\n|upkeep\n|\n|t:|1741663175\n|switch|p1a: Snorlax|Snorlax, F|524/524\n|turn|10\n|\n|t:|1741663192\n|move|p2a: Mimsy|Fake Out|p1b: Poliwrath\n|-damage|p1b: Poliwrath|32/383\n|move|p2b: Sparky|Reflect|p2b: Sparky\n|-sidestart|p2: mistermoscow|Reflect\n|cant|p1b: Poliwrath|flinch\n|move|p1a: Snorlax|Body Slam|p2b: Sparky\n|debug|Reflect weaken\n|-damage|p2b: Sparky|114/271\n|debug|natural status immunity\n|debug|immune to status\n|debug|move failed because it did nothing\n|\n|-heal|p2a: Mimsy|75/221 tox|[from] item: Leftovers\n|-damage|p2a: Mimsy|49/221 tox|[from] psn\n|upkeep\n|turn|11\n|\n|t:|1741663210\n|move|p2b: Sparky|Electroweb|p1a: Snorlax|[spread] p1a,p1b\n|debug|Spread modifier: 0.75\n|debug|Spread modifier: 0.75\n|-supereffective|p1b: Poliwrath\n|-damage|p1a: Snorlax|469/524\n|-damage|p1b: Poliwrath|0 fnt\n|-unboost|p1a: Snorlax|spe|1\n|faint|p1b: Poliwrath\n|move|p2a: Mimsy|Psychic|p1a: Snorlax\n|-damage|p1a: Snorlax|337/524\n|move|p1a: Snorlax|Body Slam|p2a: Mimsy\n|debug|Reflect weaken\n|-damage|p2a: Mimsy|0 fnt\n|faint|p2a: Mimsy\n|\n|upkeep\n|\n|t:|1741663230\n|switch|p2a: Mister Snips|Kingler, M|26/251\n|turn|12\n|\n|t:|1741663250\n|move|p2b: Sparky|Electroweb|p1a: Snorlax\n|-damage|p1a: Snorlax|261/524\n|-unboost|p1a: Snorlax|spe|1\n|-enditem|p1a: Snorlax|Aguav Berry|[eat]\n|-heal|p1a: Snorlax|435/524|[from] item: Aguav Berry\n|move|p2a: Mister Snips|Liquidation|p1a: Snorlax\n|-damage|p1a: Snorlax|128/524\n|move|p1a: Snorlax|Body Slam|p2a: Mister Snips\n|debug|Reflect weaken\n|-damage|p2a: Mister Snips|0 fnt\n|faint|p2a: Mister Snips\n|\n|upkeep\n|\n|t:|1741663262\n|switch|p2a: The Big Dee|Dugtrio, M|1/211\n|turn|13\n|\n|t:|1741663284\n|move|p2b: Sparky|Electroweb|p1a: Snorlax\n|-damage|p1a: Snorlax|44/524\n|-unboost|p1a: Snorlax|spe|1\n|move|p2a: The Big Dee|High Horsepower|p1a: Snorlax\n|-damage|p1a: Snorlax|0 fnt\n|faint|p1a: Snorlax\n|\n|win|mistermoscow\n|c|☆Mango Meloetta|ggg\n|c|☆mistermoscow|gg\n|c|☆mistermoscow|one more?\n|c|☆Mango Meloetta|one more for sure haha\n|l|☆mistermoscow\n|player|p2|\n|c|☆Mango Meloetta|oh shit i didnt upload the last one\n","uploadtime":1741663296,"views":"23","formatid":"gen9doublescustomgame","rating":null,"private":0,"password":null}