{"id":"gen9doublescustomgame-2319950977","format":"[Gen 9] Doubles Custom Game","players":["mistermoscow","Mango Meloetta"],"log":"|j|☆mistermoscow\n|j|☆Mango Meloetta\n|t:|1742007173\n|gametype|doubles\n|player|p1|mistermoscow|alder|\n|player|p2|Mango Meloetta|li|\n|teamsize|p1|6\n|teamsize|p2|6\n|gen|9\n|tier|[Gen 9] Doubles Custom Game\n|clearpoke\n|poke|p1|Nidoking, M|\n|poke|p1|Dugtrio, M|\n|poke|p1|Primeape, M|\n|poke|p1|Mr. Mime, M|\n|poke|p1|Jolteon, M|\n|poke|p1|Dragonite, M|\n|poke|p2|Pinsir, F|\n|poke|p2|Poliwrath, M|\n|poke|p2|Electabuzz, F|\n|poke|p2|Golduck, F|\n|poke|p2|Snorlax, M|\n|poke|p2|Weezing, F|\n|teampreview\n|j| mattmandaman\n|j| je64\n|\n|t:|1742007286\n|start\n|switch|p1a: Mimsy|Mr. Mime, M|222/222\n|switch|p1b: Dougie|Dugtrio, M|212/212\n|switch|p2a: Snorlax|Snorlax, M|524/524\n|switch|p2b: Pinsir|Pinsir, F|271/271\n|-ability|p2b: Pinsir|Mold Breaker\n|turn|1\n|\n|t:|1742007315\n|move|p1a: Mimsy|Fake Out|p2a: Snorlax\n|-damage|p2a: Snorlax|503/524\n|move|p1b: Dougie|Rock Slide|p2b: Pinsir|[spread] p2a,p2b\n|debug|Spread modifier: 0.75\n|debug|Spread modifier: 0.75\n|-supereffective|p2b: Pinsir\n|-damage|p2a: Snorlax|382/524\n|-damage|p2b: Pinsir|91/271\n|debug|move failed because it did nothing\n|move|p2b: Pinsir|Knock Off|p1a: Mimsy\n|debug|ModifyDamage handler suppressed by Mold Breaker\n|-damage|p1a: Mimsy|0 fnt\n|-enditem|p1a: Mimsy|Leftovers|[from] move: Knock Off|[of] p2b: Pinsir\n|faint|p1a: Mimsy\n|cant|p2a: Snorlax|flinch\n|\n|upkeep\n|\n|t:|1742007343\n|switch|p1a: Puff Daddy|Dragonite, M|324/324\n|turn|2\n|\n|t:|1742007365\n|move|p1b: Dougie|Rock Slide|p2a: Snorlax|[spread] p2a,p2b\n|debug|Spread modifier: 0.75\n|debug|Spread modifier: 0.75\n|-supereffective|p2b: Pinsir\n|-damage|p2a: Snorlax|265/524\n|-damage|p2b: Pinsir|0 fnt\n|faint|p2b: Pinsir\n|move|p1a: Puff Daddy|Dragon Dance|p1a: Puff Daddy\n|-boost|p1a: Puff Daddy|atk|1\n|-boost|p1a: Puff Daddy|spe|1\n|move|p2a: Snorlax|Ice Punch|p1a: Puff Daddy\n|-supereffective|p1a: Puff Daddy\n|-damage|p1a: Puff Daddy|0 fnt\n|faint|p1a: Puff Daddy\n|\n|upkeep\n|\n|t:|1742007391\n|switch|p2b: Poliwrath|Poliwrath, M|383/383\n|switch|p1a: King Nido|Nidoking, M|304/304\n|turn|3\n|\n|t:|1742007478\n|switch|p1b: Apollo|Primeape, M|271/271\n|move|p1a: King Nido|Focus Blast|p2a: Snorlax\n|-supereffective|p2a: Snorlax\n|-damage|p2a: Snorlax|0 fnt\n|faint|p2a: Snorlax\n|move|p2b: Poliwrath|Icy Wind|p1b: Apollo|[spread] p1a,p1b\n|debug|Spread modifier: 0.75\n|-supereffective|p1a: King Nido\n|debug|Spread modifier: 0.75\n|-damage|p1a: King Nido|246/304\n|-damage|p1b: Apollo|256/271\n|-unboost|p1a: King Nido|spe|1\n|-unboost|p1b: Apollo|spe|1\n|-ability|p1b: Apollo|Defiant|boost\n|-boost|p1b: Apollo|atk|2\n|\n|upkeep\n|\n|t:|1742007502\n|switch|p2a: Golduck|Golduck, F|301/301\n|-ability|p2a: Golduck|Cloud Nine\n|turn|4\n|\n|t:|1742007523\n|switch|p1a: Sparky|Jolteon, M|272/272\n|move|p1b: Apollo|Protect|p1b: Apollo\n|-singleturn|p1b: Apollo|Protect\n|move|p2a: Golduck|Psychic|p1a: Sparky\n|-damage|p1a: Sparky|186/272\n|debug|Covert Cloak prevent secondary\n|move|p2b: Poliwrath|Circle Throw|p1b: Apollo\n|-activate|p1b: Apollo|move: Protect\n|\n|upkeep\n|turn|5\n|\n|t:|1742007553\n|move|p1a: Sparky|Electroweb|p2b: Poliwrath|[spread] p2a,p2b\n|debug|Spread modifier: 0.75\n|-supereffective|p2a: Golduck\n|debug|Spread modifier: 0.75\n|-supereffective|p2b: Poliwrath\n|-damage|p2a: Golduck|155/301\n|-damage|p2b: Poliwrath|291/383\n|-unboost|p2a: Golduck|spe|1\n|-unboost|p2b: Poliwrath|spe|1\n|move|p2a: Golduck|Psychic|p1b: Apollo\n|-supereffective|p1b: Apollo\n|-damage|p1b: Apollo|142/271\n|move|p1b: Apollo|Rage Fist|p2b: Poliwrath\n|-damage|p2b: Poliwrath|0 fnt\n|faint|p2b: Poliwrath\n|\n|upkeep\n|\n|t:|1742007566\n|switch|p2b: Electabuzz|Electabuzz, F|334/334\n|turn|6\n|\n|t:|1742007630\n|move|p1a: Sparky|Volt Switch|p2a: Golduck\n|-supereffective|p2a: Golduck\n|-crit|p2a: Golduck\n|-damage|p2a: Golduck|0 fnt\n|faint|p2a: Golduck\n|\n|t:|1742007639\n|switch|p1a: Dougie|Dugtrio, M|212/212|[from] Volt Switch\n|move|p2b: Electabuzz|Electroweb|p1a: Dougie|[spread] p1b\n|-immune|p1a: Dougie\n|debug|Spread modifier: 0.75\n|-damage|p1b: Apollo|114/271\n|-unboost|p1b: Apollo|spe|1\n|-ability|p1b: Apollo|Defiant|boost\n|-boost|p1b: Apollo|atk|2\n|move|p1b: Apollo|Rage Fist|p2b: Electabuzz\n|-damage|p2b: Electabuzz|0 fnt\n|faint|p2b: Electabuzz\n|\n|upkeep\n|\n|t:|1742007663\n|switch|p2b: Weezing|Weezing, F|334/334\n|turn|7\n|\n|t:|1742007673\n|move|p1a: Dougie|Rock Slide|p2b: Weezing\n|-damage|p2b: Weezing|266/334\n|move|p2b: Weezing|Toxic|p1b: Apollo\n|-status|p1b: Apollo|tox\n|move|p1b: Apollo|Rage Fist|p2b: Weezing\n|-damage|p2b: Weezing|0 fnt\n|faint|p2b: Weezing\n|\n|win|mistermoscow\n","uploadtime":1742007682,"views":"16","formatid":"gen9doublescustomgame","rating":null,"private":0,"password":null}