{"id":"gen9doublescustomgame-2359125943","format":"[Gen 9] Doubles Custom Game","players":["mistermoscow","Mattmandaman"],"log":"|j|☆mistermoscow\n|j|☆Mattmandaman\n|t:|1746649206\n|gametype|doubles\n|player|p1|mistermoscow|alder|\n|player|p2|Mattmandaman|giovanni|\n|teamsize|p1|6\n|teamsize|p2|6\n|gen|9\n|tier|[Gen 9] Doubles Custom Game\n|clearpoke\n|poke|p1|Nidoking, M|\n|poke|p1|Primeape, M|\n|poke|p1|Exeggutor, M|\n|poke|p1|Mr. Mime, M|\n|poke|p1|Jolteon, M|\n|poke|p1|Dragonite, M|\n|poke|p2|Dodrio, F|\n|poke|p2|Nidoking, M|\n|poke|p2|Starmie|\n|poke|p2|Nidoqueen, F|\n|poke|p2|Chansey, F|\n|poke|p2|Gengar, F|\n|teampreview\n|\n|t:|1746649256\n|start\n|switch|p1a: Puff Daddy|Dragonite, M|386/386\n|switch|p1b: Apollo|Primeape, M|334/334\n|switch|p2a: Nidoqueen|Nidoqueen, F|384/384\n|switch|p2b: Chansey|Chansey, F|642/642\n|turn|1\n|\n|t:|1746649280\n|switch|p2b: Starmie|Starmie|262/262\n|move|p1b: Apollo|Bulk Up|p1b: Apollo\n|-boost|p1b: Apollo|atk|1\n|-boost|p1b: Apollo|def|1\n|move|p1a: Puff Daddy|Dragon Dance|p1a: Puff Daddy\n|-boost|p1a: Puff Daddy|atk|1\n|-boost|p1a: Puff Daddy|spe|1\n|move|p2a: Nidoqueen|Stealth Rock|p1b: Apollo\n|-sidestart|p1: mistermoscow|move: Stealth Rock\n|\n|upkeep\n|turn|2\n|\n|t:|1746649325\n|move|p2b: Starmie|Psychic|p1b: Apollo\n|-supereffective|p1b: Apollo\n|-damage|p1b: Apollo|176/334\n|move|p1a: Puff Daddy|Scale Shot|p2b: Starmie|[miss]\n|-miss|p1a: Puff Daddy|p2b: Starmie\n|move|p1b: Apollo|Bulk Up|p1b: Apollo\n|-boost|p1b: Apollo|atk|1\n|-boost|p1b: Apollo|def|1\n|move|p2a: Nidoqueen|Roar|p1a: Puff Daddy\n|drag|p1a: Sparky|Jolteon, M|272/272\n|-damage|p1a: Sparky|238/272|[from] Stealth Rock\n|\n|upkeep\n|turn|3\n|\n|t:|1746649350\n|move|p1a: Sparky|Sunny Day|p1a: Sparky\n|-weather|SunnyDay\n|move|p2b: Starmie|Psychic|p1b: Apollo\n|-supereffective|p1b: Apollo\n|-damage|p1b: Apollo|26/334\n|move|p1b: Apollo|Rage Fist|p2a: Nidoqueen\n|-damage|p2a: Nidoqueen|188/384\n|move|p2a: Nidoqueen|Poison Jab|p1b: Apollo\n|-damage|p1b: Apollo|0 fnt\n|faint|p1b: Apollo\n|\n|-weather|SunnyDay|[upkeep]\n|-heal|p2a: Nidoqueen|212/384|[from] item: Black Sludge\n|upkeep\n|\n|t:|1746649364\n|switch|p1b: Eggman|Exeggutor, M|332/332\n|-damage|p1b: Eggman|291/332|[from] Stealth Rock\n|turn|4\n|\n|t:|1746649423\n|switch|p2b: Chansey|Chansey, F|642/642\n|move|p1b: Eggman|Solar Beam||[still]\n|-prepare|p1b: Eggman|Solar Beam\n|-anim|p1b: Eggman|Solar Beam|p2b: Chansey\n|-damage|p2b: Chansey|512/642\n|-damage|p1b: Eggman|258/332|[from] item: Life Orb\n|move|p1a: Sparky|Electroweb|p2b: Chansey|[spread] p2b\n|-immune|p2a: Nidoqueen\n|debug|Spread modifier: 0.75\n|-damage|p2b: Chansey|482/642\n|-unboost|p2b: Chansey|spe|1\n|move|p2a: Nidoqueen|Poison Jab|p1a: Sparky\n|-damage|p1a: Sparky|90/272\n|debug|Covert Cloak prevent secondary\n|\n|-weather|SunnyDay|[upkeep]\n|-heal|p2a: Nidoqueen|236/384|[from] item: Black Sludge\n|upkeep\n|turn|5\n|\n|t:|1746649471\n|switch|p1a: King Nido|Nidoking, M|303/303\n|-damage|p1a: King Nido|285/303|[from] Stealth Rock\n|move|p1b: Eggman|Protect|p1b: Eggman\n|-singleturn|p1b: Eggman|Protect\n|move|p2a: Nidoqueen|Poison Jab|p1a: King Nido\n|-resisted|p1a: King Nido\n|-damage|p1a: King Nido|255/303\n|move|p2b: Chansey|Seismic Toss|p1b: Eggman\n|-activate|p1b: Eggman|move: Protect\n|\n|-weather|SunnyDay|[upkeep]\n|-heal|p2a: Nidoqueen|260/384|[from] item: Black Sludge\n|upkeep\n|turn|6\n|\n|t:|1746649502\n|switch|p1b: Mimsy|Mr. Mime, M|284/284\n|-damage|p1b: Mimsy|249/284|[from] Stealth Rock\n|move|p2a: Nidoqueen|Protect|p2a: Nidoqueen\n|-singleturn|p2a: Nidoqueen|Protect\n|move|p1a: King Nido|Ice Beam|p2a: Nidoqueen\n|-activate|p2a: Nidoqueen|move: Protect\n|move|p2b: Chansey|Thunder Wave|p1b: Mimsy\n|-status|p1b: Mimsy|par\n|\n|-weather|SunnyDay|[upkeep]\n|-heal|p2a: Nidoqueen|284/384|[from] item: Black Sludge\n|-heal|p1b: Mimsy|266/284 par|[from] item: Leftovers\n|upkeep\n|turn|7\n|\n|t:|1746649524\n|switch|p1a: Eggman|Exeggutor, M|258/332\n|-damage|p1a: Eggman|217/332|[from] Stealth Rock\n|switch|p2a: Starmie|Starmie|262/262\n|move|p1b: Mimsy|Psychic Terrain|p1b: Mimsy\n|-fieldstart|move: Psychic Terrain\n|move|p2b: Chansey|Seismic Toss|p1a: Eggman\n|-damage|p1a: Eggman|117/332\n|\n|-weather|none\n|-heal|p1b: Mimsy|283/284 par|[from] item: Leftovers\n|upkeep\n|turn|8\n|\n|t:|1746649554\n|move|p1a: Eggman|Protect|p1a: Eggman\n|-singleturn|p1a: Eggman|Protect\n|move|p2a: Starmie|Ice Beam|p1a: Eggman\n|-activate|p1a: Eggman|move: Protect\n|cant|p1b: Mimsy|par\n|move|p2b: Chansey|Seismic Toss|p1a: Eggman\n|-activate|p1a: Eggman|move: Protect\n|\n|-heal|p1b: Mimsy|284/284 par|[from] item: Leftovers\n|upkeep\n|turn|9\n|\n|t:|1746649585\n|move|p1b: Mimsy|Follow Me|p1b: Mimsy\n|-singleturn|p1b: Mimsy|move: Follow Me\n|move|p2a: Starmie|Icy Wind|p1b: Mimsy|[spread] p1a,p1b\n|debug|Spread modifier: 0.75\n|-supereffective|p1a: Eggman\n|debug|Spread modifier: 0.75\n|-damage|p1a: Eggman|19/332\n|-damage|p1b: Mimsy|252/284 par\n|-unboost|p1a: Eggman|spe|1\n|-unboost|p1b: Mimsy|spe|1\n|move|p1a: Eggman|Giga Drain|p2a: Starmie\n|-supereffective|p2a: Starmie\n|-damage|p2a: Starmie|0 fnt\n|-heal|p1a: Eggman|150/332|[from] drain|[of] p2a: Starmie\n|faint|p2a: Starmie\n|-damage|p1a: Eggman|117/332|[from] item: Life Orb\n|move|p2b: Chansey|Seismic Toss|p1b: Mimsy\n|debug|Follow Me redirected target of move\n|-damage|p1b: Mimsy|152/284 par\n|\n|-heal|p1b: Mimsy|169/284 par|[from] item: Leftovers\n|upkeep\n|\n|t:|1746649615\n|switch|p2a: Nidoking|Nidoking, M|304/304\n|turn|10\n|\n|t:|1746649645\n|switch|p1b: King Nido|Nidoking, M|255/303\n|-damage|p1b: King Nido|237/303|[from] Stealth Rock\n|move|p1a: Eggman|Protect|p1a: Eggman\n|-singleturn|p1a: Eggman|Protect\n|move|p2a: Nidoking|Sludge Wave|p1b: King Nido|[spread] p2b,p1b\n|-activate|p1a: Eggman|move: Protect\n|debug|Spread modifier: 0.75\n|debug|Spread modifier: 0.75\n|-resisted|p1b: King Nido\n|-damage|p2b: Chansey|415/642\n|-damage|p1b: King Nido|195/303\n|move|p2b: Chansey|Soft-Boiled|p2b: Chansey\n|-heal|p2b: Chansey|642/642\n|\n|upkeep\n|turn|11\n|\n|t:|1746649677\n|switch|p2a: Nidoqueen|Nidoqueen, F|284/384\n|switch|p1a: Puff Daddy|Dragonite, M|386/386\n|-damage|p1a: Puff Daddy|290/386|[from] Stealth Rock\n|move|p1b: King Nido|Ice Beam|p2a: Nidoqueen\n|-supereffective|p2a: Nidoqueen\n|-damage|p2a: Nidoqueen|20/384\n|move|p2b: Chansey|Seismic Toss|p1b: King Nido\n|-damage|p1b: King Nido|95/303\n|\n|-heal|p2a: Nidoqueen|44/384|[from] item: Black Sludge\n|-fieldend|move: Psychic Terrain\n|upkeep\n|turn|12\n|\n|t:|1746649706\n|switch|p1b: Mimsy|Mr. Mime, M|169/284 par\n|-damage|p1b: Mimsy|134/284 par|[from] Stealth Rock\n|move|p1a: Puff Daddy|Extreme Speed|p2a: Nidoqueen\n|-damage|p2a: Nidoqueen|0 fnt\n|faint|p2a: Nidoqueen\n|move|p2b: Chansey|Thunder Wave|p1a: Puff Daddy\n|-status|p1a: Puff Daddy|par\n|\n|-heal|p1b: Mimsy|151/284 par|[from] item: Leftovers\n|upkeep\n|\n|t:|1746649720\n|switch|p2a: Gengar|Gengar, F|262/262\n|turn|13\n|\n|t:|1746649752\n|move|p2a: Gengar|Sludge Bomb|p1b: Mimsy\n|-supereffective|p1b: Mimsy\n|debug|Filter neutralize\n|-damage|p1b: Mimsy|0 fnt\n|faint|p1b: Mimsy\n|move|p1a: Puff Daddy|Roost|p1a: Puff Daddy\n|-heal|p1a: Puff Daddy|386/386 par\n|-singleturn|p1a: Puff Daddy|move: Roost\n|move|p2b: Chansey|Seismic Toss|p1a: Puff Daddy\n|-damage|p1a: Puff Daddy|286/386 par\n|\n|upkeep\n|\n|t:|1746649770\n|switch|p1b: Sparky|Jolteon, M|90/272\n|-damage|p1b: Sparky|56/272|[from] Stealth Rock\n|turn|14\n|\n|t:|1746649786\n|move|p1b: Sparky|Sunny Day|p1b: Sparky\n|-weather|SunnyDay\n|move|p2a: Gengar|Sludge Bomb|p1a: Puff Daddy\n|-damage|p1a: Puff Daddy|121/386 par\n|move|p1a: Puff Daddy|Scale Shot|p2a: Gengar\n|-damage|p2a: Gengar|183/262\n|-damage|p2a: Gengar|108/262\n|-damage|p2a: Gengar|30/262\n|-damage|p2a: Gengar|0 fnt\n|faint|p2a: Gengar\n|-hitcount|p2: Gengar|4\n|-unboost|p1a: Puff Daddy|def|1\n|-boost|p1a: Puff Daddy|spe|1\n|move|p2b: Chansey|Seismic Toss|p1b: Sparky\n|-damage|p1b: Sparky|0 fnt\n|faint|p1b: Sparky\n|\n|-weather|SunnyDay|[upkeep]\n|upkeep\n|\n|t:|1746649806\n|switch|p1b: Eggman|Exeggutor, M|117/332\n|switch|p2a: Dodrio|Dodrio, F|262/262\n|-damage|p1b: Eggman|76/332|[from] Stealth Rock\n|turn|15\n|\n|t:|1746649832\n|move|p1b: Eggman|Protect|p1b: Eggman\n|-singleturn|p1b: Eggman|Protect\n|move|p2a: Dodrio|Brave Bird|p1a: Puff Daddy\n|-damage|p1a: Puff Daddy|0 fnt\n|faint|p1a: Puff Daddy\n|-damage|p2a: Dodrio|222/262|[from] Recoil\n|move|p2b: Chansey|Seismic Toss|p1b: Eggman\n|-activate|p1b: Eggman|move: Protect\n|\n|-weather|SunnyDay|[upkeep]\n|upkeep\n|\n|t:|1746649842\n|switch|p1a: King Nido|Nidoking, M|95/303\n|-damage|p1a: King Nido|77/303|[from] Stealth Rock\n|turn|16\n|\n|t:|1746649893\n|move|p1b: Eggman|Giga Drain|p2b: Chansey\n|-damage|p2b: Chansey|547/642\n|-heal|p1b: Eggman|124/332|[from] drain|[of] p2b: Chansey\n|-damage|p1b: Eggman|91/332|[from] item: Life Orb\n|move|p1a: King Nido|Ice Beam|p2a: Dodrio\n|-supereffective|p2a: Dodrio\n|-damage|p2a: Dodrio|0 fnt\n|faint|p2a: Dodrio\n|move|p2b: Chansey|Seismic Toss|p1b: Eggman\n|-damage|p1b: Eggman|0 fnt\n|faint|p1b: Eggman\n|\n|-weather|SunnyDay|[upkeep]\n|upkeep\n|\n|t:|1746649905\n|switch|p2a: Nidoking|Nidoking, M|304/304\n|turn|17\n|\n|t:|1746649909\n|move|p1a: King Nido|Ice Beam|p2a: Nidoking\n|-supereffective|p2a: Nidoking\n|-damage|p2a: Nidoking|0 fnt\n|faint|p2a: Nidoking\n|move|p2b: Chansey|Seismic Toss|p1a: King Nido\n|-damage|p1a: King Nido|0 fnt\n|faint|p1a: King Nido\n|\n|win|Mattmandaman\n","uploadtime":1746649919,"views":"14","formatid":"gen9doublescustomgame","rating":null,"private":0,"password":null}