{"id":"gen9doublescustomgame-2259322913","format":"[Gen 9] Doubles Custom Game","players":["mistermoscow","mattmandaman"],"log":"|badge|p2|bronze|gen9doublesou|100-3\n|uhtml|medal-msg|<div class=\"broadcast-blue\">Curious what those medals under the avatar are? PS now has Ladder Seasons! For more information, check out the <a href=\"https://www.smogon.com/forums/threads/3740067/\">thread on Smogon.</a></div>\n|j|☆mistermoscow\n|j|☆mattmandaman\n|t:|1733699263\n|gametype|doubles\n|player|p1|mistermoscow|alder|\n|player|p2|mattmandaman|giovanni|\n|teamsize|p1|6\n|teamsize|p2|6\n|gen|9\n|tier|[Gen 9] Doubles Custom Game\n|clearpoke\n|poke|p1|Poliwrath, F|\n|poke|p1|Tentacruel, M|\n|poke|p1|Clefairy, M|\n|poke|p1|Nidoqueen, F|\n|poke|p1|Victreebel, M|\n|poke|p1|Snorlax, M|\n|poke|p2|Butterfree, F|\n|poke|p2|Pikachu, M|\n|poke|p2|Clefairy, F|\n|poke|p2|Primeape, M|\n|poke|p2|Gengar, M|\n|poke|p2|Pinsir, F|\n|teampreview\n|\n|t:|1733699315\n|start\n|switch|p1a: Clifford|Clefairy, M|282/282\n|switch|p1b: Victor|Victreebel, M|364/364\n|switch|p2a: Pikachu|Pikachu, M|212/212\n|switch|p2b: Gengar|Gengar, M|262/262\n|turn|1\n|\n|t:|1733699339\n|switch|p1b: Crude Dude|Tentacruel, M|364/364\n|switch|p1a: Miss Nido|Nidoqueen, F|353/353\n|move|p2a: Pikachu|Fake Out|p1b: Crude Dude\n|-damage|p1b: Crude Dude|315/364\n|move|p2b: Gengar|Sludge Bomb|p1a: Miss Nido\n|-resisted|p1a: Miss Nido\n|-damage|p1a: Miss Nido|296/353\n|debug|natural status immunity\n|debug|immune to status\n|debug|move failed because it did nothing\n|-damage|p2b: Gengar|236/262|[from] item: Life Orb\n|\n|-heal|p1b: Crude Dude|337/364|[from] item: Black Sludge\n|upkeep\n|turn|2\n|\n|t:|1733699382\n|switch|p2b: Butterfree|Butterfree, F|262/262\n|move|p2a: Pikachu|Volt Tackle|p1b: Crude Dude\n|-supereffective|p1b: Crude Dude\n|-damage|p1b: Crude Dude|0 fnt\n|faint|p1b: Crude Dude\n|-damage|p2a: Pikachu|101/212|[from] Recoil\n|move|p1a: Miss Nido|Stealth Rock|p2b: Butterfree\n|-sidestart|p2: mattmandaman|move: Stealth Rock\n|\n|upkeep\n|\n|t:|1733699395\n|switch|p1b: Victor|Victreebel, M|364/364\n|turn|3\n|\n|t:|1733699439\n|switch|p2a: Pinsir|Pinsir, F|272/272\n|-damage|p2a: Pinsir|204/272|[from] Stealth Rock\n|move|p2b: Butterfree|Sleep Powder|p1a: Miss Nido\n|debug|compoundeyes - enhancing accuracy\n|-status|p1a: Miss Nido|slp|[from] move: Sleep Powder\n|cant|p1a: Miss Nido|slp\n|move|p1b: Victor|Sleep Powder|p2b: Butterfree\n|-status|p2b: Butterfree|slp|[from] move: Sleep Powder\n|\n|upkeep\n|turn|4\n|\n|t:|1733699493\n|move|p2a: Pinsir|X-Scissor|p1b: Victor\n|-damage|p1b: Victor|180/364\n|-enditem|p1b: Victor|Aguav Berry|[eat]\n|-heal|p1b: Victor|301/364|[from] item: Aguav Berry\n|cant|p2b: Butterfree|slp\n|-curestatus|p1a: Miss Nido|slp|[msg]\n|move|p1a: Miss Nido|Poison Jab|p2b: Butterfree\n|-enditem|p2b: Butterfree|Focus Sash\n|-damage|p2b: Butterfree|1/262 slp\n|move|p1b: Victor|Sleep Powder|p2a: Pinsir|[miss]\n|-miss|p1b: Victor|p2a: Pinsir\n|\n|upkeep\n|turn|5\n|\n|t:|1733699518\n|move|p2a: Pinsir|Rock Slide|p1a: Miss Nido|[spread] p1a,p1b\n|debug|Spread modifier: 0.75\n|-resisted|p1a: Miss Nido\n|debug|Spread modifier: 0.75\n|-damage|p1a: Miss Nido|253/353\n|-damage|p1b: Victor|218/364\n|cant|p2b: Butterfree|slp\n|cant|p1a: Miss Nido|flinch\n|move|p1b: Victor|Swords Dance|p1b: Victor\n|-boost|p1b: Victor|atk|2\n|\n|upkeep\n|turn|6\n|\n|t:|1733699535\n|move|p2a: Pinsir|Rock Slide|p1a: Miss Nido|[spread] p1a\n|-miss|p2a: Pinsir|p1b: Victor\n|debug|Spread modifier: 0.75\n|-resisted|p1a: Miss Nido\n|-damage|p1a: Miss Nido|216/353\n|-curestatus|p2b: Butterfree|slp|[msg]\n|move|p2b: Butterfree|Hurricane|p1b: Victor\n|debug|compoundeyes - enhancing accuracy\n|-supereffective|p1b: Victor\n|-damage|p1b: Victor|0 fnt\n|debug|move failed because it did nothing\n|faint|p1b: Victor\n|cant|p1a: Miss Nido|flinch\n|\n|upkeep\n|\n|t:|1733699549\n|switch|p1b: Clifford|Clefairy, M|282/282\n|turn|7\n|c|☆mattmandaman|this league is so shot lol\n|c|☆mistermoscow|yup\n|c|☆mattmandaman|so much hax\n|\n|t:|1733699604\n|switch|p1b: Polly|Poliwrath, F|384/384\n|move|p2a: Pinsir|Rock Slide|p1a: Miss Nido|[spread] p1a,p1b\n|debug|Spread modifier: 0.75\n|-resisted|p1a: Miss Nido\n|debug|Spread modifier: 0.75\n|-resisted|p1b: Polly\n|-damage|p1a: Miss Nido|178/353\n|-damage|p1b: Polly|347/384\n|move|p2b: Butterfree|Sleep Powder|p1b: Polly\n|debug|compoundeyes - enhancing accuracy\n|-status|p1b: Polly|slp|[from] move: Sleep Powder\n|move|p1a: Miss Nido|Fire Punch|p2b: Butterfree\n|-supereffective|p2b: Butterfree\n|-damage|p2b: Butterfree|0 fnt\n|faint|p2b: Butterfree\n|\n|upkeep\n|\n|t:|1733699620\n|switch|p2b: Primeape|Primeape, M|334/334\n|-damage|p2b: Primeape|314/334|[from] Stealth Rock\n|turn|8\n|\n|t:|1733699632\n|switch|p2a: Clefairy|Clefairy, F|344/344\n|-damage|p2a: Clefairy|301/344|[from] Stealth Rock\n|move|p2b: Primeape|Bulk Up|p2b: Primeape\n|-boost|p2b: Primeape|atk|1\n|-boost|p2b: Primeape|def|1\n|move|p1a: Miss Nido|Fire Punch|p2a: Clefairy\n|-damage|p2a: Clefairy|179/344\n|cant|p1b: Polly|slp\n|\n|upkeep\n|turn|9\n|\n|t:|1733699652\n|move|p2b: Primeape|Bulk Up|p2b: Primeape\n|-boost|p2b: Primeape|atk|1\n|-boost|p2b: Primeape|def|1\n|move|p1a: Miss Nido|Poison Jab|p2a: Clefairy\n|-supereffective|p2a: Clefairy\n|-damage|p2a: Clefairy|0 fnt\n|faint|p2a: Clefairy\n|-curestatus|p1b: Polly|slp|[msg]\n|move|p1b: Polly|Bulk Up|p1b: Polly\n|-boost|p1b: Polly|atk|1\n|-boost|p1b: Polly|def|1\n|\n|upkeep\n|\n|t:|1733699682\n|switch|p2a: Pinsir|Pinsir, F|204/272\n|-damage|p2a: Pinsir|136/272|[from] Stealth Rock\n|turn|10\n|\n|t:|1733699699\n|switch|p1a: Clifford|Clefairy, M|282/282\n|move|p2a: Pinsir|Rock Slide|p1b: Polly|[spread] p1a,p1b\n|debug|Spread modifier: 0.75\n|debug|Spread modifier: 0.75\n|-resisted|p1b: Polly\n|-damage|p1a: Clifford|233/282\n|-damage|p1b: Polly|323/384\n|move|p2b: Primeape|Rage Fist|p1a: Clifford\n|-damage|p1a: Clifford|152/282\n|move|p1b: Polly|Waterfall|p2a: Pinsir\n|-crit|p2a: Pinsir\n|-damage|p2a: Pinsir|0 fnt\n|faint|p2a: Pinsir\n|\n|upkeep\n|\n|t:|1733699712\n|switch|p2a: Gengar|Gengar, M|236/262\n|-damage|p2a: Gengar|204/262|[from] Stealth Rock\n|turn|11\n|\n|t:|1733699725\n|switch|p1a: Miss Nido|Nidoqueen, F|178/353\n|move|p2a: Gengar|Will-O-Wisp|p1b: Polly\n|-status|p1b: Polly|brn\n|move|p2b: Primeape|Bulk Up|p2b: Primeape\n|-boost|p2b: Primeape|atk|1\n|-boost|p2b: Primeape|def|1\n|move|p1b: Polly|Darkest Lariat|p2a: Gengar\n|debug|Negating (sp)def boost/penalty.\n|-supereffective|p2a: Gengar\n|-damage|p2a: Gengar|54/262\n|\n|-damage|p1b: Polly|299/384 brn|[from] brn\n|upkeep\n|turn|12\n|\n|t:|1733699750\n|switch|p1a: Snax|Snorlax, M|524/524\n|move|p2a: Gengar|Sludge Bomb|p1b: Polly\n|-damage|p1b: Polly|126/384 brn\n|-damage|p2a: Gengar|28/262|[from] item: Life Orb\n|move|p2b: Primeape|Rage Fist|p1a: Snax\n|-immune|p1a: Snax\n|move|p1b: Polly|Darkest Lariat|p2a: Gengar\n|debug|Negating (sp)def boost/penalty.\n|-supereffective|p2a: Gengar\n|-damage|p2a: Gengar|0 fnt\n|faint|p2a: Gengar\n|\n|-damage|p1b: Polly|102/384 brn|[from] brn\n|upkeep\n|\n|t:|1733699754\n|switch|p2a: Pikachu|Pikachu, M|101/212\n|-damage|p2a: Pikachu|75/212|[from] Stealth Rock\n|turn|13\n|\n|t:|1733699782\n|switch|p1a: Miss Nido|Nidoqueen, F|178/353\n|move|p2a: Pikachu|Fake Out|p1b: Polly\n|-damage|p1b: Polly|64/384 brn\n|-damage|p2a: Pikachu|40/212|[from] item: Rocky Helmet|[of] p1b: Polly\n|move|p2b: Primeape|Drain Punch|p1a: Miss Nido\n|-resisted|p1a: Miss Nido\n|-damage|p1a: Miss Nido|6/353\n|-heal|p2b: Primeape|334/334|[from] drain|[of] p1a: Miss Nido\n|cant|p1b: Polly|flinch\n|\n|-damage|p1b: Polly|40/384 brn|[from] brn\n|upkeep\n|turn|14\n|\n|t:|1733699810\n|switch|p1a: Clifford|Clefairy, M|152/282\n|switch|p1b: Snax|Snorlax, M|524/524\n|move|p2a: Pikachu|Nuzzle|p1b: Snax\n|-damage|p1b: Snax|487/524\n|-status|p1b: Snax|par\n|move|p2b: Primeape|Drain Punch|p1a: Clifford\n|-resisted|p1a: Clifford\n|-damage|p1a: Clifford|31/282\n|\n|-heal|p1b: Snax|519/524 par|[from] item: Leftovers\n|upkeep\n|turn|15\n|\n|t:|1733699877\n|switch|p1b: Polly|Poliwrath, F|40/384 brn\n|move|p2a: Pikachu|Volt Tackle|p1a: Clifford\n|-damage|p1a: Clifford|0 fnt\n|faint|p1a: Clifford\n|-damage|p2a: Pikachu|30/212|[from] Recoil\n|move|p2b: Primeape|Drain Punch|p1b: Polly\n|-damage|p1b: Polly|0 fnt\n|-damage|p2b: Primeape|279/334|[from] item: Rocky Helmet|[of] p1b: Polly\n|faint|p1b: Polly\n|\n|upkeep\n|\n|t:|1733699889\n|switch|p1b: Snax|Snorlax, M|519/524 par\n|switch|p1a: Miss Nido|Nidoqueen, F|6/353\n|turn|16\n|\n|t:|1733699906\n|move|p2a: Pikachu|Volt Tackle|p1b: Snax\n|-damage|p1b: Snax|287/524 par\n|-damage|p2a: Pikachu|0 fnt|[from] Recoil\n|faint|p2a: Pikachu\n|move|p2b: Primeape|Drain Punch|p1a: Miss Nido\n|-resisted|p1a: Miss Nido\n|-damage|p1a: Miss Nido|0 fnt\n|-heal|p2b: Primeape|282/334|[from] drain|[of] p1a: Miss Nido\n|faint|p1a: Miss Nido\n|move|p1b: Snax|Psych Up|p2b: Primeape\n|-copyboost|p1b: Snax|p2b: Primeape|[from] move: Psych Up\n|\n|-heal|p1b: Snax|319/524 par|[from] item: Leftovers\n|upkeep\n|turn|17\n|\n|t:|1733700015\n|move|p2b: Primeape|Drain Punch|p1b: Snax\n|-supereffective|p1b: Snax\n|-damage|p1b: Snax|83/524 par\n|-heal|p2b: Primeape|334/334|[from] drain|[of] p1b: Snax\n|move|p1b: Snax|Double-Edge|p2b: Primeape\n|-damage|p2b: Primeape|187/334\n|-damage|p1b: Snax|34/524 par|[from] Recoil\n|\n|-heal|p1b: Snax|66/524 par|[from] item: Leftovers\n|upkeep\n|turn|18\n|\n|t:|1733700029\n|move|p2b: Primeape|Drain Punch|p1b: Snax\n|-supereffective|p1b: Snax\n|-damage|p1b: Snax|0 fnt\n|-heal|p2b: Primeape|220/334|[from] drain|[of] p1b: Snax\n|faint|p1b: Snax\n|\n|win|mattmandaman\n|c|☆mistermoscow|damn\n|c|☆mistermoscow|gg\\\n|c|☆mattmandaman|gg\n|c|☆mattmandaman|our only good game\n|c|☆mistermoscow|nah that first one was pretty good, idk about this one or the one before\n","uploadtime":1733700070,"views":"28","formatid":"gen9doublescustomgame","rating":null,"private":0,"password":null}