{"id":"gen9doublescustomgame-2078032399","format":"[Gen 9] Doubles Custom Game","players":["mistermoscow","Mango Meloetta"],"log":"|j|☆mistermoscow\n|j|☆Mango Meloetta\n|t:|1710106388\n|gametype|doubles\n|player|p1|mistermoscow|170|\n|player|p2|Mango Meloetta|li|\n|teamsize|p1|6\n|teamsize|p2|6\n|gen|9\n|tier|[Gen 9] Doubles Custom Game\n|clearpoke\n|poke|p1|Archaludon, M|\n|poke|p1|Landorus, M|\n|poke|p1|Iron Bundle|\n|poke|p1|Tapu Koko|\n|poke|p1|Chi-Yu|\n|poke|p1|Pelipper, M|\n|poke|p2|Zygarde|\n|poke|p2|Pawmot, F|\n|poke|p2|Gengar, M|\n|poke|p2|Porygon2|\n|poke|p2|Ferrothorn, F|\n|poke|p2|Chien-Pao|\n|teampreview\n|j| noli_cannoli10\n|j| mattmandaman\n|j| je64\n|\n|t:|1710106473\n|start\n|switch|p1a: Static|Tapu Koko|281/281\n|switch|p1b: Robot Santa|Iron Bundle|253/253\n|switch|p2a: Paper|Zygarde, shiny|357/357\n|switch|p2b: Lighter|Chien-Pao|301/301\n|-fieldstart|move: Electric Terrain|[from] ability: Electric Surge|[of] p1a: Static\n|-activate|p1b: Robot Santa|ability: Quark Drive\n|-start|p1b: Robot Santa|quarkdrivespe\n|-ability|p2b: Lighter|Sword of Ruin\n|-ability|p2a: Paper|Aura Break\n|turn|1\n|debug|Quark Drive spe boost\n|debug|Quark Drive spe boost\n|\n|t:|1710106529\n|-terastallize|p1a: Static|Ghost\n|-terastallize|p2a: Paper|Normal\n|debug|Quark Drive spe boost\n|debug|Quark Drive spe boost\n|move|p1b: Robot Santa|Protect|p1b: Robot Santa\n|-singleturn|p1b: Robot Santa|Protect\n|debug|Quark Drive spe boost\n|move|p2a: Paper|Extreme Speed|p1b: Robot Santa\n|-activate|p1b: Robot Santa|move: Protect\n|debug|Quark Drive spe boost\n|move|p1a: Static|Dazzling Gleam|p2b: Lighter|[spread] p2a,p2b\n|debug|Spread modifier: 0.75\n|debug|Spread modifier: 0.75\n|-supereffective|p2b: Lighter\n|-damage|p2a: Paper|263/357\n|-damage|p2b: Lighter|41/301\n|debug|Quark Drive spe boost\n|move|p2b: Lighter|Ice Spinner|p1a: Static\n|debug|Sword of Ruin Def drop\n|-damage|p1a: Static|7/281\n|-fieldend|move: Electric Terrain\n|-end|p1b: Robot Santa|Quark Drive\n|-damage|p2b: Lighter|11/301|[from] item: Life Orb\n|\n|upkeep\n|turn|2\n|\n|t:|1710106573\n|switch|p1a: Archie|Archaludon, M|384/384\n|move|p2a: Paper|Extreme Speed|p1b: Robot Santa\n|debug|Sword of Ruin Def drop\n|-damage|p1b: Robot Santa|43/253\n|move|p2b: Lighter|Sucker Punch||[still]\n|-fail|p2b: Lighter\n|move|p1b: Robot Santa|Icy Wind|p2b: Lighter|[spread] p2a,p2b\n|debug|Spread modifier: 0.75\n|debug|Spread modifier: 0.75\n|-resisted|p2b: Lighter\n|-damage|p2a: Paper|196/357\n|-damage|p2b: Lighter|0 fnt\n|-unboost|p2a: Paper|spe|1\n|faint|p2b: Lighter\n|\n|upkeep\n|\n|t:|1710106585\n|switch|p2b: Roller|Pawmot, F, shiny|281/281\n|turn|3\n|\n|t:|1710106679\n|-end|p1b: Robot Santa|Quark Drive|[silent]\n|switch|p1b: Static|Tapu Koko, tera:Ghost|7/281\n|-fieldstart|move: Electric Terrain|[from] ability: Electric Surge|[of] p1b: Static\n|switch|p2a: Bud|Ferrothorn, F, shiny|351/351\n|move|p2b: Roller|Fake Out|p1a: Archie\n|-resisted|p1a: Archie\n|-damage|p1a: Archie|366/384\n|-ability|p1a: Archie|Stamina|boost\n|-boost|p1a: Archie|def|1\n|cant|p1a: Archie|flinch\n|\n|upkeep\n|turn|4\n|\n|t:|1710106850\n|switch|p1a: God|Landorus, M|319/319\n|move|p1b: Static|Taunt|p2b: Roller\n|-start|p2b: Roller|move: Taunt\n|cant|p2b: Roller|move: Taunt|Revival Blessing\n|move|p2a: Bud|Leech Seed|p1a: God\n|-start|p1a: God|move: Leech Seed\n|\n|-damage|p1a: God|280/319|[from] Leech Seed|[of] p2a: Bud\n|upkeep\n|turn|5\n|\n|t:|1710106889\n|switch|p1b: Jonathan|Pelipper, M|301/301\n|-weather|RainDance|[from] ability: Drizzle|[of] p1b: Jonathan\n|switch|p2b: Filter|Porygon2, shiny|374/374\n|-ability|p2b: Filter|Sand Force|[from] ability: Trace|[of] p1a: God\n|move|p1a: God|Sandsear Storm|p2b: Filter|[spread] p2a,p2b\n|debug|Spread modifier: 0.75\n|debug|Spread modifier: 0.75\n|-damage|p2a: Bud|252/351\n|-damage|p2b: Filter|296/374\n|-status|p2a: Bud|brn\n|-damage|p1a: God|249/319|[from] item: Life Orb\n|move|p2a: Bud|Seed Bomb|p1b: Jonathan\n|-damage|p1b: Jonathan|256/301\n|\n|-weather|RainDance|[upkeep]\n|-damage|p1a: God|210/319|[from] Leech Seed|[of] p2a: Bud\n|-heal|p2a: Bud|291/351 brn|[silent]\n|-damage|p2a: Bud|270/351 brn|[from] brn\n|upkeep\n|turn|6\n|\n|t:|1710106948\n|switch|p1b: Poot|Chi-Yu|252/252\n|-ability|p1b: Poot|Beads of Ruin\n|move|p1a: God|Sandsear Storm|p2a: Bud|[spread] p2a,p2b\n|debug|Beads of Ruin SpD drop\n|debug|Spread modifier: 0.75\n|debug|Beads of Ruin SpD drop\n|debug|Spread modifier: 0.75\n|-damage|p2a: Bud|128/351 brn\n|-damage|p2b: Filter|197/374\n|-status|p2b: Filter|brn\n|-damage|p1a: God|179/319|[from] item: Life Orb\n|move|p2b: Filter|Ice Beam|p1a: God\n|debug|Beads of Ruin SpD drop\n|-supereffective|p1a: God\n|-damage|p1a: God|0 fnt\n|debug|move failed because it did nothing\n|faint|p1a: God\n|move|p2a: Bud|Leech Seed|p1b: Poot\n|-start|p1b: Poot|move: Leech Seed\n|\n|-weather|RainDance|[upkeep]\n|-damage|p1b: Poot|221/252|[from] Leech Seed|[of] p2a: Bud\n|-heal|p2a: Bud|159/351 brn|[silent]\n|-damage|p2b: Filter|174/374 brn|[from] brn\n|-damage|p2a: Bud|138/351 brn|[from] brn\n|upkeep\n|\n|t:|1710106975\n|switch|p1a: Static|Tapu Koko, tera:Ghost|7/281\n|turn|7\n|\n|t:|1710107097\n|move|p2a: Bud|Protect|p2a: Bud\n|-singleturn|p2a: Bud|Protect\n|move|p1a: Static|Volt Switch|p2b: Filter\n|debug|electric terrain boost\n|debug|Beads of Ruin SpD drop\n|-damage|p2b: Filter|89/374 brn\n|\n|t:|1710107107\n|switch|p1a: Archie|Archaludon, M|366/384|[from] Volt Switch\n|move|p1b: Poot|Heat Wave|p2a: Bud|[spread] p2b\n|-activate|p2a: Bud|move: Protect\n|debug|Beads of Ruin SpD drop\n|debug|Spread modifier: 0.75\n|debug|rain fire suppress\n|-crit|p2b: Filter\n|-damage|p2b: Filter|0 fnt\n|faint|p2b: Filter\n|\n|-weather|RainDance|[upkeep]\n|-damage|p1b: Poot|190/252|[from] Leech Seed|[of] p2a: Bud\n|-heal|p2a: Bud|169/351 brn|[silent]\n|-damage|p2a: Bud|148/351 brn|[from] brn\n|-fieldend|move: Electric Terrain\n|upkeep\n|\n|t:|1710107124\n|switch|p2b: Roller|Pawmot, F, shiny|281/281\n|turn|8\n|\n|t:|1710107173\n|move|p2b: Roller|Revival Blessing|p2b: Roller\n|\n|t:|1710107202\n|-heal|p2: Lighter|150/301|[from] move: Revival Blessing\n|move|p1b: Poot|Heat Wave|p2b: Roller|[spread] p2a,p2b\n|debug|Beads of Ruin SpD drop\n|debug|Spread modifier: 0.75\n|debug|rain fire suppress\n|-supereffective|p2a: Bud\n|debug|Beads of Ruin SpD drop\n|debug|Spread modifier: 0.75\n|debug|rain fire suppress\n|-damage|p2a: Bud|0 fnt\n|-damage|p2b: Roller|86/281\n|-status|p2b: Roller|brn\n|faint|p2a: Bud\n|move|p1a: Archie|Draco Meteor|p2b: Roller\n|debug|Beads of Ruin SpD drop\n|-damage|p2b: Roller|0 fnt\n|-unboost|p1a: Archie|spa|2\n|faint|p2b: Roller\n|\n|-weather|RainDance|[upkeep]\n|debug|Nothing to leech into\n|upkeep\n|\n|t:|1710107206\n|switch|p2b: Lighter|Chien-Pao|150/301\n|switch|p2a: Paper|Zygarde, shiny, tera:Normal|196/357\n|-ability|p2b: Lighter|Sword of Ruin\n|-ability|p2a: Paper|Aura Break\n|turn|9\n|\n|t:|1710107235\n|switch|p1b: Jonathan|Pelipper, M|256/301\n|move|p2b: Lighter|Sacred Sword|p1a: Archie\n|debug|Negating (sp)def boost/penalty.\n|debug|Sword of Ruin Def drop\n|-supereffective|p1a: Archie\n|-damage|p1a: Archie|96/384\n|-ability|p1a: Archie|Stamina|boost\n|-boost|p1a: Archie|def|1\n|-damage|p2b: Lighter|120/301|[from] item: Life Orb\n|move|p2a: Paper|Thousand Arrows|p1a: Archie|[spread] p1a,p1b\n|debug|Sword of Ruin Def drop\n|debug|Spread modifier: 0.75\n|-supereffective|p1a: Archie\n|debug|Sword of Ruin Def drop\n|debug|Spread modifier: 0.75\n|-damage|p1a: Archie|0 fnt\n|-damage|p1b: Jonathan|67/301\n|-start|p1b: Jonathan|Smack Down\n|faint|p1a: Archie\n|\n|-weather|RainDance|[upkeep]\n|upkeep\n|\n|t:|1710107275\n|switch|p1a: Robot Santa|Iron Bundle|43/253\n|turn|10\n|\n|t:|1710107313\n|switch|p2a: Danker|Gengar, M, shiny|261/261\n|move|p1b: Jonathan|Wide Guard|p1b: Jonathan\n|-singleturn|p1b: Jonathan|Wide Guard\n|move|p2b: Lighter|Sucker Punch|p1a: Robot Santa\n|debug|Sword of Ruin Def drop\n|-damage|p1a: Robot Santa|0 fnt\n|faint|p1a: Robot Santa\n|-end|p1a: Robot Santa|Quark Drive|[silent]\n|-damage|p2b: Lighter|90/301|[from] item: Life Orb\n|\n|-weather|RainDance|[upkeep]\n|upkeep\n|\n|t:|1710107329\n|switch|p1a: Poot|Chi-Yu|190/252\n|-ability|p1a: Poot|Beads of Ruin\n|turn|11\n|\n|t:|1710107354\n|detailschange|p2a: Danker|Gengar-Mega, M, shiny\n|-mega|p2a: Danker|Gengar|Gengarite\n|move|p2b: Lighter|Sacred Sword|p1a: Poot\n|debug|Negating (sp)def boost/penalty.\n|debug|Sword of Ruin Def drop\n|-supereffective|p1a: Poot\n|-damage|p1a: Poot|0 fnt\n|faint|p1a: Poot\n|-damage|p2b: Lighter|60/301|[from] item: Life Orb\n|move|p2a: Danker|Icy Wind|p1b: Jonathan\n|-damage|p1b: Jonathan|0 fnt\n|faint|p1b: Jonathan\n|\n|-weather|RainDance|[upkeep]\n|upkeep\n|\n|t:|1710107368\n|switch|p1b: Static|Tapu Koko, tera:Ghost|7/281\n|-fieldstart|move: Electric Terrain|[from] ability: Electric Surge|[of] p1b: Static\n|debug|natural status immunity\n|turn|12\n|\n|t:|1710107378\n|move|p2b: Lighter|Sucker Punch|p1b: Static\n|debug|Sword of Ruin Def drop\n|-supereffective|p1b: Static\n|-damage|p1b: Static|0 fnt\n|faint|p1b: Static\n|-damage|p2b: Lighter|30/301|[from] item: Life Orb\n|\n|win|Mango Meloetta\n|c|☆Mango Meloetta|gg\n","uploadtime":1710107383,"views":"33","formatid":"gen9doublescustomgame","rating":null,"private":0,"password":null}