{"id":"gen9doublescustomgame-2296842536","format":"[Gen 9] Doubles Custom Game","players":["mistermoscow","Mattmandaman"],"log":"|j|☆mistermoscow\n|j|☆Mattmandaman\n|t:|1739026207\n|gametype|doubles\n|player|p1|mistermoscow|alder|\n|player|p2|Mattmandaman|giovanni|\n|teamsize|p1|6\n|teamsize|p2|6\n|gen|9\n|tier|[Gen 9] Doubles Custom Game\n|clearpoke\n|poke|p1|Primeape, M|\n|poke|p1|Dewgong, M|\n|poke|p1|Gengar, M|\n|poke|p1|Mr. Mime, F|\n|poke|p1|Jolteon, M|\n|poke|p1|Dragonite, M|\n|poke|p2|Machamp, F|\n|poke|p2|Starmie|\n|poke|p2|Chansey, F|\n|poke|p2|Nidoking, M|\n|poke|p2|Gengar, F|\n|poke|p2|Muk, F|\n|teampreview\n|\n|t:|1739026251\n|start\n|switch|p1a: Mrs. Mr. Mime|Mr. Mime, F|221/221\n|switch|p1b: Puff Daddy|Dragonite, M|323/323\n|switch|p2a: Gengar|Gengar, F|262/262\n|switch|p2b: Muk|Muk, F|414/414\n|turn|1\n|\n|t:|1739026282\n|move|p2a: Gengar|Will-O-Wisp|p1b: Puff Daddy\n|-status|p1b: Puff Daddy|brn\n|move|p1b: Puff Daddy|Dual Wingbeat|p2a: Gengar\n|-damage|p2a: Gengar|196/262\n|-damage|p2a: Gengar|141/262\n|-hitcount|p2a: Gengar|2\n|move|p1a: Mrs. Mr. Mime|Reflect|p1a: Mrs. Mr. Mime\n|-sidestart|p1: mistermoscow|Reflect\n|move|p2b: Muk|Poison Jab|p1a: Mrs. Mr. Mime\n|-supereffective|p1a: Mrs. Mr. Mime\n|debug|Filter neutralize\n|debug|Reflect weaken\n|-damage|p1a: Mrs. Mr. Mime|104/221\n|\n|-damage|p1b: Puff Daddy|303/323 brn|[from] brn\n|upkeep\n|turn|2\n|\n|t:|1739026306\n|switch|p2a: Chansey|Chansey, F|704/704\n|move|p1b: Puff Daddy|Tailwind|p1b: Puff Daddy\n|-sidestart|p1: mistermoscow|move: Tailwind\n|move|p1a: Mrs. Mr. Mime|Light Screen|p1a: Mrs. Mr. Mime\n|-sidestart|p1: mistermoscow|move: Light Screen\n|move|p2b: Muk|Poison Jab|p1a: Mrs. Mr. Mime\n|-supereffective|p1a: Mrs. Mr. Mime\n|debug|Filter neutralize\n|debug|Reflect weaken\n|-damage|p1a: Mrs. Mr. Mime|0 fnt\n|faint|p1a: Mrs. Mr. Mime\n|\n|-damage|p1b: Puff Daddy|283/323 brn|[from] brn\n|upkeep\n|\n|t:|1739026334\n|switch|p1a: Apollo|Primeape, M|334/334\n|turn|3\n|\n|t:|1739026346\n|switch|p1b: Dewey|Dewgong, M|384/384\n|move|p1a: Apollo|Bulk Up|p1a: Apollo\n|-boost|p1a: Apollo|atk|1\n|-boost|p1a: Apollo|def|1\n|move|p2b: Muk|Ice Punch|p1b: Dewey\n|debug|Thick Fat weaken\n|-resisted|p1b: Dewey\n|debug|Reflect weaken\n|-damage|p1b: Dewey|377/384\n|move|p2a: Chansey|Teleport|p2a: Chansey\n|\n|t:|1739026370\n|switch|p2a: Machamp|Machamp, F|384/384|[from] Teleport\n|\n|-heal|p1b: Dewey|384/384|[from] item: Leftovers\n|upkeep\n|turn|4\n|\n|t:|1739026391\n|move|p1b: Dewey|Frost Breath|p1a: Apollo\n|-crit|p1a: Apollo\n|-damage|p1a: Apollo|291/334\n|-setboost|p1a: Apollo|atk|6|[from] ability: Anger Point\n|move|p1a: Apollo|Rage Fist|p2a: Machamp\n|-damage|p2a: Machamp|0 fnt\n|faint|p2a: Machamp\n|move|p2b: Muk|Poison Jab|p1a: Apollo\n|debug|Reflect weaken\n|-damage|p1a: Apollo|231/334\n|\n|upkeep\n|\n|t:|1739026401\n|switch|p2a: Gengar|Gengar, F|141/262\n|turn|5\n|\n|t:|1739026429\n|switch|p1b: Sparky|Jolteon, M|271/271\n|move|p2a: Gengar|Protect|p2a: Gengar\n|-singleturn|p2a: Gengar|Protect\n|move|p1a: Apollo|Rock Slide|p2a: Gengar|[spread] p2b\n|-activate|p2a: Gengar|move: Protect\n|debug|Spread modifier: 0.75\n|-damage|p2b: Muk|159/414\n|cant|p2b: Muk|flinch\n|\n|-heal|p2b: Muk|184/414|[from] item: Black Sludge\n|-sideend|p1: mistermoscow|move: Tailwind\n|-status|p1b: Sparky|brn|[from] item: Flame Orb\n|upkeep\n|turn|6\n|\n|t:|1739026455\n|move|p1b: Sparky|Thunderbolt|p2a: Gengar\n|-damage|p2a: Gengar|0 fnt\n|faint|p2a: Gengar\n|move|p1a: Apollo|Rage Fist|p2b: Muk\n|-damage|p2b: Muk|0 fnt\n|faint|p2b: Muk\n|\n|-damage|p1b: Sparky|255/271 brn|[from] brn\n|upkeep\n|\n|t:|1739026469\n|switch|p2a: Starmie|Starmie|262/262\n|switch|p2b: Nidoking|Nidoking, M|304/304\n|turn|7\n|\n|t:|1739026488\n|move|p1b: Sparky|Thunderbolt|p2a: Starmie\n|-supereffective|p2a: Starmie\n|-damage|p2a: Starmie|28/262\n|move|p2b: Nidoking|Earth Power|p1a: Apollo\n|debug|Light Screen weaken\n|-damage|p1a: Apollo|156/334\n|move|p2a: Starmie|Psychic|p1a: Apollo\n|-supereffective|p1a: Apollo\n|-crit|p1a: Apollo\n|-damage|p1a: Apollo|0 fnt\n|faint|p1a: Apollo\n|\n|-damage|p1b: Sparky|239/271 brn|[from] brn\n|upkeep\n|\n|t:|1739026509\n|switch|p1a: Dewey|Dewgong, M|384/384\n|turn|8\n|\n|t:|1739026545\n|switch|p1b: Gang Gang|Gengar, M|261/261\n|switch|p2a: Chansey|Chansey, F|704/704\n|move|p1a: Dewey|Fake Out|p2a: Chansey\n|-damage|p2a: Chansey|668/704\n|move|p2b: Nidoking|Earth Power|p1b: Gang Gang\n|-supereffective|p1b: Gang Gang\n|debug|Light Screen weaken\n|-enditem|p1b: Gang Gang|Focus Sash\n|-damage|p1b: Gang Gang|1/261\n|\n|-sideend|p1: mistermoscow|Reflect\n|upkeep\n|turn|9\n|\n|t:|1739026573\n|switch|p1b: Puff Daddy|Dragonite, M|283/323 brn\n|move|p2b: Nidoking|Earth Power|p1a: Dewey\n|debug|Light Screen weaken\n|-damage|p1a: Dewey|271/384\n|move|p1a: Dewey|Icy Wind|p2b: Nidoking|[spread] p2a,p2b\n|debug|Spread modifier: 0.75\n|debug|Spread modifier: 0.75\n|-supereffective|p2b: Nidoking\n|-damage|p2a: Chansey|652/704\n|-damage|p2b: Nidoking|238/304\n|-unboost|p2a: Chansey|spe|1\n|-unboost|p2b: Nidoking|spe|1\n|move|p2a: Chansey|Teleport|p2a: Chansey\n|\n|t:|1739026593\n|switch|p2a: Starmie|Starmie|28/262|[from] Teleport\n|\n|-heal|p1a: Dewey|295/384|[from] item: Leftovers\n|-damage|p1b: Puff Daddy|263/323 brn|[from] brn\n|-sideend|p1: mistermoscow|move: Light Screen\n|upkeep\n|turn|10\n|\n|t:|1739026617\n|move|p2a: Starmie|Ice Beam|p1b: Puff Daddy\n|-supereffective|p1b: Puff Daddy\n|-damage|p1b: Puff Daddy|0 fnt\n|debug|move failed because it did nothing\n|faint|p1b: Puff Daddy\n|move|p2b: Nidoking|Earth Power|p1a: Dewey\n|-damage|p1a: Dewey|130/384\n|move|p1a: Dewey|Frost Breath|p2b: Nidoking|[miss]\n|-miss|p1a: Dewey|p2b: Nidoking\n|\n|-heal|p1a: Dewey|154/384|[from] item: Leftovers\n|upkeep\n|\n|t:|1739026631\n|switch|p1b: Gang Gang|Gengar, M|1/261\n|turn|11\n|\n|t:|1739026640\n|move|p1b: Gang Gang|Protect|p1b: Gang Gang\n|-singleturn|p1b: Gang Gang|Protect\n|move|p2a: Starmie|Psychic|p1b: Gang Gang\n|-activate|p1b: Gang Gang|move: Protect\n|move|p2b: Nidoking|Earth Power|p1a: Dewey\n|-damage|p1a: Dewey|0 fnt\n|faint|p1a: Dewey\n|\n|upkeep\n|\n|t:|1739026648\n|switch|p1a: Sparky|Jolteon, M|239/271 brn\n|turn|12\n|\n|t:|1739026755\n|switch|p2b: Chansey|Chansey, F|652/704\n|move|p1a: Sparky|Thunderbolt|p2a: Starmie\n|-supereffective|p2a: Starmie\n|-damage|p2a: Starmie|0 fnt\n|faint|p2a: Starmie\n|move|p1b: Gang Gang|Shadow Ball|p2b: Chansey\n|-immune|p2b: Chansey\n|\n|-damage|p1a: Sparky|223/271 brn|[from] brn\n|upkeep\n|\n|t:|1739026758\n|switch|p2a: Nidoking|Nidoking, M|238/304\n|turn|13\n|\n|t:|1739026772\n|move|p1a: Sparky|Shadow Ball|p2a: Nidoking\n|-damage|p2a: Nidoking|136/304\n|move|p2a: Nidoking|Earth Power|p1b: Gang Gang\n|-supereffective|p1b: Gang Gang\n|-damage|p1b: Gang Gang|0 fnt\n|-start|p2a: Nidoking|Disable|Earth Power|[from] ability: Cursed Body|[of] p1b: Gang Gang\n|faint|p1b: Gang Gang\n|move|p2b: Chansey|Seismic Toss|p1a: Sparky\n|-damage|p1a: Sparky|123/271 brn\n|\n|-damage|p1a: Sparky|107/271 brn|[from] brn\n|upkeep\n|turn|14\n|\n|t:|1739026788\n|move|p1a: Sparky|Thunderbolt|p2b: Chansey\n|-damage|p2b: Chansey|571/704\n|-status|p2b: Chansey|par\n|-activate|p2a: Nidoking|move: Struggle\n|move|p2a: Nidoking|Struggle|p1a: Sparky\n|-damage|p1a: Sparky|63/271 brn\n|-damage|p2a: Nidoking|60/304|[from] recoil\n|move|p2b: Chansey|Seismic Toss|p1a: Sparky\n|-damage|p1a: Sparky|0 fnt\n|faint|p1a: Sparky\n|\n|win|Mattmandaman\n|c|☆mistermoscow|gg\n|c|☆Mattmandaman|gg\n|c|☆mistermoscow|primeape good\n|c|☆Mattmandaman|yea it is\n|c|☆mistermoscow|its actually funny, snorlax was gonna be my offer for it\n|c|☆Mattmandaman|yea that was the minimum id wouldve taken\n|c|☆mistermoscow|i think it was a good deal\n|c|☆mistermoscow|ima hop off noww\n|c|☆mistermoscow|later dude\n|l|☆mistermoscow\n|player|p1|\n|j|☆mistermoscow\n|player|p1|mistermoscow|alder|\n","uploadtime":1739026993,"views":"12","formatid":"gen9doublescustomgame","rating":null,"private":0,"password":null}