{"id":"gen9doublescustomgame-2286326421","format":"[Gen 9] Doubles Custom Game","players":["mistermoscow","Mattmandaman"],"log":"|j|☆mistermoscow\n|j|☆Mattmandaman\n|t:|1737591839\n|gametype|doubles\n|player|p1|mistermoscow|alder|\n|player|p2|Mattmandaman|giovanni|\n|teamsize|p1|6\n|teamsize|p2|6\n|gen|9\n|tier|[Gen 9] Doubles Custom Game\n|clearpoke\n|poke|p1|Dragonite, M|\n|poke|p1|Fearow, M|\n|poke|p1|Poliwrath, F|\n|poke|p1|Dewgong, M|\n|poke|p1|Kingler, M|\n|poke|p1|Jolteon, M|\n|poke|p2|Electrode|\n|poke|p2|Rhydon, M|\n|poke|p2|Machamp, F|\n|poke|p2|Dodrio, M|\n|poke|p2|Starmie|\n|poke|p2|Chansey, F|\n|teampreview\n|j| je64\n|\n|t:|1737591873\n|start\n|switch|p1a: Dewey|Dewgong, M|384/384\n|switch|p1b: Sparky|Jolteon, M|271/271\n|switch|p2a: Electrode|Electrode|299/299\n|switch|p2b: Starmie|Starmie|262/262\n|turn|1\n|\n|t:|1737591912\n|switch|p2b: Chansey|Chansey, F|648/648\n|move|p2a: Electrode|Taunt|p1a: Dewey\n|-start|p1a: Dewey|move: Taunt\n|move|p1b: Sparky|Electroweb|p2b: Chansey|[spread] p2a,p2b\n|debug|Spread modifier: 0.75\n|-resisted|p2a: Electrode\n|debug|Spread modifier: 0.75\n|-damage|p2a: Electrode|261/299\n|-damage|p2b: Chansey|620/648\n|-unboost|p2a: Electrode|spe|1\n|-unboost|p2b: Chansey|spe|1\n|move|p1a: Dewey|Icy Wind|p2a: Electrode|[spread] p2a,p2b\n|debug|Spread modifier: 0.75\n|debug|Spread modifier: 0.75\n|-damage|p2a: Electrode|219/299\n|-damage|p2b: Chansey|602/648\n|-unboost|p2a: Electrode|spe|1\n|-unboost|p2b: Chansey|spe|1\n|\n|upkeep\n|turn|2\n|\n|t:|1737591950\n|move|p1b: Sparky|Hyper Voice|p2b: Chansey|[spread] p2b\n|-immune|p2a: Electrode|[from] ability: Soundproof\n|debug|Spread modifier: 0.75\n|-damage|p2b: Chansey|571/648\n|move|p2a: Electrode|Electroweb|p1b: Sparky|[spread] p1a\n|-immune|p1b: Sparky|[from] ability: Volt Absorb\n|debug|Spread modifier: 0.75\n|-supereffective|p1a: Dewey\n|-damage|p1a: Dewey|264/384\n|-unboost|p1a: Dewey|spe|1\n|move|p1a: Dewey|Muddy Water|p2b: Chansey|[spread] p2a,p2b\n|debug|Spread modifier: 0.75\n|debug|Spread modifier: 0.75\n|-damage|p2a: Electrode|143/299\n|-damage|p2b: Chansey|544/648\n|-unboost|p2a: Electrode|accuracy|1\n|move|p2b: Chansey|Thunder Wave|p1a: Dewey\n|-status|p1a: Dewey|par\n|\n|upkeep\n|turn|3\n|\n|t:|1737592002\n|move|p2a: Electrode|Protect|p2a: Electrode\n|-singleturn|p2a: Electrode|Protect\n|move|p1b: Sparky|Rain Dance|p1b: Sparky\n|-weather|RainDance\n|move|p2b: Chansey|Seismic Toss|p1a: Dewey\n|-damage|p1a: Dewey|164/384 par\n|-damage|p2b: Chansey|436/648|[from] item: Rocky Helmet|[of] p1a: Dewey\n|move|p1a: Dewey|Muddy Water|p2b: Chansey|[spread] p2b\n|-activate|p2a: Electrode|move: Protect\n|debug|Spread modifier: 0.75\n|debug|rain water boost\n|-damage|p2b: Chansey|397/648\n|-unboost|p2b: Chansey|accuracy|1\n|\n|-weather|RainDance|[upkeep]\n|debug|hydration\n|-activate|p1a: Dewey|ability: Hydration\n|-curestatus|p1a: Dewey|par|[msg]\n|-end|p1a: Dewey|move: Taunt\n|upkeep\n|turn|4\n|\n|t:|1737592028\n|move|p1b: Sparky|Electroweb|p2b: Chansey|[spread] p2a,p2b\n|debug|Spread modifier: 0.75\n|-resisted|p2a: Electrode\n|debug|Spread modifier: 0.75\n|-damage|p2a: Electrode|107/299\n|-damage|p2b: Chansey|366/648\n|-unboost|p2a: Electrode|spe|1\n|-unboost|p2b: Chansey|spe|1\n|move|p2a: Electrode|Electroweb|p1b: Sparky|[spread] p1a\n|-immune|p1b: Sparky|[from] ability: Volt Absorb\n|debug|Spread modifier: 0.75\n|-supereffective|p1a: Dewey\n|-crit|p1a: Dewey\n|-damage|p1a: Dewey|12/384\n|-unboost|p1a: Dewey|spe|1\n|move|p1a: Dewey|Muddy Water|p2b: Chansey|[spread] p2a,p2b\n|debug|Spread modifier: 0.75\n|debug|rain water boost\n|debug|Spread modifier: 0.75\n|debug|rain water boost\n|-damage|p2a: Electrode|2/299\n|-damage|p2b: Chansey|324/648\n|-unboost|p2b: Chansey|accuracy|1\n|move|p2b: Chansey|Soft-Boiled|p2b: Chansey\n|-heal|p2b: Chansey|648/648\n|\n|-weather|RainDance|[upkeep]\n|upkeep\n|turn|5\n|\n|t:|1737592096\n|switch|p1a: Puff Daddy|Dragonite, M|324/324\n|move|p2a: Electrode|Protect|p2a: Electrode\n|-singleturn|p2a: Electrode|Protect\n|move|p1b: Sparky|Electroweb|p2a: Electrode|[spread] p2b\n|-activate|p2a: Electrode|move: Protect\n|debug|Spread modifier: 0.75\n|-damage|p2b: Chansey|615/648\n|-unboost|p2b: Chansey|spe|1\n|move|p2b: Chansey|Teleport|p2b: Chansey\n|\n|t:|1737592116\n|switch|p2b: Rhydon|Rhydon, M|352/352|[from] Teleport\n|\n|-weather|RainDance|[upkeep]\n|upkeep\n|turn|6\n|\n|t:|1737592133\n|switch|p2a: Chansey|Chansey, F|615/648\n|move|p1b: Sparky|Electroweb|p2b: Rhydon|[spread] p2a\n|-ability|p2b: Rhydon|Lightning Rod|boost\n|-boost|p2b: Rhydon|spa|1\n|debug|Spread modifier: 0.75\n|-damage|p2a: Chansey|582/648\n|-unboost|p2a: Chansey|spe|1\n|move|p1a: Puff Daddy|Dragon Dance|p1a: Puff Daddy\n|-boost|p1a: Puff Daddy|atk|1\n|-boost|p1a: Puff Daddy|spe|1\n|move|p2b: Rhydon|Rock Polish|p2b: Rhydon\n|-boost|p2b: Rhydon|spe|2\n|\n|-weather|RainDance|[upkeep]\n|upkeep\n|turn|7\n|\n|t:|1737592172\n|move|p1b: Sparky|Hyper Voice|p2b: Rhydon|[spread] p2a,p2b\n|debug|Spread modifier: 0.75\n|debug|Spread modifier: 0.75\n|-resisted|p2b: Rhydon\n|-damage|p2a: Chansey|550/648\n|-damage|p2b: Rhydon|290/352\n|move|p2b: Rhydon|Rock Slide|p1a: Puff Daddy|[spread] p1b\n|-miss|p2b: Rhydon|p1a: Puff Daddy\n|debug|Spread modifier: 0.75\n|-damage|p1b: Sparky|132/271\n|debug|Covert Cloak prevent secondary\n|move|p1a: Puff Daddy|Dragon Claw|p2b: Rhydon\n|-damage|p2b: Rhydon|83/352\n|move|p2a: Chansey|Seismic Toss|p1a: Puff Daddy\n|-damage|p1a: Puff Daddy|224/324\n|\n|-weather|none\n|-heal|p1a: Puff Daddy|244/324|[from] item: Leftovers\n|upkeep\n|turn|8\n|\n|t:|1737592217\n|move|p1a: Puff Daddy|Extreme Speed|p2b: Rhydon\n|-resisted|p2b: Rhydon\n|-damage|p2b: Rhydon|13/352\n|move|p1b: Sparky|Hyper Voice|p2a: Chansey|[spread] p2a,p2b\n|debug|Spread modifier: 0.75\n|debug|Spread modifier: 0.75\n|-resisted|p2b: Rhydon\n|-damage|p2a: Chansey|518/648\n|-damage|p2b: Rhydon|0 fnt\n|faint|p2b: Rhydon\n|move|p2a: Chansey|Thunder Wave|p1a: Puff Daddy\n|-status|p1a: Puff Daddy|par\n|\n|-heal|p1a: Puff Daddy|264/324 par|[from] item: Leftovers\n|upkeep\n|\n|t:|1737592235\n|switch|p2b: Machamp|Machamp, F|371/371\n|turn|9\n|\n|t:|1737592252\n|move|p1b: Sparky|Rain Dance|p1b: Sparky\n|-weather|RainDance\n|move|p1a: Puff Daddy|Dragon Dance|p1a: Puff Daddy\n|-boost|p1a: Puff Daddy|atk|1\n|-boost|p1a: Puff Daddy|spe|1\n|move|p2b: Machamp|Stone Edge|p1a: Puff Daddy\n|-supereffective|p1a: Puff Daddy\n|-damage|p1a: Puff Daddy|0 fnt\n|faint|p1a: Puff Daddy\n|move|p2a: Chansey|Seismic Toss|p1b: Sparky\n|-damage|p1b: Sparky|32/271\n|\n|-weather|RainDance|[upkeep]\n|upkeep\n|\n|t:|1737592277\n|switch|p1a: Polly|Poliwrath, F|384/384\n|turn|10\n|\n|t:|1737592295\n|switch|p2a: Starmie|Starmie|262/262\n|move|p2b: Machamp|Bullet Punch|p1b: Sparky\n|debug|Punching Glove boost\n|-resisted|p1b: Sparky\n|-damage|p1b: Sparky|0 fnt\n|faint|p1b: Sparky\n|move|p1a: Polly|Liquidation|p2b: Machamp\n|debug|rain water boost\n|-damage|p2b: Machamp|194/371\n|\n|-weather|RainDance|[upkeep]\n|upkeep\n|\n|t:|1737592313\n|switch|p1b: Big Bird|Fearow, M|271/271\n|turn|11\n|\n|t:|1737592328\n|switch|p2b: Chansey|Chansey, F|518/648\n|move|p2a: Starmie|Psychic|p1a: Polly\n|-supereffective|p1a: Polly\n|-damage|p1a: Polly|108/384\n|-unboost|p1a: Polly|spd|1\n|-damage|p2a: Starmie|236/262|[from] item: Life Orb\n|move|p1a: Polly|Bulk Up|p1a: Polly\n|-boost|p1a: Polly|atk|1\n|-boost|p1a: Polly|def|1\n|move|p1b: Big Bird|Tailwind|p1b: Big Bird\n|-sidestart|p1: mistermoscow|move: Tailwind\n|\n|-weather|RainDance|[upkeep]\n|upkeep\n|turn|12\n|\n|t:|1737592394\n|move|p1a: Polly|Drain Punch|p2a: Starmie\n|-resisted|p2a: Starmie\n|-damage|p2a: Starmie|155/262\n|-heal|p1a: Polly|149/384|[from] drain|[of] p2a: Starmie\n|move|p1b: Big Bird|Drill Peck|p2a: Starmie\n|-damage|p2a: Starmie|26/262\n|move|p2a: Starmie|Psychic|p1a: Polly\n|-supereffective|p1a: Polly\n|-damage|p1a: Polly|0 fnt\n|faint|p1a: Polly\n|-damage|p2a: Starmie|0 fnt|[from] item: Life Orb\n|faint|p2a: Starmie\n|move|p2b: Chansey|Thunder Wave|p1b: Big Bird\n|-status|p1b: Big Bird|par\n|\n|-weather|RainDance|[upkeep]\n|upkeep\n|\n|t:|1737592414\n|switch|p2a: Dodrio|Dodrio, M|262/262\n|switch|p1a: King Snips|Kingler, M|251/251\n|turn|13\n|\n|t:|1737592431\n|move|p2a: Dodrio|Protect|p2a: Dodrio\n|-singleturn|p2a: Dodrio|Protect\n|move|p1a: King Snips|Rock Slide|p2a: Dodrio|[spread] p2b\n|-activate|p2a: Dodrio|move: Protect\n|debug|Spread modifier: 0.75\n|-damage|p2b: Chansey|335/648\n|move|p1b: Big Bird|Drill Peck|p2a: Dodrio\n|-activate|p2a: Dodrio|move: Protect\n|move|p2b: Chansey|Thunder Wave|p1a: King Snips\n|-status|p1a: King Snips|par\n|\n|-weather|none\n|upkeep\n|turn|14\n|\n|t:|1737592464\n|move|p2a: Dodrio|Tailwind|p2a: Dodrio\n|-sidestart|p2: Mattmandaman|move: Tailwind\n|move|p1b: Big Bird|Rain Dance|p1b: Big Bird\n|-weather|RainDance\n|move|p2b: Chansey|Seismic Toss|p1a: King Snips\n|-damage|p1a: King Snips|151/251 par\n|cant|p1a: King Snips|par\n|\n|-weather|RainDance|[upkeep]\n|-sideend|p1: mistermoscow|move: Tailwind\n|upkeep\n|turn|15\n|\n|t:|1737592482\n|move|p2a: Dodrio|Frustration|p1b: Big Bird\n|-damage|p1b: Big Bird|55/271 par\n|move|p2b: Chansey|Seismic Toss|p1b: Big Bird\n|-damage|p1b: Big Bird|0 fnt\n|faint|p1b: Big Bird\n|cant|p1a: King Snips|par\n|\n|-weather|RainDance|[upkeep]\n|upkeep\n|\n|t:|1737592491\n|switch|p1b: Dewey|Dewgong, M|12/384\n|turn|16\n|\n|t:|1737592497\n|move|p1b: Dewey|Fake Out|p2a: Dodrio\n|-damage|p2a: Dodrio|232/262\n|cant|p2a: Dodrio|flinch\n|move|p2b: Chansey|Seismic Toss|p1b: Dewey\n|-damage|p1b: Dewey|0 fnt\n|-damage|p2b: Chansey|227/648|[from] item: Rocky Helmet|[of] p1b: Dewey\n|faint|p1b: Dewey\n|cant|p1a: King Snips|par\n|\n|-weather|RainDance|[upkeep]\n|upkeep\n|turn|17\n|\n|t:|1737592513\n|move|p2a: Dodrio|Frustration|p1a: King Snips\n|-damage|p1a: King Snips|19/251 par\n|move|p2b: Chansey|Seismic Toss|p1a: King Snips\n|-damage|p1a: King Snips|0 fnt\n|faint|p1a: King Snips\n|\n|win|Mattmandaman\n","uploadtime":1737592520,"views":"12","formatid":"gen9doublescustomgame","rating":null,"private":0,"password":null}