{"id":"gen9doublescustomgame-2436134522","format":"[Gen 9] Doubles Custom Game","players":["je64","mattmandaman"],"log":"|badge|p2|silver|gen9doublesou|30-6\n|uhtml|medal-msg|<div class=\"broadcast-blue\">Curious what those medals under the avatar are? PS now has Ladder Seasons! For more information, check out the <a href=\"https://www.smogon.com/forums/threads/3740067/\">thread on Smogon.</a></div>\n|j|☆je64\n|j|☆mattmandaman\n|t:|1757128746\n|gametype|doubles\n|player|p1|je64|101|\n|player|p2|mattmandaman|giovanni|\n|gen|9\n|tier|[Gen 9] Doubles Custom Game\n|clearpoke\n|poke|p1|Dugtrio|\n|poke|p1|Gengar|\n|poke|p1|Electabuzz|\n|poke|p1|Dewgong|\n|poke|p1|Chansey, F|\n|poke|p1|Articuno|\n|poke|p2|Nidoking, M|\n|poke|p2|Starmie|\n|poke|p2|Chansey, F|\n|poke|p2|Gengar|\n|poke|p2|Machamp|\n|poke|p2|Snorlax|\n|teampreview\n|j| mango meloetta\n|c| mango meloetta|oh sheeegt\n|c| mango meloetta|its awwwnnn\n|c|☆mattmandaman|gl sir\n|c|☆je64|good luck hope i win\n|c|☆je64|ur machamp doesn't have fissure does it?\n|c|☆mattmandaman|nope\n|c|☆je64|whew\n|\n|t:|1757128885\n|teamsize|p1|6\n|teamsize|p2|6\n|start\n|switch|p1a: Stranger|Gengar|262/262\n|switch|p1b: Dewgongeroar|Dewgong|384/384\n|switch|p2a: Nidoking|Nidoking, M|304/304\n|switch|p2b: Starmie|Starmie|262/262\n|turn|1\n|\n|t:|1757128932\n|move|p1b: Dewgongeroar|Fake Out|p2a: Nidoking\n|-damage|p2a: Nidoking|256/304\n|cant|p2a: Nidoking|flinch\n|move|p2b: Starmie|Psychic|p1a: Stranger\n|-supereffective|p1a: Stranger\n|-damage|p1a: Stranger|28/262\n|move|p1a: Stranger|Icy Wind|p2a: Nidoking|[spread] p2a,p2b\n|debug|Spread modifier: 0.75\n|-supereffective|p2a: Nidoking\n|debug|Spread modifier: 0.75\n|-resisted|p2b: Starmie\n|-damage|p2a: Nidoking|110/304\n|-damage|p2b: Starmie|240/262\n|-unboost|p2a: Nidoking|spe|1\n|-unboost|p2b: Starmie|spe|1\n|\n|upkeep\n|turn|2\n|\n|t:|1757128978\n|switch|p2a: Snorlax|Snorlax|500/500\n|switch|p2b: Chansey|Chansey, F|642/642\n|move|p1a: Stranger|Icy Wind|p2a: Snorlax|[spread] p2a,p2b\n|debug|Thick Fat weaken\n|debug|Spread modifier: 0.75\n|debug|Spread modifier: 0.75\n|-damage|p2a: Snorlax|474/500\n|-damage|p2b: Chansey|615/642\n|-unboost|p2a: Snorlax|spe|1\n|-unboost|p2b: Chansey|spe|1\n|move|p1b: Dewgongeroar|Knock Off|p2b: Chansey\n|-damage|p2b: Chansey|491/642\n|-enditem|p2b: Chansey|Eviolite|[from] move: Knock Off|[of] p1b: Dewgongeroar\n|\n|-heal|p2a: Snorlax|500/500|[from] item: Leftovers\n|upkeep\n|turn|3\n|\n|t:|1757129058\n|switch|p1a: Joys hot assistnt|Chansey, F|704/704\n|move|p1b: Dewgongeroar|Knock Off|p2a: Snorlax\n|-damage|p2a: Snorlax|390/500\n|-enditem|p2a: Snorlax|Leftovers|[from] move: Knock Off|[of] p1b: Dewgongeroar\n|move|p2b: Chansey|Seismic Toss|p1b: Dewgongeroar\n|-damage|p1b: Dewgongeroar|284/384\n|move|p2a: Snorlax|Rock Slide|p1b: Dewgongeroar|[spread] p1a,p1b\n|debug|Spread modifier: 0.75\n|debug|Spread modifier: 0.75\n|-supereffective|p1b: Dewgongeroar\n|-damage|p1a: Joys hot assistnt|610/704\n|-damage|p1b: Dewgongeroar|134/384\n|-enditem|p1b: Dewgongeroar|Sitrus Berry|[eat]\n|-heal|p1b: Dewgongeroar|230/384|[from] item: Sitrus Berry\n|\n|upkeep\n|turn|4\n|\n|t:|1757129091\n|switch|p1b: Buzz Lightyear|Electabuzz|334/334\n|switch|p2b: Machamp|Machamp|322/322\n|switch|p2a: Gengar|Gengar|262/262\n|move|p1a: Joys hot assistnt|Toxic|p2a: Gengar\n|debug|natural status immunity\n|debug|immune to status\n|-immune|p2a: Gengar\n|debug|move failed because it did nothing\n|\n|upkeep\n|turn|5\n|\n|t:|1757129125\n|switch|p1a: Dewgongeroar|Dewgong|230/384\n|move|p2a: Gengar|Sludge Bomb|p1b: Buzz Lightyear\n|-damage|p1b: Buzz Lightyear|247/334\n|-status|p1b: Buzz Lightyear|psn\n|move|p1b: Buzz Lightyear|Electroweb|p2a: Gengar|[spread] p2a,p2b\n|debug|Spread modifier: 0.75\n|debug|Spread modifier: 0.75\n|-damage|p2a: Gengar|207/262\n|-damage|p2b: Machamp|270/322\n|-unboost|p2a: Gengar|spe|1\n|-unboost|p2b: Machamp|spe|1\n|move|p2b: Machamp|Dynamic Punch|p1b: Buzz Lightyear\n|debug|Punching Glove boost\n|-damage|p1b: Buzz Lightyear|51/334 psn\n|-start|p1b: Buzz Lightyear|confusion\n|\n|-damage|p1b: Buzz Lightyear|10/334 psn|[from] psn\n|upkeep\n|turn|6\n|\n|t:|1757129218\n|switch|p2a: Chansey|Chansey, F|491/642\n|switch|p2b: Starmie|Starmie|240/262\n|-activate|p1b: Buzz Lightyear|confusion\n|move|p1b: Buzz Lightyear|Follow Me|p1b: Buzz Lightyear\n|-singleturn|p1b: Buzz Lightyear|move: Follow Me\n|move|p1a: Dewgongeroar|Triple Axel|p2a: Chansey\n|-damage|p2a: Chansey|436/642\n|-damage|p2a: Chansey|316/642\n|-damage|p2a: Chansey|151/642\n|-hitcount|p2a: Chansey|3\n|\n|-damage|p1b: Buzz Lightyear|0 fnt|[from] psn\n|faint|p1b: Buzz Lightyear\n|upkeep\n|\n|t:|1757129246\n|switch|p1b: Shai-Hulud|Dugtrio|212/212\n|turn|7\n|\n|t:|1757129274\n|move|p1b: Shai-Hulud|Sucker Punch|p2b: Starmie\n|-supereffective|p2b: Starmie\n|-damage|p2b: Starmie|80/262\n|move|p2b: Starmie|Scald|p1b: Shai-Hulud\n|-supereffective|p1b: Shai-Hulud\n|-enditem|p1b: Shai-Hulud|Focus Sash\n|-damage|p1b: Shai-Hulud|1/212\n|-status|p1b: Shai-Hulud|brn\n|move|p1a: Dewgongeroar|Triple Axel|p2a: Chansey\n|-damage|p2a: Chansey|97/642\n|-hitcount|p2a: Chansey|1\n|move|p2a: Chansey|Soft-Boiled|p2a: Chansey\n|-heal|p2a: Chansey|418/642\n|\n|-damage|p1b: Shai-Hulud|0 fnt|[from] brn\n|faint|p1b: Shai-Hulud\n|upkeep\n|c|☆je64|wowowow\n|c|☆je64|dude\n|c|☆je64|brutal\n|c|☆mattmandaman|i prayed to rngesus\n|\n|t:|1757129326\n|switch|p1b: Articu-no-hit-me|Articuno|384/384\n|turn|8\n|\n|t:|1757129343\n|move|p2b: Starmie|Thunderbolt|p1a: Dewgongeroar\n|-supereffective|p1a: Dewgongeroar\n|-damage|p1a: Dewgongeroar|56/384\n|move|p1b: Articu-no-hit-me|Snowscape|p1b: Articu-no-hit-me\n|-weather|Snowscape\n|move|p1a: Dewgongeroar|Knock Off|p2b: Starmie\n|-supereffective|p2b: Starmie\n|-damage|p2b: Starmie|0 fnt\n|-enditem|p2b: Starmie|Assault Vest|[from] move: Knock Off|[of] p1a: Dewgongeroar\n|faint|p2b: Starmie\n|move|p2a: Chansey|Thunder Wave|p1b: Articu-no-hit-me\n|debug|Snow Cloak - decreasing accuracy\n|-status|p1b: Articu-no-hit-me|par\n|\n|-weather|Snowscape|[upkeep]\n|-heal|p1a: Dewgongeroar|80/384|[from] ability: Ice Body\n|upkeep\n|\n|t:|1757129367\n|switch|p2b: Machamp|Machamp|270/322\n|turn|9\n|\n|t:|1757129417\n|switch|p1b: Joys hot assistnt|Chansey, F|610/704\n|move|p2b: Machamp|Stone Edge|p1b: Joys hot assistnt\n|-damage|p1b: Joys hot assistnt|460/704\n|move|p1a: Dewgongeroar|Flip Turn|p2a: Chansey\n|-damage|p2a: Chansey|252/642\n|\n|t:|1757129457\n|switch|p1a: Stranger|Gengar|28/262|[from] Flip Turn\n|move|p2a: Chansey|Seismic Toss|p1a: Stranger\n|-immune|p1a: Stranger\n|\n|-weather|Snowscape|[upkeep]\n|upkeep\n|turn|10\n|\n|t:|1757129564\n|move|p2b: Machamp|Bullet Punch|p1a: Stranger\n|debug|Punching Glove boost\n|-damage|p1a: Stranger|0 fnt\n|faint|p1a: Stranger\n|move|p2a: Chansey|Soft-Boiled|p2a: Chansey\n|-heal|p2a: Chansey|573/642\n|move|p1b: Joys hot assistnt|Toxic|p2b: Machamp\n|-status|p2b: Machamp|tox\n|\n|-weather|Snowscape|[upkeep]\n|-damage|p2b: Machamp|250/322 tox|[from] psn\n|upkeep\n|\n|t:|1757129574\n|switch|p1a: Dewgongeroar|Dewgong|80/384\n|turn|11\n|\n|t:|1757129586\n|switch|p2b: Gengar|Gengar|207/262\n|move|p1a: Dewgongeroar|Fake Out|p2b: Gengar\n|-immune|p2b: Gengar\n|move|p2a: Chansey|Seismic Toss|p1a: Dewgongeroar\n|-damage|p1a: Dewgongeroar|0 fnt\n|faint|p1a: Dewgongeroar\n|move|p1b: Joys hot assistnt|Toxic|p2a: Chansey\n|-status|p2a: Chansey|tox\n|\n|-weather|Snowscape|[upkeep]\n|-damage|p2a: Chansey|533/642 tox|[from] psn\n|upkeep\n|\n|t:|1757129597\n|switch|p1a: Articu-no-hit-me|Articuno|384/384 par\n|turn|12\n|\n|t:|1757129624\n|move|p2b: Gengar|Sludge Bomb|p1b: Joys hot assistnt\n|-damage|p1b: Joys hot assistnt|352/704\n|move|p2a: Chansey|Seismic Toss|p1a: Articu-no-hit-me\n|debug|Snow Cloak - decreasing accuracy\n|-damage|p1a: Articu-no-hit-me|284/384 par\n|move|p1b: Joys hot assistnt|Soft-Boiled|p1b: Joys hot assistnt\n|-heal|p1b: Joys hot assistnt|704/704\n|move|p1a: Articu-no-hit-me|Snowscape||[still]\n|-fail|p1a: Articu-no-hit-me\n|debug|move failed because it did nothing\n|\n|-weather|none\n|-heal|p1a: Articu-no-hit-me|308/384 par|[from] item: Leftovers\n|-damage|p2a: Chansey|453/642 tox|[from] psn\n|upkeep\n|turn|13\n|c|☆mattmandaman|brutal rng that turn, you were slightly winning to just lost\n|c|☆mattmandaman|feels like a shallow win\n|\n|t:|1757129654\n|move|p2b: Gengar|Sludge Bomb|p1b: Joys hot assistnt\n|-damage|p1b: Joys hot assistnt|599/704\n|move|p2a: Chansey|Seismic Toss|p1a: Articu-no-hit-me\n|-damage|p1a: Articu-no-hit-me|208/384 par\n|move|p1b: Joys hot assistnt|Seismic Toss|p2a: Chansey\n|-damage|p2a: Chansey|353/642 tox\n|cant|p1a: Articu-no-hit-me|par\n|\n|-heal|p1a: Articu-no-hit-me|232/384 par|[from] item: Leftovers\n|-damage|p2a: Chansey|233/642 tox|[from] psn\n|upkeep\n|turn|14\n|\n|t:|1757129675\n|-curestatus|p2a: Chansey|tox|[from] ability: Natural Cure\n|switch|p2a: Snorlax|Snorlax|390/500\n|move|p2b: Gengar|Sludge Bomb|p1b: Joys hot assistnt\n|-damage|p1b: Joys hot assistnt|503/704\n|move|p1b: Joys hot assistnt|Seismic Toss|p2a: Snorlax\n|-damage|p2a: Snorlax|290/500\n|move|p1a: Articu-no-hit-me|Snowscape|p1a: Articu-no-hit-me\n|-weather|Snowscape\n|\n|-weather|Snowscape|[upkeep]\n|-heal|p1a: Articu-no-hit-me|256/384 par|[from] item: Leftovers\n|upkeep\n|turn|15\n|\n|t:|1757129700\n|move|p2b: Gengar|Sludge Bomb|p1b: Joys hot assistnt\n|-crit|p1b: Joys hot assistnt\n|-damage|p1b: Joys hot assistnt|344/704\n|-status|p1b: Joys hot assistnt|psn\n|move|p1b: Joys hot assistnt|Toxic|p2a: Snorlax\n|-status|p2a: Snorlax|tox\n|move|p1a: Articu-no-hit-me|Aurora Veil|p1a: Articu-no-hit-me\n|-sidestart|p1: je64|move: Aurora Veil\n|move|p2a: Snorlax|Body Slam|p1b: Joys hot assistnt\n|debug|Aurora Veil weaken\n|-damage|p1b: Joys hot assistnt|224/704 psn\n|\n|-weather|Snowscape|[upkeep]\n|-heal|p1a: Articu-no-hit-me|280/384 par|[from] item: Leftovers\n|-damage|p1b: Joys hot assistnt|136/704 psn|[from] psn\n|-damage|p2a: Snorlax|259/500 tox|[from] psn\n|upkeep\n|turn|16\n|\n|t:|1757129719\n|move|p2b: Gengar|Sludge Bomb|p1a: Articu-no-hit-me|[miss]\n|debug|Snow Cloak - decreasing accuracy\n|-miss|p2b: Gengar|p1a: Articu-no-hit-me\n|move|p1b: Joys hot assistnt|Soft-Boiled|p1b: Joys hot assistnt\n|-heal|p1b: Joys hot assistnt|488/704 psn\n|cant|p1a: Articu-no-hit-me|par\n|move|p2a: Snorlax|Rock Slide|p1a: Articu-no-hit-me|[spread] p1a,p1b\n|debug|Snow Cloak - decreasing accuracy\n|debug|Spread modifier: 0.75\n|-supereffective|p1a: Articu-no-hit-me\n|debug|Aurora Veil weaken\n|debug|Spread modifier: 0.75\n|debug|Aurora Veil weaken\n|-damage|p1a: Articu-no-hit-me|165/384 par\n|-damage|p1b: Joys hot assistnt|425/704 psn\n|\n|-weather|Snowscape|[upkeep]\n|-heal|p1a: Articu-no-hit-me|189/384 par|[from] item: Leftovers\n|-damage|p1b: Joys hot assistnt|337/704 psn|[from] psn\n|-damage|p2a: Snorlax|197/500 tox|[from] psn\n|upkeep\n|turn|17\n|\n|t:|1757129758\n|move|p2b: Gengar|Sludge Bomb|p1a: Articu-no-hit-me\n|debug|Snow Cloak - decreasing accuracy\n|debug|Aurora Veil weaken\n|-damage|p1a: Articu-no-hit-me|120/384 par\n|move|p1b: Joys hot assistnt|Seismic Toss|p2a: Snorlax\n|-damage|p2a: Snorlax|97/500 tox\n|move|p1a: Articu-no-hit-me|Sheer Cold|p2b: Gengar\n|-damage|p2b: Gengar|0 fnt\n|-start|p1a: Articu-no-hit-me|Disable|Sheer Cold|[from] ability: Cursed Body|[of] p2b: Gengar\n|faint|p2b: Gengar\n|-ohko\n|move|p2a: Snorlax|Rock Slide|p1a: Articu-no-hit-me|[spread] p1a,p1b\n|debug|Snow Cloak - decreasing accuracy\n|debug|Spread modifier: 0.75\n|-supereffective|p1a: Articu-no-hit-me\n|debug|Aurora Veil weaken\n|debug|Spread modifier: 0.75\n|debug|Aurora Veil weaken\n|-damage|p1a: Articu-no-hit-me|5/384 par\n|-damage|p1b: Joys hot assistnt|282/704 psn\n|\n|-weather|Snowscape|[upkeep]\n|-heal|p1a: Articu-no-hit-me|29/384 par|[from] item: Leftovers\n|-damage|p1b: Joys hot assistnt|194/704 psn|[from] psn\n|-damage|p2a: Snorlax|4/500 tox|[from] psn\n|upkeep\n|\n|t:|1757129772\n|switch|p2b: Nidoking|Nidoking, M|110/304\n|turn|18\n|\n|t:|1757129787\n|move|p2b: Nidoking|Sludge Wave|p1b: Joys hot assistnt|[spread] p2a,p1b\n|debug|Snow Cloak - decreasing accuracy\n|-miss|p2b: Nidoking|p1a: Articu-no-hit-me\n|debug|Spread modifier: 0.75\n|debug|Spread modifier: 0.75\n|debug|Aurora Veil weaken\n|-damage|p2a: Snorlax|0 fnt\n|-damage|p1b: Joys hot assistnt|136/704 psn\n|faint|p2a: Snorlax\n|move|p1b: Joys hot assistnt|Seismic Toss|p2b: Nidoking\n|-damage|p2b: Nidoking|10/304\n|move|p1a: Articu-no-hit-me|Ice Beam|p2b: Nidoking\n|-supereffective|p2b: Nidoking\n|-damage|p2b: Nidoking|0 fnt\n|faint|p2b: Nidoking\n|\n|-weather|none\n|-heal|p1a: Articu-no-hit-me|53/384 par|[from] item: Leftovers\n|-damage|p1b: Joys hot assistnt|48/704 psn|[from] psn\n|upkeep\n|\n|t:|1757129794\n|switch|p2b: Machamp|Machamp|250/322 tox\n|switch|p2a: Chansey|Chansey, F|233/642\n|turn|19\n|\n|t:|1757129878\n|move|p2b: Machamp|Stone Edge|p1a: Articu-no-hit-me\n|-supereffective|p1a: Articu-no-hit-me\n|debug|Aurora Veil weaken\n|-damage|p1a: Articu-no-hit-me|0 fnt\n|faint|p1a: Articu-no-hit-me\n|move|p2a: Chansey|Seismic Toss|p1b: Joys hot assistnt\n|-damage|p1b: Joys hot assistnt|0 fnt\n|faint|p1b: Joys hot assistnt\n|\n|win|mattmandaman\n|c|☆je64|aiubfeivubefqvuberqv\n|c|☆mattmandaman|understandable\n|c| mango meloetta|gggg\n|c|☆je64|god damn that one turn :'O\n|c| mango meloetta|well played haha\n|c|☆je64|gggggsss\n|c| mango meloetta|god damn!\n|c|☆mattmandaman|yea that one turn\n|c|☆mattmandaman|i gotta go to bed boys nice ggs fellas\n|c|☆je64|well im going to go tell stephen to kill me\n|c| mango meloetta|pceee\n|c|☆je64|night dude congrats!!!\n|c|☆mattmandaman|youll get em next time ;)\n|c|☆je64|maybe???\n|c|☆je64|if this was real\n|c|☆mattmandaman|feels cheap\n|c| mango meloetta|lolol\n|c| mango meloetta|it was a good game\n|c|☆mattmandaman|indeed lol\n|c|☆mattmandaman|ttyl dudes!\n|l|☆mattmandaman\n|player|p2|\n|c|☆je64|night myan!\n|c| mango meloetta|pce bro\n","uploadtime":1757129897,"views":"46","formatid":"gen9doublescustomgame","rating":null,"private":0,"password":null}