{"id":"gen9doublescustomgame-2360815885","format":"[Gen 9] Doubles Custom Game","players":["mistermoscow","je64"],"log":"|j|☆mistermoscow\n|j|☆je64\n|t:|1746848283\n|gametype|doubles\n|player|p1|mistermoscow|alder|\n|player|p2|je64|102|\n|teamsize|p1|6\n|teamsize|p2|6\n|gen|9\n|tier|[Gen 9] Doubles Custom Game\n|clearpoke\n|poke|p1|Nidoking, M|\n|poke|p1|Machoke, M|\n|poke|p1|Dewgong, M|\n|poke|p1|Exeggutor, M|\n|poke|p1|Mr. Mime, M|\n|poke|p1|Jolteon, M|\n|poke|p2|Golbat, F|\n|poke|p2|Chansey, F|\n|poke|p2|Exeggutor, F|\n|poke|p2|Gengar, F|\n|poke|p2|Rhydon, F|\n|poke|p2|Dewgong, M|\n|teampreview\n|\n|t:|1746848308\n|start\n|switch|p1a: Sparky|Jolteon, M|271/271\n|switch|p1b: Dewey|Dewgong, M|384/384\n|switch|p2a: Stranger|Gengar, F|262/262\n|switch|p2b: Dude Thong|Dewgong, M|384/384\n|turn|1\n|\n|t:|1746848374\n|move|p2b: Dude Thong|Fake Out|p1a: Sparky\n|-damage|p1a: Sparky|238/271\n|cant|p1a: Sparky|flinch\n|move|p1b: Dewey|Triple Axel|p2a: Stranger\n|-damage|p2a: Stranger|237/262\n|-start|p1b: Dewey|Disable|Triple Axel|[from] ability: Cursed Body|[of] p2a: Stranger\n|-damage|p2a: Stranger|189/262\n|-damage|p2a: Stranger|114/262\n|-hitcount|p2a: Stranger|3\n|move|p2a: Stranger|Trick Room|p2a: Stranger\n|-fieldstart|move: Trick Room|[of] p2a: Stranger\n|-enditem|p2a: Stranger|Room Service\n|-unboost|p2a: Stranger|spe|1|[from] item: Room Service\n|\n|upkeep\n|turn|2\n|\n|t:|1746848395\n|move|p2a: Stranger|Sludge Bomb|p1a: Sparky\n|-damage|p1a: Sparky|94/271\n|move|p2b: Dude Thong|Knock Off|p1b: Dewey\n|-damage|p1b: Dewey|318/384\n|-enditem|p1b: Dewey|Covert Cloak|[from] move: Knock Off|[of] p2b: Dude Thong\n|move|p1b: Dewey|Knock Off|p2a: Stranger\n|-supereffective|p2a: Stranger\n|-damage|p2a: Stranger|4/262\n|move|p1a: Sparky|Reflect|p1a: Sparky\n|-sidestart|p1: mistermoscow|Reflect\n|\n|upkeep\n|turn|3\n|\n|t:|1746848419\n|switch|p1a: King Nido|Nidoking, M|303/303\n|move|p2a: Stranger|Sludge Bomb|p1b: Dewey\n|-damage|p1b: Dewey|168/384\n|move|p1b: Dewey|Flip Turn|p2a: Stranger\n|-damage|p2a: Stranger|0 fnt\n|faint|p2a: Stranger\n|\n|t:|1746848432\n|switch|p1b: Mimsy|Mr. Mime, M|221/221|[from] Flip Turn\n|move|p2b: Dude Thong|Knock Off|p1a: King Nido\n|-crit|p1a: King Nido\n|-damage|p1a: King Nido|195/303\n|-enditem|p1a: King Nido|Choice Scarf|[from] move: Knock Off|[of] p2b: Dude Thong\n|\n|upkeep\n|\n|t:|1746848504\n|switch|p2a: Joys hot assistnt|Chansey, F|704/704\n|turn|4\n|\n|t:|1746848521\n|move|p2a: Joys hot assistnt|Toxic|p1b: Mimsy\n|-status|p1b: Mimsy|tox\n|move|p2b: Dude Thong|Triple Axel|p1a: King Nido\n|-supereffective|p1a: King Nido\n|debug|Reflect weaken\n|-damage|p1a: King Nido|166/303\n|-supereffective|p1a: King Nido\n|debug|Reflect weaken\n|-damage|p1a: King Nido|106/303\n|-supereffective|p1a: King Nido\n|-crit|p1a: King Nido\n|-damage|p1a: King Nido|0 fnt\n|faint|p1a: King Nido\n|-hitcount|p1: King Nido|3\n|move|p1b: Mimsy|Psychic Terrain|p1b: Mimsy\n|-fieldstart|move: Psychic Terrain\n|\n|-damage|p1b: Mimsy|208/221 tox|[from] psn\n|upkeep\n|\n|t:|1746848597\n|switch|p1a: Randy|Machoke, M|302/302\n|turn|5\n|\n|t:|1746848712\n|move|p1b: Mimsy|Follow Me|p1b: Mimsy\n|-singleturn|p1b: Mimsy|move: Follow Me\n|move|p2a: Joys hot assistnt|Toxic|p1b: Mimsy\n|debug|Follow Me redirected target of move\n|-fail|p1b: Mimsy|tox\n|debug|move failed because it did nothing\n|move|p1a: Randy|Fissure|p2a: Joys hot assistnt\n|-damage|p2a: Joys hot assistnt|0 fnt\n|faint|p2a: Joys hot assistnt\n|-ohko\n|move|p2b: Dude Thong|Knock Off|p1b: Mimsy\n|debug|Follow Me redirected target of move\n|debug|Reflect weaken\n|-damage|p1b: Mimsy|170/221 tox\n|-enditem|p1b: Mimsy|Mental Herb|[from] move: Knock Off|[of] p2b: Dude Thong\n|\n|-damage|p1b: Mimsy|144/221 tox|[from] psn\n|-fieldend|move: Trick Room\n|upkeep\n|\n|t:|1746848735\n|switch|p2a: Ms. Peters|Golbat, F|354/354\n|turn|6\n|\n|t:|1746848760\n|move|p1a: Randy|Protect|p1a: Randy\n|-singleturn|p1a: Randy|Protect\n|move|p1b: Mimsy|Expanding Force|p2b: Dude Thong|[spread] p2a,p2b\n|debug|psychic terrain boost\n|debug|terrain buff\n|debug|Spread modifier: 0.75\n|-supereffective|p2a: Ms. Peters\n|debug|psychic terrain boost\n|debug|terrain buff\n|debug|Spread modifier: 0.75\n|-damage|p2a: Ms. Peters|72/354\n|-damage|p2b: Dude Thong|242/384\n|move|p2a: Ms. Peters|Nasty Plot|p2a: Ms. Peters\n|-boost|p2a: Ms. Peters|spa|2\n|move|p2b: Dude Thong|Knock Off|p1a: Randy\n|-activate|p1a: Randy|move: Protect\n|\n|-damage|p1b: Mimsy|105/221 tox|[from] psn\n|upkeep\n|turn|7\n|\n|t:|1746848835\n|switch|p2a: San Ti Ren 三体人|Exeggutor, F|331/331\n|move|p1b: Mimsy|Expanding Force|p2b: Dude Thong|[spread] p2a,p2b\n|debug|psychic terrain boost\n|debug|terrain buff\n|debug|Spread modifier: 0.75\n|-resisted|p2a: San Ti Ren 三体人\n|-crit|p2a: San Ti Ren 三体人\n|debug|psychic terrain boost\n|debug|terrain buff\n|debug|Spread modifier: 0.75\n|-damage|p2a: San Ti Ren 三体人|186/331\n|-damage|p2b: Dude Thong|106/384\n|move|p2b: Dude Thong|Knock Off|p1a: Randy\n|-resisted|p1a: Randy\n|debug|Reflect weaken\n|-damage|p1a: Randy|289/302\n|-enditem|p1a: Randy|Eviolite|[from] move: Knock Off|[of] p2b: Dude Thong\n|move|p1a: Randy|Fissure|p2b: Dude Thong\n|-damage|p2b: Dude Thong|0 fnt\n|faint|p2b: Dude Thong\n|-ohko\n|\n|-damage|p1b: Mimsy|53/221 tox|[from] psn\n|upkeep\n|\n|t:|1746848865\n|switch|p2b: La Don|Rhydon, F|351/351\n|turn|8\n|\n|t:|1746848924\n|switch|p1b: Eggman|Exeggutor, M|394/394\n|move|p1a: Randy|Protect|p1a: Randy\n|-singleturn|p1a: Randy|Protect\n|move|p2b: La Don|High Horsepower|p1a: Randy\n|-activate|p1a: Randy|move: Protect\n|move|p2a: San Ti Ren 三体人|Expanding Force|p1a: Randy|[spread] p1b\n|-activate|p1a: Randy|move: Protect\n|debug|psychic terrain boost\n|debug|terrain buff\n|debug|Spread modifier: 0.75\n|-resisted|p1b: Eggman\n|-damage|p1b: Eggman|243/394\n|\n|-fieldend|move: Psychic Terrain\n|upkeep\n|turn|9\n|\n|t:|1746848957\n|switch|p1a: Mimsy|Mr. Mime, M|53/221 tox\n|move|p1b: Eggman|Giga Drain|p2b: La Don\n|-supereffective|p2b: La Don\n|-damage|p2b: La Don|0 fnt\n|-heal|p1b: Eggman|394/394|[from] drain|[of] p2b: La Don\n|faint|p2b: La Don\n|-damage|p1b: Eggman|355/394|[from] item: Life Orb\n|move|p2a: San Ti Ren 三体人|Expanding Force|p1a: Mimsy\n|-resisted|p1a: Mimsy\n|-damage|p1a: Mimsy|0 fnt\n|faint|p1a: Mimsy\n|\n|-sideend|p1: mistermoscow|Reflect\n|upkeep\n|\n|t:|1746848974\n|switch|p1a: Dewey|Dewgong, M|168/384\n|switch|p2b: Ms. Peters|Golbat, F|72/354\n|turn|10\n|\n|t:|1746848999\n|move|p2b: Ms. Peters|Roost|p2b: Ms. Peters\n|-heal|p2b: Ms. Peters|249/354\n|-singleturn|p2b: Ms. Peters|move: Roost\n|move|p1a: Dewey|Triple Axel|p2a: San Ti Ren 三体人\n|-supereffective|p2a: San Ti Ren 三体人\n|-damage|p2a: San Ti Ren 三体人|130/331\n|-enditem|p2a: San Ti Ren 三体人|Sitrus Berry|[eat]\n|-heal|p2a: San Ti Ren 三体人|212/331|[from] item: Sitrus Berry\n|-supereffective|p2a: San Ti Ren 三体人\n|-damage|p2a: San Ti Ren 三体人|108/331\n|-supereffective|p2a: San Ti Ren 三体人\n|-damage|p2a: San Ti Ren 三体人|0 fnt\n|faint|p2a: San Ti Ren 三体人\n|-hitcount|p2: San Ti Ren 三体人|3\n|move|p1b: Eggman|Expanding Force|p2b: Ms. Peters\n|-supereffective|p2b: Ms. Peters\n|-damage|p2b: Ms. Peters|0 fnt\n|faint|p2b: Ms. Peters\n|-damage|p1b: Eggman|316/394|[from] item: Life Orb\n|\n|win|mistermoscow\n","uploadtime":1746849016,"views":"9","formatid":"gen9doublescustomgame","rating":null,"private":0,"password":null}