{"id":"gen9doublescustomgame-2017895852","format":"[Gen 9] Doubles Custom Game","players":["Mister Moscow","je64"],"log":"|j|☆Mister Moscow\n|j|☆je64\n|t:|1703289089\n|gametype|doubles\n|player|p1|Mister Moscow|alder|\n|player|p2|je64|2|\n|teamsize|p1|6\n|teamsize|p2|6\n|gen|9\n|tier|[Gen 9] Doubles Custom Game\n|clearpoke\n|poke|p1|Sableye, F|\n|poke|p1|Darkrai|\n|poke|p1|Great Tusk|\n|poke|p1|Volcarona, F|\n|poke|p1|Urshifu-*, M|\n|poke|p1|Genesect|\n|poke|p2|Cresselia, F|\n|poke|p2|Whimsicott, M|\n|poke|p2|Landorus-Therian, M|\n|poke|p2|Incineroar, F|\n|poke|p2|Magearna|\n|poke|p2|Basculegion, M|\n|teampreview\n|j| mattmandaman\n|j| Weedichu\n|\n|t:|1703289254\n|start\n|switch|p1a: Sabrina|Sableye, F|273/273\n|switch|p1b: Darren|Darkrai|344/344\n|switch|p2a: Puff Daddy|Whimsicott, M|262/262\n|switch|p2b: Lands R' Us|Landorus-Therian, M|382/382\n|-ability|p2b: Lands R' Us|Intimidate|boost\n|-unboost|p1a: Sabrina|atk|1\n|-unboost|p1b: Darren|atk|1\n|turn|1\n|\n|t:|1703289293\n|move|p1a: Sabrina|Fake Out|p2a: Puff Daddy\n|-damage|p2a: Puff Daddy|241/262\n|cant|p2a: Puff Daddy|flinch\n|move|p1b: Darren|Icy Wind|p2b: Lands R' Us|[spread] p2a,p2b\n|debug|Spread modifier: 0.75\n|-supereffective|p2a: Puff Daddy\n|debug|Spread modifier: 0.75\n|-supereffective|p2b: Lands R' Us\n|-damage|p2a: Puff Daddy|135/262\n|-damage|p2b: Lands R' Us|198/382\n|-unboost|p2a: Puff Daddy|spe|1\n|-unboost|p2b: Lands R' Us|spe|1\n|move|p2b: Lands R' Us|U-turn|p1b: Darren\n|-supereffective|p1b: Darren\n|-damage|p1b: Darren|150/344\n|\n|t:|1703289316\n|switch|p2b: Fukushima|Basculegion, M|382/382|[from] U-turn\n|\n|upkeep\n|turn|2\n|\n|t:|1703289403\n|move|p1a: Sabrina|Gravity|p1a: Sabrina\n|-fieldstart|move: Gravity\n|move|p1b: Darren|Hypnosis|p2b: Fukushima\n|-status|p2b: Fukushima|slp|[from] move: Hypnosis\n|cant|p2b: Fukushima|slp\n|move|p2a: Puff Daddy|Moonblast|p1a: Sabrina\n|-supereffective|p1a: Sabrina\n|-damage|p1a: Sabrina|63/273\n|\n|-damage|p2b: Fukushima|335/382 slp|[from] ability: Bad Dreams|[of] p1b: Darren\n|upkeep\n|turn|3\n|\n|t:|1703289479\n|move|p2a: Puff Daddy|Tailwind|p2a: Puff Daddy\n|-sidestart|p2: je64|move: Tailwind\n|move|p1a: Sabrina|Sunny Day|p1a: Sabrina\n|-weather|SunnyDay\n|-curestatus|p2b: Fukushima|slp|[msg]\n|move|p2b: Fukushima|Wave Crash|p1b: Darren\n|debug|Sunny Day water suppress\n|-damage|p1b: Darren|0 fnt\n|faint|p1b: Darren\n|-damage|p2b: Fukushima|285/382|[from] Recoil\n|\n|-weather|SunnyDay|[upkeep]\n|upkeep\n|\n|t:|1703289498\n|switch|p1b: Master Roshi|Urshifu, M|341/341\n|turn|4\n|\n|t:|1703289519\n|switch|p2b: I Ma-gearna kill u|Magearna|364/364\n|switch|p2a: Lands R' Us|Landorus-Therian, M|198/382\n|-ability|p2a: Lands R' Us|Intimidate|boost\n|-unboost|p1a: Sabrina|atk|1\n|-unboost|p1b: Master Roshi|atk|1\n|switch|p1a: Crushinator|Genesect|283/283\n|-ability|p1a: Crushinator|Download|boost\n|-boost|p1a: Crushinator|spa|1\n|move|p1b: Master Roshi|Sucker Punch||[still]\n|-fail|p1b: Master Roshi\n|\n|-weather|SunnyDay|[upkeep]\n|upkeep\n|turn|5\n|\n|t:|1703289546\n|switch|p2a: Chairman Mao|Incineroar, F|394/394\n|-ability|p2a: Chairman Mao|Intimidate|boost\n|-unboost|p1a: Crushinator|atk|1\n|-unboost|p1b: Master Roshi|atk|1\n|switch|p1b: Mothra|Volcarona, F|311/311\n|move|p1a: Crushinator|Ice Beam|p2a: Chairman Mao\n|-resisted|p2a: Chairman Mao\n|-damage|p2a: Chairman Mao|308/394\n|move|p2b: I Ma-gearna kill u|Dazzling Gleam|p1b: Mothra|[spread] p1a,p1b\n|debug|Spread modifier: 0.75\n|-resisted|p1a: Crushinator\n|debug|Spread modifier: 0.75\n|-resisted|p1b: Mothra\n|-damage|p1a: Crushinator|231/283\n|-damage|p1b: Mothra|265/311\n|\n|-weather|SunnyDay|[upkeep]\n|upkeep\n|turn|6\n|\n|t:|1703289571\n|switch|p1a: Raymond|Great Tusk|372/372\n|-activate|p1a: Raymond|ability: Protosynthesis\n|-start|p1a: Raymond|protosynthesisatk\n|switch|p2b: Lands R' Us|Landorus-Therian, M|198/382\n|-ability|p2b: Lands R' Us|Intimidate|boost\n|-unboost|p1a: Raymond|atk|1\n|-fail|p1b: Mothra|unboost|[from] item: Clear Amulet|[of] p1b: Mothra\n|move|p2a: Chairman Mao|Flare Blitz|p1b: Mothra\n|debug|Sunny Day fire boost\n|-damage|p1b: Mothra|0 fnt\n|debug|move failed because it did nothing\n|debug|natural status immunity\n|debug|immune to status\n|faint|p1b: Mothra\n|-damage|p2a: Chairman Mao|221/394|[from] Recoil\n|\n|-weather|SunnyDay|[upkeep]\n|-sideend|p2: je64|move: Tailwind\n|-fieldend|move: Gravity\n|upkeep\n|\n|t:|1703289616\n|switch|p1b: Crushinator|Genesect|231/283\n|-ability|p1b: Crushinator|Download|boost\n|-boost|p1b: Crushinator|spa|1\n|turn|7\n|\n|t:|1703289720\n|switch|p2b: Fukushima|Basculegion, M|285/382\n|switch|p2a: Nolan's Bane|Cresselia, F|444/444\n|move|p1b: Crushinator|Flamethrower|p2b: Fukushima\n|debug|Sunny Day fire boost\n|-resisted|p2b: Fukushima\n|-damage|p2b: Fukushima|114/382\n|move|p1a: Raymond|Headlong Rush|p2a: Nolan's Bane\n|-immune|p2a: Nolan's Bane|[from] ability: Levitate\n|\n|-weather|none\n|-end|p1a: Raymond|Protosynthesis\n|upkeep\n|turn|8\n|\n|t:|1703289757\n|-terastallize|p1a: Raymond|Steel\n|move|p2b: Fukushima|Protect|p2b: Fukushima\n|-singleturn|p2b: Fukushima|Protect\n|move|p1b: Crushinator|Flamethrower|p2b: Fukushima\n|-activate|p2b: Fukushima|move: Protect\n|move|p1a: Raymond|Knock Off|p2a: Nolan's Bane\n|-supereffective|p2a: Nolan's Bane\n|-damage|p2a: Nolan's Bane|322/444\n|-enditem|p2a: Nolan's Bane|Safety Goggles|[from] move: Knock Off|[of] p1a: Raymond\n|move|p2a: Nolan's Bane|Icy Wind|p1a: Raymond|[spread] p1a,p1b\n|debug|Spread modifier: 0.75\n|-resisted|p1a: Raymond\n|debug|Spread modifier: 0.75\n|-resisted|p1b: Crushinator\n|-damage|p1a: Raymond|362/372\n|-damage|p1b: Crushinator|218/283\n|-unboost|p1a: Raymond|spe|1\n|-unboost|p1b: Crushinator|spe|1\n|\n|upkeep\n|turn|9\n|\n|t:|1703289799\n|switch|p1b: Master Roshi|Urshifu, M|341/341\n|switch|p2b: Lands R' Us|Landorus-Therian, M|198/382\n|-ability|p2b: Lands R' Us|Intimidate|boost\n|-unboost|p1a: Raymond|atk|1\n|-unboost|p1b: Master Roshi|atk|1\n|move|p2a: Nolan's Bane|Lunar Blessing|p2a: Nolan's Bane|[spread] p2a,p2b\n|-heal|p2a: Nolan's Bane|433/444\n|-heal|p2b: Lands R' Us|293/382\n|move|p1a: Raymond|Knock Off|p2b: Lands R' Us\n|-damage|p2b: Lands R' Us|226/382\n|-enditem|p2b: Lands R' Us|Sitrus Berry|[from] move: Knock Off|[of] p1a: Raymond\n|\n|upkeep\n|turn|10\n|\n|t:|1703289827\n|switch|p1b: Crushinator|Genesect|218/283\n|-ability|p1b: Crushinator|Download|boost\n|-boost|p1b: Crushinator|spa|1\n|switch|p2b: Chairman Mao|Incineroar, F|221/394\n|-ability|p2b: Chairman Mao|Intimidate|boost\n|-unboost|p1a: Raymond|atk|1\n|-unboost|p1b: Crushinator|atk|1\n|-end|p1a: Raymond|Protosynthesis|[silent]\n|switch|p1a: Sabrina|Sableye, F|63/273\n|move|p2a: Nolan's Bane|Moonblast|p1b: Crushinator\n|-resisted|p1b: Crushinator\n|-damage|p1b: Crushinator|188/283\n|\n|upkeep\n|turn|11\n|\n|t:|1703289868\n|move|p1a: Sabrina|Fake Out|p2a: Nolan's Bane\n|-crit|p2a: Nolan's Bane\n|-damage|p2a: Nolan's Bane|409/444\n|move|p1b: Crushinator|Techno Blast|p2a: Nolan's Bane\n|-damage|p2a: Nolan's Bane|231/444\n|cant|p2a: Nolan's Bane|flinch\n|move|p2b: Chairman Mao|Flare Blitz|p1b: Crushinator\n|-supereffective|p1b: Crushinator\n|-damage|p1b: Crushinator|0 fnt\n|faint|p1b: Crushinator\n|-damage|p2b: Chairman Mao|159/394|[from] Recoil\n|\n|upkeep\n|\n|t:|1703289881\n|switch|p1b: Master Roshi|Urshifu, M|341/341\n|turn|12\n|\n|t:|1703289898\n|switch|p2b: Lands R' Us|Landorus-Therian, M|226/382\n|-ability|p2b: Lands R' Us|Intimidate|boost\n|-unboost|p1a: Sabrina|atk|1\n|-unboost|p1b: Master Roshi|atk|1\n|move|p1a: Sabrina|Quash||[still]\n|-fail|p1a: Sabrina\n|debug|move failed because it did nothing\n|move|p1b: Master Roshi|Drain Punch|p2b: Lands R' Us\n|-resisted|p2b: Lands R' Us\n|-damage|p2b: Lands R' Us|154/382\n|move|p2a: Nolan's Bane|Lunar Blessing|p2a: Nolan's Bane|[spread] p2a,p2b\n|-heal|p2a: Nolan's Bane|342/444\n|-heal|p2b: Lands R' Us|249/382\n|\n|upkeep\n|turn|13\n|\n|t:|1703289919\n|switch|p1b: Raymond|Great Tusk, tera:Steel|362/372\n|switch|p2b: Chairman Mao|Incineroar, F|159/394\n|-ability|p2b: Chairman Mao|Intimidate|boost\n|-unboost|p1a: Sabrina|atk|1\n|-unboost|p1b: Raymond|atk|1\n|move|p1a: Sabrina|Gravity|p1a: Sabrina\n|-fieldstart|move: Gravity\n|move|p2a: Nolan's Bane|Moonblast|p1b: Raymond\n|-resisted|p1b: Raymond\n|-damage|p1b: Raymond|337/372\n|\n|upkeep\n|turn|14\n|\n|t:|1703289954\n|move|p1a: Sabrina|Quash|p2a: Nolan's Bane\n|-activate|p2a: Nolan's Bane|move: Quash\n|move|p1b: Raymond|Headlong Rush|p2b: Chairman Mao\n|-supereffective|p2b: Chairman Mao\n|-damage|p2b: Chairman Mao|0 fnt\n|-unboost|p1b: Raymond|def|1\n|-unboost|p1b: Raymond|spd|1\n|faint|p2b: Chairman Mao\n|move|p2a: Nolan's Bane|Moonblast|p1a: Sabrina\n|-supereffective|p1a: Sabrina\n|-damage|p1a: Sabrina|0 fnt\n|faint|p1a: Sabrina\n|\n|upkeep\n|\n|t:|1703289975\n|switch|p2b: Puff Daddy|Whimsicott, M|135/262\n|switch|p1a: Master Roshi|Urshifu, M|341/341\n|turn|15\n|\n|t:|1703290001\n|switch|p2b: Lands R' Us|Landorus-Therian, M|249/382\n|-ability|p2b: Lands R' Us|Intimidate|boost\n|-unboost|p1a: Master Roshi|atk|1\n|-unboost|p1b: Raymond|atk|1\n|move|p1a: Master Roshi|Wicked Blow|p2b: Lands R' Us\n|debug|Negating (sp)atk boost/penalty.\n|-crit|p2b: Lands R' Us\n|-damage|p2b: Lands R' Us|0 fnt\n|faint|p2b: Lands R' Us\n|move|p1b: Raymond|Ice Spinner|p2a: Nolan's Bane\n|-damage|p2a: Nolan's Bane|303/444\n|move|p2a: Nolan's Bane|Moonblast|p1a: Master Roshi\n|-supereffective|p1a: Master Roshi\n|-damage|p1a: Master Roshi|0 fnt\n|faint|p1a: Master Roshi\n|\n|upkeep\n|\n|t:|1703290021\n|switch|p2b: Fukushima|Basculegion, M|114/382\n|turn|16\n|\n|t:|1703290025\n|move|p2b: Fukushima|Protect|p2b: Fukushima\n|-singleturn|p2b: Fukushima|Protect\n|move|p1b: Raymond|Headlong Rush|p2a: Nolan's Bane\n|-damage|p2a: Nolan's Bane|228/444\n|-unboost|p1b: Raymond|def|1\n|-unboost|p1b: Raymond|spd|1\n|move|p2a: Nolan's Bane|Icy Wind|p1b: Raymond\n|-resisted|p1b: Raymond\n|-damage|p1b: Raymond|313/372\n|-unboost|p1b: Raymond|spe|1\n|\n|upkeep\n|turn|17\n|\n|t:|1703290059\n|move|p2b: Fukushima|Last Respects|p1b: Raymond\n|-damage|p1b: Raymond|0 fnt\n|faint|p1b: Raymond\n|-end|p1b: Raymond|Protosynthesis|[silent]\n|\n|win|je64\n|l|☆Mister Moscow\n","uploadtime":1703290065,"views":"35","formatid":"gen9doublescustomgame","rating":null,"private":0,"password":null}