{"id":"gen9doublescustomgame-2017843144","format":"[Gen 9] Doubles Custom Game","players":["Weedichu","smokeydabearrr"],"log":"|j|☆Weedichu\n|j|☆smokeydabearrr\n|t:|1703283697\n|gametype|doubles\n|player|p1|Weedichu|ghetsis-gen5bw|\n|player|p2|smokeydabearrr|101|\n|teamsize|p1|6\n|teamsize|p2|6\n|gen|9\n|tier|[Gen 9] Doubles Custom Game\n|clearpoke\n|poke|p1|Victini|\n|poke|p1|Meowscarada, F|\n|poke|p1|Pawmot, F|\n|poke|p1|Iron Valiant|\n|poke|p1|Gardevoir, F|\n|poke|p1|Ferrothorn, F|\n|poke|p2|Torkoal, F|\n|poke|p2|Walking Wake|\n|poke|p2|Flutter Mane|\n|poke|p2|Heatran, M|\n|poke|p2|Scream Tail|\n|poke|p2|Chi-Yu|\n|teampreview\n|j| mattmandaman\n|j| Mister Moscow\n|j| je64\n|\n|t:|1703283746\n|start\n|switch|p1a: Fipple|Ferrothorn, F|351/351\n|switch|p1b: Gipple|Gardevoir, F|277/277\n|switch|p2a: Mane H03|Flutter Mane|251/251\n|switch|p2b: Yurtle The Turtle|Torkoal, F|335/335\n|-weather|SunnyDay|[from] ability: Drought|[of] p2b: Yurtle The Turtle\n|-activate|p2a: Mane H03|ability: Protosynthesis\n|-start|p2a: Mane H03|protosynthesisspe\n|turn|1\n|debug|Protosynthesis spe boost\n|debug|Protosynthesis spe boost\n|\n|t:|1703283849\n|-end|p2a: Mane H03|Protosynthesis|[silent]\n|switch|p2a: Heater Pan|Heatran, M|347/347\n|move|p1a: Fipple|Protect|p1a: Fipple\n|-singleturn|p1a: Fipple|Protect\n|move|p1b: Gipple|Light Screen|p1b: Gipple\n|-sidestart|p1: Weedichu|move: Light Screen\n|move|p2b: Yurtle The Turtle|Heat Wave|p1a: Fipple|[spread] p1b\n|-activate|p1a: Fipple|move: Protect\n|debug|Spread modifier: 0.75\n|debug|Sunny Day fire boost\n|debug|Light Screen weaken\n|-damage|p1b: Gipple|211/277\n|debug|Covert Cloak prevent secondary\n|\n|-weather|SunnyDay|[upkeep]\n|upkeep\n|turn|2\n|\n|t:|1703283902\n|switch|p1a: Vipple|Victini|365/365\n|move|p1b: Gipple|Protect|p1b: Gipple\n|-singleturn|p1b: Gipple|Protect\n|move|p2a: Heater Pan|Heat Wave|p1b: Gipple|[spread] p1a\n|-activate|p1b: Gipple|move: Protect\n|debug|Spread modifier: 0.75\n|debug|Sunny Day fire boost\n|-resisted|p1a: Vipple\n|debug|Light Screen weaken\n|-damage|p1a: Vipple|326/365\n|move|p2b: Yurtle The Turtle|Heat Wave|p1b: Gipple|[spread] p1a\n|-activate|p1b: Gipple|move: Protect\n|debug|Spread modifier: 0.75\n|debug|Sunny Day fire boost\n|-resisted|p1a: Vipple\n|-crit|p1a: Vipple\n|-damage|p1a: Vipple|281/365\n|\n|-weather|SunnyDay|[upkeep]\n|upkeep\n|turn|3\n|\n|t:|1703283929\n|switch|p2b: WAKE ME UP INSIDE|Walking Wake|339/339\n|-activate|p2b: WAKE ME UP INSIDE|ability: Protosynthesis\n|-start|p2b: WAKE ME UP INSIDE|protosynthesisspe\n|debug|Protosynthesis spe boost\n|move|p1a: Vipple|Glaciate|p2b: WAKE ME UP INSIDE|[spread] p2a,p2b\n|debug|Spread modifier: 0.75\n|-resisted|p2a: Heater Pan\n|debug|Spread modifier: 0.75\n|-damage|p2a: Heater Pan|340/347\n|-damage|p2b: WAKE ME UP INSIDE|285/339\n|-unboost|p2a: Heater Pan|spe|1\n|-unboost|p2b: WAKE ME UP INSIDE|spe|1\n|debug|Protosynthesis spe boost\n|move|p1b: Gipple|Dazzling Gleam|p2a: Heater Pan|[spread] p2a,p2b\n|debug|Spread modifier: 0.75\n|-resisted|p2a: Heater Pan\n|debug|Spread modifier: 0.75\n|-supereffective|p2b: WAKE ME UP INSIDE\n|-damage|p2a: Heater Pan|322/347\n|-damage|p2b: WAKE ME UP INSIDE|49/339\n|debug|Protosynthesis spe boost\n|move|p2a: Heater Pan|Flash Cannon|p1b: Gipple\n|-supereffective|p1b: Gipple\n|debug|Light Screen weaken\n|-damage|p1b: Gipple|38/277\n|debug|Covert Cloak prevent secondary\n|\n|debug|Protosynthesis spe boost\n|-weather|SunnyDay|[upkeep]\n|upkeep\n|turn|4\n|debug|Protosynthesis spe boost\n|debug|Protosynthesis spe boost\n|\n|t:|1703283969\n|debug|Protosynthesis spe boost\n|debug|Protosynthesis spe boost\n|move|p2b: WAKE ME UP INSIDE|Hydro Steam|p1a: Vipple\n|debug|Sunny Day Hydro Steam boost\n|-supereffective|p1a: Vipple\n|debug|Light Screen weaken\n|-damage|p1a: Vipple|68/365\n|-damage|p2b: WAKE ME UP INSIDE|16/339|[from] item: Life Orb\n|debug|Protosynthesis spe boost\n|move|p1a: Vipple|U-turn|p2b: WAKE ME UP INSIDE\n|-damage|p2b: WAKE ME UP INSIDE|0 fnt\n|faint|p2b: WAKE ME UP INSIDE\n|-end|p2b: WAKE ME UP INSIDE|Protosynthesis|[silent]\n|\n|t:|1703283984\n|switch|p1a: Pipple|Pawmot, F|281/281|[from] U-turn\n|move|p1b: Gipple|Dazzling Gleam|p2a: Heater Pan\n|-resisted|p2a: Heater Pan\n|-damage|p2a: Heater Pan|298/347\n|move|p2a: Heater Pan|Heat Wave|p1a: Pipple|[spread] p1a,p1b\n|debug|Spread modifier: 0.75\n|debug|Sunny Day fire boost\n|debug|Light Screen weaken\n|debug|Spread modifier: 0.75\n|debug|Sunny Day fire boost\n|debug|Light Screen weaken\n|-damage|p1a: Pipple|86/281\n|-damage|p1b: Gipple|0 fnt\n|debug|Covert Cloak prevent secondary\n|faint|p1b: Gipple\n|\n|-weather|SunnyDay|[upkeep]\n|upkeep\n|\n|t:|1703284013\n|switch|p2b: Mane H03|Flutter Mane|251/251\n|switch|p1b: Vipple|Iron Valiant|289/289\n|-activate|p2b: Mane H03|ability: Protosynthesis\n|-start|p2b: Mane H03|protosynthesisspe\n|turn|5\n|debug|Protosynthesis spe boost\n|debug|Protosynthesis spe boost\n|\n|t:|1703284047\n|debug|Protosynthesis spe boost\n|debug|Protosynthesis spe boost\n|move|p1b: Vipple|Wide Guard|p1b: Vipple\n|-singleturn|p1b: Vipple|Wide Guard\n|debug|Protosynthesis spe boost\n|debug|Protosynthesis spe boost\n|move|p2b: Mane H03|Dazzling Gleam|p1a: Pipple|[spread] \n|-activate|p1a: Pipple|move: Wide Guard\n|-activate|p1b: Vipple|move: Wide Guard\n|debug|Protosynthesis spe boost\n|move|p1a: Pipple|Close Combat|p2a: Heater Pan\n|-supereffective|p2a: Heater Pan\n|-damage|p2a: Heater Pan|0 fnt\n|-unboost|p1a: Pipple|def|1\n|-unboost|p1a: Pipple|spd|1\n|faint|p2a: Heater Pan\n|debug|Protosynthesis spe boost\n|\n|debug|Protosynthesis spe boost\n|-weather|SunnyDay|[upkeep]\n|-sideend|p1: Weedichu|move: Light Screen\n|upkeep\n|debug|Protosynthesis spe boost\n|\n|t:|1703284085\n|switch|p2a: Cream Tail|Scream Tail|371/371\n|-activate|p2a: Cream Tail|ability: Protosynthesis\n|-start|p2a: Cream Tail|protosynthesisspe\n|turn|6\n|l| Mister Moscow\n|j| Metagross 6000\n|l| Metagross 6000\n|debug|Protosynthesis spe boost\n|debug|Protosynthesis spe boost\n|debug|Protosynthesis spe boost\n|debug|Protosynthesis spe boost\n|\n|t:|1703284155\n|-end|p1b: Vipple|Quark Drive|[silent]\n|switch|p1b: Vipple|Victini|68/365\n|switch|p1a: Fipple|Ferrothorn, F|351/351\n|debug|Protosynthesis spe boost\n|debug|Protosynthesis spe boost\n|debug|Protosynthesis spe boost\n|debug|Protosynthesis spe boost\n|move|p2b: Mane H03|Calm Mind|p2b: Mane H03\n|-boost|p2b: Mane H03|spa|1\n|-boost|p2b: Mane H03|spd|1\n|debug|Protosynthesis spe boost\n|debug|Protosynthesis spe boost\n|debug|Protosynthesis spe boost\n|move|p2a: Cream Tail|Play Rough|p1a: Fipple|[miss]\n|-miss|p2a: Cream Tail|p1a: Fipple\n|\n|debug|Protosynthesis spe boost\n|debug|Protosynthesis spe boost\n|-weather|SunnyDay|[upkeep]\n|upkeep\n|turn|7\n|debug|Protosynthesis spe boost\n|debug|Protosynthesis spe boost\n|debug|Protosynthesis spe boost\n|debug|Protosynthesis spe boost\n|\n|t:|1703284218\n|debug|Protosynthesis spe boost\n|debug|Protosynthesis spe boost\n|debug|Protosynthesis spe boost\n|debug|Protosynthesis spe boost\n|move|p2b: Mane H03|Draining Kiss|p1b: Vipple\n|-resisted|p1b: Vipple\n|-damage|p1b: Vipple|29/365\n|debug|Protosynthesis spe boost\n|debug|Protosynthesis spe boost\n|debug|Protosynthesis spe boost\n|move|p2a: Cream Tail|Drain Punch|p1a: Fipple\n|-supereffective|p1a: Fipple\n|-damage|p1a: Fipple|271/351\n|-damage|p2a: Cream Tail|325/371|[from] ability: Iron Barbs|[of] p1a: Fipple\n|debug|Protosynthesis spe boost\n|debug|Protosynthesis spe boost\n|move|p1b: Vipple|Glaciate|p2a: Cream Tail|[spread] p2a,p2b\n|debug|Spread modifier: 0.75\n|debug|Spread modifier: 0.75\n|-damage|p2a: Cream Tail|283/371\n|-damage|p2b: Mane H03|229/251\n|-unboost|p2a: Cream Tail|spe|1\n|-unboost|p2b: Mane H03|spe|1\n|debug|Protosynthesis spe boost\n|debug|Protosynthesis spe boost\n|move|p1a: Fipple|Leech Seed|p2b: Mane H03\n|-start|p2b: Mane H03|move: Leech Seed\n|\n|debug|Protosynthesis spe boost\n|debug|Protosynthesis spe boost\n|-weather|SunnyDay|[upkeep]\n|-heal|p2a: Cream Tail|306/371|[from] item: Leftovers\n|-damage|p2b: Mane H03|198/251|[from] Leech Seed|[of] p1a: Fipple\n|-heal|p1a: Fipple|302/351|[silent]\n|upkeep\n|turn|8\n|debug|Protosynthesis spe boost\n|debug|Protosynthesis spe boost\n|debug|Protosynthesis spe boost\n|debug|Protosynthesis spe boost\n|\n|t:|1703284277\n|debug|Protosynthesis spe boost\n|debug|Protosynthesis spe boost\n|debug|Protosynthesis spe boost\n|debug|Protosynthesis spe boost\n|move|p2b: Mane H03|Dazzling Gleam|p1a: Fipple|[spread] p1a,p1b\n|debug|Spread modifier: 0.75\n|-resisted|p1a: Fipple\n|debug|Spread modifier: 0.75\n|-resisted|p1b: Vipple\n|-damage|p1a: Fipple|230/351\n|-damage|p1b: Vipple|0 fnt\n|faint|p1b: Vipple\n|debug|Protosynthesis spe boost\n|debug|Protosynthesis spe boost\n|debug|Protosynthesis spe boost\n|move|p2a: Cream Tail|Bulk Up|p2a: Cream Tail\n|-boost|p2a: Cream Tail|atk|1\n|-boost|p2a: Cream Tail|def|1\n|debug|Protosynthesis spe boost\n|debug|Protosynthesis spe boost\n|move|p1a: Fipple|Gyro Ball|p2a: Cream Tail\n|debug|Protosynthesis spe boost\n|debug|BP: 150\n|-supereffective|p2a: Cream Tail\n|-damage|p2a: Cream Tail|90/371\n|\n|debug|Protosynthesis spe boost\n|debug|Protosynthesis spe boost\n|-weather|none\n|-end|p2b: Mane H03|Protosynthesis\n|-end|p2a: Cream Tail|Protosynthesis\n|-heal|p2a: Cream Tail|113/371|[from] item: Leftovers\n|-damage|p2b: Mane H03|167/251|[from] Leech Seed|[of] p1a: Fipple\n|-heal|p1a: Fipple|261/351|[silent]\n|upkeep\n|\n|t:|1703284291\n|switch|p1b: Mipple|Meowscarada, F|293/293\n|turn|9\n|\n|t:|1703284315\n|move|p2a: Cream Tail|Protect|p2a: Cream Tail\n|-singleturn|p2a: Cream Tail|Protect\n|move|p1b: Mipple|Flower Trick|p2b: Mane H03\n|-start|p1b: Mipple|typechange|Grass|[from] ability: Protean\n|-crit|p2b: Mane H03\n|-damage|p2b: Mane H03|0 fnt\n|faint|p2b: Mane H03\n|-end|p2b: Mane H03|Protosynthesis|[silent]\n|-damage|p1b: Mipple|264/293|[from] item: Life Orb\n|move|p1a: Fipple|Gyro Ball|p2a: Cream Tail\n|-activate|p2a: Cream Tail|move: Protect\n|\n|-heal|p2a: Cream Tail|136/371|[from] item: Leftovers\n|upkeep\n|\n|t:|1703284329\n|switch|p2b: Yurtle The Turtle|Torkoal, F|335/335\n|-weather|SunnyDay|[from] ability: Drought|[of] p2b: Yurtle The Turtle\n|-activate|p2a: Cream Tail|ability: Protosynthesis\n|-start|p2a: Cream Tail|protosynthesisdef\n|turn|10\n|\n|t:|1703284384\n|move|p1b: Mipple|Flower Trick|p2b: Yurtle The Turtle\n|-resisted|p2b: Yurtle The Turtle\n|-crit|p2b: Yurtle The Turtle\n|-damage|p2b: Yurtle The Turtle|260/335\n|-damage|p1b: Mipple|235/293|[from] item: Life Orb\n|move|p2a: Cream Tail|Drain Punch|p1a: Fipple\n|-supereffective|p1a: Fipple\n|-damage|p1a: Fipple|139/351\n|-heal|p2a: Cream Tail|197/371|[from] drain|[of] p1a: Fipple\n|-damage|p2a: Cream Tail|151/371|[from] ability: Iron Barbs|[of] p1a: Fipple\n|move|p2b: Yurtle The Turtle|Heat Wave|p1a: Fipple|[spread] p1a,p1b\n|debug|Spread modifier: 0.75\n|debug|Sunny Day fire boost\n|-supereffective|p1a: Fipple\n|debug|Spread modifier: 0.75\n|debug|Sunny Day fire boost\n|-supereffective|p1b: Mipple\n|-damage|p1a: Fipple|0 fnt\n|-damage|p1b: Mipple|0 fnt\n|faint|p1a: Fipple\n|faint|p1b: Mipple\n|\n|-weather|SunnyDay|[upkeep]\n|-heal|p2a: Cream Tail|174/371|[from] item: Leftovers\n|upkeep\n|\n|t:|1703284398\n|switch|p1b: Pipple|Pawmot, F|86/281\n|switch|p1a: Vipple|Iron Valiant|289/289\n|turn|11\n|\n|t:|1703284429\n|move|p1b: Pipple|Fake Out|p2b: Yurtle The Turtle\n|-damage|p2b: Yurtle The Turtle|232/335\n|move|p1a: Vipple|Thunder Punch|p2a: Cream Tail\n|debug|Protosynthesis def boost\n|-damage|p2a: Cream Tail|110/371\n|move|p2a: Cream Tail|Play Rough|p1b: Pipple\n|-supereffective|p1b: Pipple\n|-damage|p1b: Pipple|0 fnt\n|faint|p1b: Pipple\n|cant|p2b: Yurtle The Turtle|flinch\n|\n|-weather|SunnyDay|[upkeep]\n|-heal|p2a: Cream Tail|133/371|[from] item: Leftovers\n|upkeep\n|turn|12\n|\n|t:|1703284462\n|move|p1a: Vipple|Thunder Punch|p2a: Cream Tail\n|debug|Protosynthesis def boost\n|-damage|p2a: Cream Tail|73/371\n|move|p2a: Cream Tail|Play Rough|p1a: Vipple\n|-supereffective|p1a: Vipple\n|-damage|p1a: Vipple|0 fnt\n|faint|p1a: Vipple\n|-end|p1a: Vipple|Quark Drive|[silent]\n|\n|win|smokeydabearrr\n|l|☆Weedichu\n","uploadtime":1703284474,"views":"25","formatid":"gen9doublescustomgame","rating":null,"private":0,"password":null}