{"id":"gen9doublescustomgame-2195480193","format":"[Gen 9] Doubles Custom Game","players":["mistermoscow","smokeydabearrr"],"log":"|j|☆mistermoscow\n|j|☆smokeydabearrr\n|t:|1725583131\n|gametype|doubles\n|player|p1|mistermoscow|alder|\n|player|p2|smokeydabearrr|2|\n|teamsize|p1|6\n|teamsize|p2|6\n|gen|9\n|tier|[Gen 9] Doubles Custom Game\n|clearpoke\n|poke|p1|Ninetales-Alola, F|\n|poke|p1|Incineroar, F|\n|poke|p1|Landorus, M|\n|poke|p1|Gholdengo|\n|poke|p1|Ogerpon-Wellspring, F|\n|poke|p1|Regieleki|\n|poke|p2|Charizard, F|\n|poke|p2|Blastoise, F|\n|poke|p2|Whimsicott, M|\n|poke|p2|Rillaboom, F|\n|poke|p2|Raging Bolt|\n|poke|p2|Walking Wake|\n|teampreview\n|j| Mattmandaman\n|\n|t:|1725583188\n|start\n|switch|p1a: Shock|Regieleki|302/302\n|switch|p1b: Zora|Ogerpon-Wellspring, F|351/351\n|switch|p2a: PSA 10 Shadowless|Charizard, F|297/297\n|switch|p2b: Scott Tennerman|Whimsicott, M|261/261\n|turn|1\n|\n|t:|1725583228\n|detailschange|p2a: PSA 10 Shadowless|Charizard-Mega-Y, F\n|-mega|p2a: PSA 10 Shadowless|Charizard|Charizardite Y\n|-weather|SunnyDay|[from] ability: Drought|[of] p2a: PSA 10 Shadowless\n|-terastallize|p1b: Zora|Water\n|detailschange|p1b: Zora|Ogerpon-Wellspring-Tera, F, tera:Water\n|-ability|p1b: Zora|Embody Aspect (Wellspring)|boost\n|-boost|p1b: Zora|spd|1\n|move|p2a: PSA 10 Shadowless|Protect|p2a: PSA 10 Shadowless\n|-singleturn|p2a: PSA 10 Shadowless|Protect\n|move|p2b: Scott Tennerman|Tailwind|p2b: Scott Tennerman\n|-sidestart|p2: smokeydabearrr|move: Tailwind\n|move|p1a: Shock|Volt Switch|p2a: PSA 10 Shadowless\n|-activate|p2a: PSA 10 Shadowless|move: Protect\n|move|p1b: Zora|Ivy Cudgel|p2a: PSA 10 Shadowless|[anim] Ivy Cudgel Water\n|-activate|p2a: PSA 10 Shadowless|move: Protect\n|\n|-weather|SunnyDay|[upkeep]\n|upkeep\n|turn|2\n|j| Mango Meloetta\n|\n|t:|1725583344\n|switch|p2a: Raging B0ner|Raging Bolt|454/454\n|-activate|p2a: Raging B0ner|ability: Protosynthesis\n|-start|p2a: Raging B0ner|protosynthesisspa\n|move|p2b: Scott Tennerman|Dazzling Gleam|p1a: Shock|[spread] p1a,p1b\n|debug|Spread modifier: 0.75\n|debug|Spread modifier: 0.75\n|-damage|p1a: Shock|155/302\n|-damage|p1b: Zora|297/351\n|move|p1a: Shock|Volt Switch|p2a: Raging B0ner\n|debug|Transistor boost\n|-resisted|p2a: Raging B0ner\n|-damage|p2a: Raging B0ner|430/454\n|\n|t:|1725583354\n|switch|p1a: Cindy|Incineroar, F|394/394|[from] Volt Switch\n|-ability|p1a: Cindy|Intimidate|boost\n|-unboost|p2a: Raging B0ner|atk|1\n|-unboost|p2b: Scott Tennerman|atk|1\n|move|p1b: Zora|Ivy Cudgel|p2a: Raging B0ner|[anim] Ivy Cudgel Water\n|debug|Sunny Day water suppress\n|-resisted|p2a: Raging B0ner\n|-damage|p2a: Raging B0ner|372/454\n|\n|-weather|SunnyDay|[upkeep]\n|upkeep\n|turn|3\n|\n|t:|1725583381\n|switch|p1b: Princess Buttercup|Ninetales-Alola, F|350/350\n|-weather|Snow|[from] ability: Snow Warning|[of] p1b: Princess Buttercup\n|-end|p2a: Raging B0ner|Protosynthesis\n|move|p1a: Cindy|Fake Out|p2a: Raging B0ner\n|-damage|p2a: Raging B0ner|334/454\n|move|p2b: Scott Tennerman|Dazzling Gleam|p1b: Princess Buttercup|[spread] p1a,p1b\n|debug|Spread modifier: 0.75\n|debug|Spread modifier: 0.75\n|-damage|p1a: Cindy|321/394\n|-damage|p1b: Princess Buttercup|265/350\n|cant|p2a: Raging B0ner|flinch\n|\n|-weather|Snow|[upkeep]\n|upkeep\n|turn|4\n|\n|t:|1725583414\n|switch|p2b: Yurtle the Turtle?|Blastoise, F|362/362\n|move|p2a: Raging B0ner|Electroweb|p1a: Cindy|[spread] p1a,p1b\n|debug|Spread modifier: 0.75\n|debug|Spread modifier: 0.75\n|-damage|p1a: Cindy|252/394\n|-damage|p1b: Princess Buttercup|181/350\n|-unboost|p1a: Cindy|spe|1\n|-unboost|p1b: Princess Buttercup|spe|1\n|move|p1b: Princess Buttercup|Icy Wind|p2a: Raging B0ner|[spread] p2a,p2b\n|debug|Spread modifier: 0.75\n|-supereffective|p2a: Raging B0ner\n|debug|Spread modifier: 0.75\n|-resisted|p2b: Yurtle the Turtle?\n|-damage|p2a: Raging B0ner|278/454\n|-damage|p2b: Yurtle the Turtle?|343/362\n|-unboost|p2a: Raging B0ner|spe|1\n|-unboost|p2b: Yurtle the Turtle?|spe|1\n|move|p1a: Cindy|Knock Off|p2a: Raging B0ner\n|-damage|p2a: Raging B0ner|155/454\n|-enditem|p2a: Raging B0ner|Assault Vest|[from] move: Knock Off|[of] p1a: Cindy\n|\n|-weather|Snow|[upkeep]\n|-heal|p2b: Yurtle the Turtle?|362/362|[from] item: Leftovers\n|-sideend|p2: smokeydabearrr|move: Tailwind\n|upkeep\n|turn|5\n|\n|t:|1725583468\n|switch|p1b: God|Landorus, M|319/319\n|switch|p1a: Shock|Regieleki|155/302\n|move|p2b: Yurtle the Turtle?|Fake Out|p1b: God\n|-damage|p1b: God|291/319\n|move|p2a: Raging B0ner|Electroweb|p1b: God|[spread] p1a\n|-immune|p1b: God\n|debug|Spread modifier: 0.75\n|-resisted|p1a: Shock\n|-damage|p1a: Shock|92/302\n|-unboost|p1a: Shock|spe|1\n|\n|-weather|Snow|[upkeep]\n|upkeep\n|turn|6\n|\n|t:|1725583506\n|-terastallize|p2b: Yurtle the Turtle?|Ghost\n|move|p2b: Yurtle the Turtle?|Follow Me|p2b: Yurtle the Turtle?\n|-singleturn|p2b: Yurtle the Turtle?|move: Follow Me\n|move|p1a: Shock|Volt Switch|p2b: Yurtle the Turtle?\n|debug|Follow Me redirected target of move\n|debug|Transistor boost\n|-damage|p2b: Yurtle the Turtle?|238/362\n|\n|t:|1725583516\n|switch|p1a: Cindy|Incineroar, F|252/394|[from] Volt Switch\n|-ability|p1a: Cindy|Intimidate|boost\n|-unboost|p2a: Raging B0ner|atk|1\n|-unboost|p2b: Yurtle the Turtle?|atk|1\n|move|p1b: God|Substitute|p1b: God\n|-start|p1b: God|Substitute\n|-damage|p1b: God|212/319\n|move|p2a: Raging B0ner|Draco Meteor|p1b: God\n|-end|p1b: God|Substitute\n|-unboost|p2a: Raging B0ner|spa|2\n|\n|-weather|Snow|[upkeep]\n|-heal|p2b: Yurtle the Turtle?|260/362|[from] item: Leftovers\n|upkeep\n|turn|7\n|\n|t:|1725583560\n|-end|p2a: Raging B0ner|Protosynthesis|[silent]\n|switch|p2a: PSA 10 Shadowless|Charizard-Mega-Y, F|297/297\n|-weather|SunnyDay|[from] ability: Drought|[of] p2a: PSA 10 Shadowless\n|move|p2b: Yurtle the Turtle?|Follow Me|p2b: Yurtle the Turtle?\n|-singleturn|p2b: Yurtle the Turtle?|move: Follow Me\n|move|p1b: God|Sludge Bomb|p2b: Yurtle the Turtle?\n|debug|Follow Me redirected target of move\n|-resisted|p2b: Yurtle the Turtle?\n|-crit|p2b: Yurtle the Turtle?\n|-damage|p2b: Yurtle the Turtle?|133/362\n|move|p1a: Cindy|Knock Off|p2b: Yurtle the Turtle?\n|debug|Follow Me redirected target of move\n|-supereffective|p2b: Yurtle the Turtle?\n|-damage|p2b: Yurtle the Turtle?|0 fnt\n|-enditem|p2b: Yurtle the Turtle?|Leftovers|[from] move: Knock Off|[of] p1a: Cindy\n|faint|p2b: Yurtle the Turtle?\n|\n|-weather|SunnyDay|[upkeep]\n|upkeep\n|\n|t:|1725583595\n|switch|p2b: Scott Tennerman|Whimsicott, M|261/261\n|turn|8\n|\n|t:|1725583624\n|switch|p1a: Princess Buttercup|Ninetales-Alola, F|181/350\n|-weather|Snow|[from] ability: Snow Warning|[of] p1a: Princess Buttercup\n|move|p2a: PSA 10 Shadowless|Protect|p2a: PSA 10 Shadowless\n|-singleturn|p2a: PSA 10 Shadowless|Protect\n|move|p2b: Scott Tennerman|Tailwind|p2b: Scott Tennerman\n|-sidestart|p2: smokeydabearrr|move: Tailwind\n|move|p1b: God|Sludge Bomb|p2b: Scott Tennerman\n|-supereffective|p2b: Scott Tennerman\n|-enditem|p2b: Scott Tennerman|Focus Sash\n|-damage|p2b: Scott Tennerman|1/261\n|\n|-weather|Snow|[upkeep]\n|upkeep\n|turn|9\n|\n|t:|1725583670\n|switch|p2a: Boom Burger|Rillaboom, F|404/404\n|-fieldstart|move: Grassy Terrain|[from] ability: Grassy Surge|[of] p2a: Boom Burger\n|switch|p1a: Cindy|Incineroar, F|252/394\n|-ability|p1a: Cindy|Intimidate|boost\n|-unboost|p2a: Boom Burger|atk|1\n|-unboost|p2b: Scott Tennerman|atk|1\n|move|p1b: God|Protect|p1b: God\n|-singleturn|p1b: God|Protect\n|move|p2b: Scott Tennerman|Taunt|p1a: Cindy\n|debug|natural prankster immunity\n|-hint|Since gen 7, Dark is immune to Prankster moves.\n|-immune|p1a: Cindy\n|\n|-weather|Snow|[upkeep]\n|-heal|p2b: Scott Tennerman|17/261|[from] Grassy Terrain\n|debug|Pokemon semi-invuln or not grounded; Grassy Terrain skipped\n|-heal|p1a: Cindy|276/394|[from] Grassy Terrain\n|upkeep\n|turn|10\n|\n|t:|1725583718\n|move|p1a: Cindy|Fake Out|p2b: Scott Tennerman\n|-damage|p2b: Scott Tennerman|0 fnt\n|debug|move failed because it did nothing\n|faint|p2b: Scott Tennerman\n|move|p2a: Boom Burger|Grassy Glide|p1b: God\n|debug|grassy terrain boost\n|-damage|p1b: God|74/319\n|move|p1b: God|Sludge Bomb|p2a: Boom Burger\n|-supereffective|p2a: Boom Burger\n|-damage|p2a: Boom Burger|0 fnt\n|faint|p2a: Boom Burger\n|\n|-weather|Snow|[upkeep]\n|debug|Pokemon semi-invuln or not grounded; Grassy Terrain skipped\n|-heal|p1a: Cindy|300/394|[from] Grassy Terrain\n|upkeep\n|\n|t:|1725583735\n|switch|p2b: Raging B0ner|Raging Bolt|155/454\n|switch|p2a: PSA 10 Shadowless|Charizard-Mega-Y, F|297/297\n|-weather|SunnyDay|[from] ability: Drought|[of] p2a: PSA 10 Shadowless\n|-activate|p2b: Raging B0ner|ability: Protosynthesis\n|-start|p2b: Raging B0ner|protosynthesisspa\n|turn|11\n|\n|t:|1725583813\n|move|p1b: God|Protect|p1b: God\n|-singleturn|p1b: God|Protect\n|move|p2a: PSA 10 Shadowless|Dragon Pulse|p1b: God\n|-activate|p1b: God|move: Protect\n|move|p2b: Raging B0ner|Electroweb|p1a: Cindy|[spread] p1a\n|-activate|p1b: God|move: Protect\n|debug|Protosynthesis spa boost\n|debug|Spread modifier: 0.75\n|-damage|p1a: Cindy|216/394\n|-unboost|p1a: Cindy|spe|1\n|move|p1a: Cindy|Parting Shot|p2a: PSA 10 Shadowless\n|-unboost|p2a: PSA 10 Shadowless|atk|1\n|-unboost|p2a: PSA 10 Shadowless|spa|1\n|\n|t:|1725583824\n|switch|p1a: Princess Buttercup|Ninetales-Alola, F|181/350|[from] Parting Shot\n|-weather|Snow|[from] ability: Snow Warning|[of] p1a: Princess Buttercup\n|-end|p2b: Raging B0ner|Protosynthesis\n|\n|-weather|Snow|[upkeep]\n|debug|Pokemon semi-invuln or not grounded; Grassy Terrain skipped\n|-heal|p2b: Raging B0ner|183/454|[from] Grassy Terrain\n|-heal|p1a: Princess Buttercup|202/350|[from] Grassy Terrain\n|debug|Pokemon semi-invuln or not grounded; Grassy Terrain skipped\n|-sideend|p2: smokeydabearrr|move: Tailwind\n|upkeep\n|turn|12\n|\n|t:|1725583856\n|switch|p2a: WAKE ME UP INSIDE|Walking Wake|339/339\n|move|p1a: Princess Buttercup|Aurora Veil|p1a: Princess Buttercup\n|-sidestart|p1: mistermoscow|move: Aurora Veil\n|move|p1b: God|Earth Power|p2b: Raging B0ner\n|-supereffective|p2b: Raging B0ner\n|-damage|p2b: Raging B0ner|0 fnt\n|faint|p2b: Raging B0ner\n|-end|p2b: Raging B0ner|Protosynthesis|[silent]\n|\n|-weather|Snow|[upkeep]\n|-heal|p1a: Princess Buttercup|223/350|[from] Grassy Terrain\n|debug|Pokemon semi-invuln or not grounded; Grassy Terrain skipped\n|upkeep\n|\n|t:|1725583869\n|switch|p2b: PSA 10 Shadowless|Charizard-Mega-Y, F|297/297\n|-weather|SunnyDay|[from] ability: Drought|[of] p2b: PSA 10 Shadowless\n|-activate|p2a: WAKE ME UP INSIDE|ability: Protosynthesis\n|-start|p2a: WAKE ME UP INSIDE|protosynthesisspa\n|turn|13\n|\n|t:|1725583930\n|switch|p1a: Zora|Ogerpon-Wellspring-Tera, F, tera:Water|297/351\n|-ability|p1a: Zora|Embody Aspect (Wellspring)|boost\n|-boost|p1a: Zora|spd|1\n|switch|p1b: Cindy|Incineroar, F|216/394\n|-ability|p1b: Cindy|Intimidate|boost\n|-unboost|p2a: WAKE ME UP INSIDE|atk|1\n|-unboost|p2b: PSA 10 Shadowless|atk|1\n|move|p2a: WAKE ME UP INSIDE|Hydro Steam|p1a: Zora\n|debug|Protosynthesis spa boost\n|debug|Sunny Day Hydro Steam boost\n|-resisted|p1a: Zora\n|debug|Aurora Veil weaken\n|-damage|p1a: Zora|216/351\n|-damage|p2a: WAKE ME UP INSIDE|306/339|[from] item: Life Orb\n|move|p2b: PSA 10 Shadowless|Heat Wave|p1b: Cindy|[spread] p1a,p1b\n|debug|Spread modifier: 0.75\n|debug|Sunny Day fire boost\n|-resisted|p1a: Zora\n|debug|Aurora Veil weaken\n|debug|Spread modifier: 0.75\n|debug|Sunny Day fire boost\n|-resisted|p1b: Cindy\n|debug|Aurora Veil weaken\n|-damage|p1a: Zora|169/351\n|-damage|p1b: Cindy|151/394\n|-enditem|p1b: Cindy|Sitrus Berry|[eat]\n|-heal|p1b: Cindy|249/394|[from] item: Sitrus Berry\n|\n|-weather|SunnyDay|[upkeep]\n|-heal|p2a: WAKE ME UP INSIDE|327/339|[from] Grassy Terrain\n|-heal|p1a: Zora|190/351|[from] Grassy Terrain\n|debug|Pokemon semi-invuln or not grounded; Grassy Terrain skipped\n|-heal|p1b: Cindy|273/394|[from] Grassy Terrain\n|-fieldend|move: Grassy Terrain\n|upkeep\n|turn|14\n|\n|t:|1725583984\n|switch|p1b: Princess Buttercup|Ninetales-Alola, F|223/350\n|-weather|Snow|[from] ability: Snow Warning|[of] p1b: Princess Buttercup\n|-end|p2a: WAKE ME UP INSIDE|Protosynthesis\n|move|p2a: WAKE ME UP INSIDE|Protect|p2a: WAKE ME UP INSIDE\n|-singleturn|p2a: WAKE ME UP INSIDE|Protect\n|move|p1a: Zora|Horn Leech|p2a: WAKE ME UP INSIDE\n|-activate|p2a: WAKE ME UP INSIDE|move: Protect\n|move|p2b: PSA 10 Shadowless|Heat Wave|p1b: Princess Buttercup|[spread] p1a,p1b\n|debug|Spread modifier: 0.75\n|-resisted|p1a: Zora\n|debug|Aurora Veil weaken\n|debug|Spread modifier: 0.75\n|-supereffective|p1b: Princess Buttercup\n|debug|Aurora Veil weaken\n|-damage|p1a: Zora|155/351\n|-damage|p1b: Princess Buttercup|26/350\n|\n|-weather|Snow|[upkeep]\n|upkeep\n|turn|15\n|\n|t:|1725584010\n|move|p1b: Princess Buttercup|Icy Wind|p2b: PSA 10 Shadowless|[spread] p2a,p2b\n|debug|Spread modifier: 0.75\n|debug|Spread modifier: 0.75\n|-damage|p2a: WAKE ME UP INSIDE|282/339\n|-damage|p2b: PSA 10 Shadowless|257/297\n|-unboost|p2a: WAKE ME UP INSIDE|spe|1\n|-unboost|p2b: PSA 10 Shadowless|spe|1\n|move|p1a: Zora|Ivy Cudgel|p2b: PSA 10 Shadowless|[anim] Ivy Cudgel Water\n|-supereffective|p2b: PSA 10 Shadowless\n|-damage|p2b: PSA 10 Shadowless|0 fnt\n|faint|p2b: PSA 10 Shadowless\n|move|p2a: WAKE ME UP INSIDE|Hydro Steam|p1a: Zora\n|-resisted|p1a: Zora\n|debug|Aurora Veil weaken\n|-damage|p1a: Zora|114/351\n|-damage|p2a: WAKE ME UP INSIDE|249/339|[from] item: Life Orb\n|\n|-weather|Snow|[upkeep]\n|upkeep\n|turn|16\n|\n|t:|1725584046\n|switch|p1b: Cindy|Incineroar, F|273/394\n|-ability|p1b: Cindy|Intimidate|boost\n|-unboost|p2a: WAKE ME UP INSIDE|atk|1\n|move|p1a: Zora|Horn Leech|p2a: WAKE ME UP INSIDE\n|-damage|p2a: WAKE ME UP INSIDE|98/339\n|-heal|p1a: Zora|190/351|[from] drain|[of] p2a: WAKE ME UP INSIDE\n|move|p2a: WAKE ME UP INSIDE|Draco Meteor|p1a: Zora\n|debug|Aurora Veil weaken\n|-damage|p1a: Zora|47/351\n|-unboost|p2a: WAKE ME UP INSIDE|spa|2\n|-damage|p2a: WAKE ME UP INSIDE|65/339|[from] item: Life Orb\n|\n|-weather|Snow|[upkeep]\n|upkeep\n|turn|17\n|\n|t:|1725584070\n|move|p1b: Cindy|Fake Out|p2a: WAKE ME UP INSIDE\n|-damage|p2a: WAKE ME UP INSIDE|23/339\n|move|p1a: Zora|Horn Leech|p2a: WAKE ME UP INSIDE\n|-crit|p2a: WAKE ME UP INSIDE\n|-damage|p2a: WAKE ME UP INSIDE|0 fnt\n|-heal|p1a: Zora|59/351|[from] drain|[of] p2a: WAKE ME UP INSIDE\n|faint|p2a: WAKE ME UP INSIDE\n|-end|p2a: WAKE ME UP INSIDE|Protosynthesis|[silent]\n|\n|win|mistermoscow\n|c|☆smokeydabearrr|gg\n|c|☆mistermoscow|gg\n","uploadtime":1725584079,"views":"25","formatid":"gen9doublescustomgame","rating":null,"private":0,"password":null}