{"id":"gen9doublescustomgame-2288279608","format":"[Gen 9] Doubles Custom Game","players":["mistermoscow","Mango Meloetta"],"log":"|j|☆mistermoscow\n|j|☆Mango Meloetta\n|t:|1737855848\n|gametype|doubles\n|player|p1|mistermoscow|alder|\n|player|p2|Mango Meloetta|li|\n|teamsize|p1|6\n|teamsize|p2|6\n|gen|9\n|tier|[Gen 9] Doubles Custom Game\n|clearpoke\n|poke|p1|Flareon, M|\n|poke|p1|Gengar, M|\n|poke|p1|Victreebel, M|\n|poke|p1|Jolteon, M|\n|poke|p1|Dragonite, M|\n|poke|p1|Fearow, M|\n|poke|p2|Kabuto, M|\n|poke|p2|Golduck, F|\n|poke|p2|Parasect, M|\n|poke|p2|Cloyster, M|\n|poke|p2|Snorlax, F|\n|poke|p2|Muk, F|\n|teampreview\n|c|☆Mango Meloetta|sorry for the delay\n|c|☆mistermoscow|official?\n|c|☆Mango Meloetta|yea official\n|c|☆mistermoscow|all good\n|c|☆mistermoscow|yeee\n|\n|t:|1737855913\n|start\n|switch|p1a: Gang Gang|Gengar, M|262/262\n|switch|p1b: Sparky|Jolteon, M|271/271\n|switch|p2a: Duck|Golduck, F|301/301\n|switch|p2b: Turtle|Kabuto, M|247/247\n|turn|1\n|\n|t:|1737855956\n|switch|p2a: Gunk|Muk, F|414/414\n|move|p1b: Sparky|Electroweb|p2a: Gunk|[spread] p2a,p2b\n|debug|Spread modifier: 0.75\n|debug|Spread modifier: 0.75\n|-supereffective|p2b: Turtle\n|-damage|p2a: Gunk|347/414\n|-damage|p2b: Turtle|97/247\n|-unboost|p2a: Gunk|spe|1\n|-unboost|p2b: Turtle|spe|1\n|move|p1a: Gang Gang|Sunny Day|p1a: Gang Gang\n|-weather|SunnyDay\n|move|p2b: Turtle|Stealth Rock|p1b: Sparky\n|-sidestart|p1: mistermoscow|move: Stealth Rock\n|\n|-weather|SunnyDay|[upkeep]\n|-heal|p2a: Gunk|372/414|[from] item: Black Sludge\n|upkeep\n|turn|2\n|\n|t:|1737855985\n|move|p2b: Turtle|Protect|p2b: Turtle\n|-singleturn|p2b: Turtle|Protect\n|move|p1b: Sparky|Electroweb|p2b: Turtle|[spread] p2a\n|-activate|p2b: Turtle|move: Protect\n|debug|Spread modifier: 0.75\n|-damage|p2a: Gunk|305/414\n|-unboost|p2a: Gunk|spe|1\n|move|p1a: Gang Gang|Psychic|p2a: Gunk\n|-supereffective|p2a: Gunk\n|-damage|p2a: Gunk|85/414\n|move|p2a: Gunk|Toxic Spikes|p1a: Gang Gang\n|-sidestart|p1: mistermoscow|move: Toxic Spikes\n|\n|-weather|SunnyDay|[upkeep]\n|-heal|p2a: Gunk|110/414|[from] item: Black Sludge\n|upkeep\n|turn|3\n|\n|t:|1737856024\n|switch|p2a: Panda|Snorlax, F|524/524\n|move|p1a: Gang Gang|Protect|p1a: Gang Gang\n|-singleturn|p1a: Gang Gang|Protect\n|move|p1b: Sparky|Electroweb|p2b: Turtle|[spread] p2a,p2b\n|debug|Spread modifier: 0.75\n|debug|Spread modifier: 0.75\n|-supereffective|p2b: Turtle\n|-damage|p2a: Panda|469/524\n|-damage|p2b: Turtle|0 fnt\n|-unboost|p2a: Panda|spe|1\n|faint|p2b: Turtle\n|\n|-weather|SunnyDay|[upkeep]\n|upkeep\n|\n|t:|1737856032\n|switch|p2b: Duck|Golduck, F|301/301\n|turn|4\n|\n|t:|1737856056\n|switch|p1a: Victor|Victreebel, M|333/333\n|-damage|p1a: Victor|292/333|[from] Stealth Rock\n|-sideend|p1: mistermoscow|move: Toxic Spikes|[of] p1a: Victor\n|move|p1b: Sparky|Electroweb|p2b: Duck|[spread] p2a,p2b\n|debug|Spread modifier: 0.75\n|debug|Spread modifier: 0.75\n|-supereffective|p2b: Duck\n|-damage|p2a: Panda|414/524\n|-damage|p2b: Duck|145/301\n|-unboost|p2a: Panda|spe|1\n|-unboost|p2b: Duck|spe|1\n|move|p2b: Duck|Rain Dance|p2b: Duck\n|-weather|RainDance\n|move|p2a: Panda|Body Slam|p1b: Sparky\n|-damage|p1b: Sparky|40/271\n|debug|Covert Cloak prevent secondary\n|\n|-weather|RainDance|[upkeep]\n|-heal|p1a: Victor|312/333|[from] item: Black Sludge\n|upkeep\n|turn|5\n|\n|t:|1737856081\n|switch|p2b: Gunk|Muk, F|110/414\n|switch|p2a: Mushroom|Parasect, M|324/324\n|move|p1b: Sparky|Sunny Day|p1b: Sparky\n|-weather|SunnyDay\n|move|p1a: Victor|Solar Beam||[still]\n|-prepare|p1a: Victor|Solar Beam\n|-anim|p1a: Victor|Solar Beam|p2a: Mushroom\n|-resisted|p2a: Mushroom\n|-damage|p2a: Mushroom|278/324\n|\n|-weather|SunnyDay|[upkeep]\n|-damage|p2a: Mushroom|238/324|[from] ability: Dry Skin|[of] p2a: Mushroom\n|-heal|p1a: Victor|332/333|[from] item: Black Sludge\n|-heal|p2b: Gunk|135/414|[from] item: Black Sludge\n|-heal|p2a: Mushroom|258/324|[from] item: Leftovers\n|upkeep\n|turn|6\n|\n|t:|1737856105\n|move|p1a: Victor|Sludge Bomb|p2a: Mushroom\n|-supereffective|p2a: Mushroom\n|-damage|p2a: Mushroom|10/324\n|debug|BP: 100\n|move|p1b: Sparky|Weather Ball|p2b: Gunk\n|debug|Sunny Day fire boost\n|-damage|p2b: Gunk|0 fnt\n|faint|p2b: Gunk\n|move|p2a: Mushroom|Spore|p1b: Sparky\n|-status|p1b: Sparky|slp|[from] move: Spore\n|\n|-weather|SunnyDay|[upkeep]\n|-damage|p2a: Mushroom|0 fnt|[from] ability: Dry Skin|[of] p2a: Mushroom\n|faint|p2a: Mushroom\n|-heal|p1a: Victor|333/333|[from] item: Black Sludge\n|upkeep\n|\n|t:|1737856119\n|switch|p2b: Oyster|Cloyster, M|241/241\n|switch|p2a: Duck|Golduck, F|145/301\n|turn|7\n|\n|t:|1737856131\n|move|p1a: Victor|Solar Beam||[still]\n|-prepare|p1a: Victor|Solar Beam\n|-anim|p1a: Victor|Solar Beam|p2a: Duck\n|-supereffective|p2a: Duck\n|-damage|p2a: Duck|0 fnt\n|faint|p2a: Duck\n|cant|p1b: Sparky|slp\n|move|p2b: Oyster|Shell Smash|p2b: Oyster\n|-unboost|p2b: Oyster|def|1\n|-unboost|p2b: Oyster|spd|1\n|-boost|p2b: Oyster|atk|2\n|-boost|p2b: Oyster|spa|2\n|-boost|p2b: Oyster|spe|2\n|\n|-weather|SunnyDay|[upkeep]\n|upkeep\n|\n|t:|1737856137\n|switch|p2a: Panda|Snorlax, F|414/524\n|turn|8\n|\n|t:|1737856182\n|move|p1a: Victor|Protect|p1a: Victor\n|-singleturn|p1a: Victor|Protect\n|move|p2b: Oyster|Icicle Spear|p1a: Victor\n|-activate|p1a: Victor|move: Protect\n|cant|p1b: Sparky|slp\n|move|p2a: Panda|Belly Drum|p2a: Panda\n|-damage|p2a: Panda|152/524\n|-setboost|p2a: Panda|atk|6|[from] move: Belly Drum\n|-enditem|p2a: Panda|Aguav Berry|[eat]\n|-heal|p2a: Panda|326/524|[from] item: Aguav Berry\n|\n|-weather|SunnyDay|[upkeep]\n|upkeep\n|turn|9\n|\n|t:|1737856220\n|switch|p1a: Gang Gang|Gengar, M|262/262\n|-damage|p1a: Gang Gang|230/262|[from] Stealth Rock\n|cant|p1b: Sparky|slp\n|move|p2b: Oyster|Icicle Spear|p1b: Sparky\n|-damage|p1b: Sparky|0 fnt\n|faint|p1b: Sparky\n|-hitcount|p1: Sparky|1\n|move|p2a: Panda|Ice Punch|p1a: Gang Gang\n|-damage|p1a: Gang Gang|0 fnt\n|-start|p2a: Panda|Disable|Ice Punch|[from] ability: Cursed Body|[of] p1a: Gang Gang\n|faint|p1a: Gang Gang\n|\n|-weather|none\n|upkeep\n|\n|t:|1737856253\n|switch|p1b: Bernie|Flareon, M|271/271\n|switch|p1a: Big Bird|Fearow, M|334/334\n|-damage|p1a: Big Bird|251/334|[from] Stealth Rock\n|-damage|p1b: Bernie|204/271|[from] Stealth Rock\n|turn|10\n|\n|t:|1737856295\n|move|p1a: Big Bird|Protect|p1a: Big Bird\n|-singleturn|p1a: Big Bird|Protect\n|move|p2b: Oyster|Icicle Spear|p1a: Big Bird\n|-activate|p1a: Big Bird|move: Protect\n|move|p1b: Bernie|Flare Blitz|p2b: Oyster\n|-damage|p2b: Oyster|28/241\n|-damage|p1b: Bernie|134/271|[from] Recoil\n|move|p2a: Panda|Body Slam|p1b: Bernie\n|-damage|p1b: Bernie|0 fnt\n|faint|p1b: Bernie\n|\n|upkeep\n|\n|t:|1737856307\n|switch|p1b: Puff Daddy|Dragonite, M|386/386\n|-damage|p1b: Puff Daddy|290/386|[from] Stealth Rock\n|turn|11\n|\n|t:|1737856332\n|move|p1b: Puff Daddy|Extreme Speed|p2b: Oyster\n|-damage|p2b: Oyster|0 fnt\n|faint|p2b: Oyster\n|-damage|p1b: Puff Daddy|252/386|[from] item: Life Orb\n|move|p1a: Big Bird|Sunny Day|p1a: Big Bird\n|-weather|SunnyDay\n|move|p2a: Panda|Body Slam|p1a: Big Bird\n|-damage|p1a: Big Bird|0 fnt\n|debug|move failed because it did nothing\n|faint|p1a: Big Bird\n|\n|-weather|SunnyDay|[upkeep]\n|upkeep\n|\n|t:|1737856345\n|switch|p1a: Victor|Victreebel, M|333/333\n|-damage|p1a: Victor|292/333|[from] Stealth Rock\n|turn|12\n|\n|t:|1737856355\n|move|p1a: Victor|Solar Beam||[still]\n|-prepare|p1a: Victor|Solar Beam\n|-anim|p1a: Victor|Solar Beam|p2a: Panda\n|-damage|p2a: Panda|148/524\n|move|p1b: Puff Daddy|Dragon Dance|p1b: Puff Daddy\n|-boost|p1b: Puff Daddy|atk|1\n|-boost|p1b: Puff Daddy|spe|1\n|move|p2a: Panda|Body Slam|p1b: Puff Daddy\n|-damage|p1b: Puff Daddy|0 fnt\n|debug|move failed because it did nothing\n|faint|p1b: Puff Daddy\n|\n|-weather|SunnyDay|[upkeep]\n|-heal|p1a: Victor|312/333|[from] item: Black Sludge\n|-end|p2a: Panda|Disable\n|upkeep\n|turn|13\n|c|☆Mango Meloetta|ah damn gg\n|\n|t:|1737856375\n|move|p1a: Victor|Solar Beam||[still]\n|-prepare|p1a: Victor|Solar Beam\n|-anim|p1a: Victor|Solar Beam|p2a: Panda\n|-damage|p2a: Panda|0 fnt\n|faint|p2a: Panda\n|\n|win|mistermoscow\n|c|☆mistermoscow|gg\n|c|☆Mango Meloetta|well played haha\n|c|☆mistermoscow|close one\n|c|☆Mango Meloetta|one more?\n|c|☆mistermoscow|sure\n|c|☆mistermoscow|gonna switch to a different team\n","uploadtime":1737856389,"views":"27","formatid":"gen9doublescustomgame","rating":null,"private":0,"password":null}