{"id":"gen9doublescustomgame-2284169491","format":"[Gen 9] Doubles Custom Game","players":["mistermoscow","Mattmandaman"],"log":"|j|☆mistermoscow\n|j|☆Mattmandaman\n|t:|1737314065\n|gametype|doubles\n|player|p1|mistermoscow|alder|\n|player|p2|Mattmandaman|giovanni|\n|teamsize|p1|6\n|teamsize|p2|6\n|gen|9\n|tier|[Gen 9] Doubles Custom Game\n|clearpoke\n|poke|p1|Victreebel, M|\n|poke|p1|Dewgong, M|\n|poke|p1|Gengar, M|\n|poke|p1|Jolteon, F|\n|poke|p1|Flareon, F|\n|poke|p1|Dragonite, M|\n|poke|p2|Cloyster, F|\n|poke|p2|Gengar, F|\n|poke|p2|Nidoqueen, F|\n|poke|p2|Nidoking, M|\n|poke|p2|Pikachu, F|\n|poke|p2|Machamp, F|\n|teampreview\n|\n|t:|1737314153\n|start\n|switch|p1a: Dewey|Dewgong, M|384/384\n|switch|p1b: Puff Daddy|Dragonite, M|355/355\n|switch|p2a: Nidoqueen|Nidoqueen, F|384/384\n|switch|p2b: Pikachu|Pikachu, F|211/211\n|turn|1\n|\n|t:|1737314199\n|switch|p2b: Cloyster|Cloyster, F|242/242\n|move|p1a: Dewey|Fake Out|p2a: Nidoqueen\n|-damage|p2a: Nidoqueen|357/384\n|move|p1b: Puff Daddy|Dragon Dance|p1b: Puff Daddy\n|-boost|p1b: Puff Daddy|atk|1\n|-boost|p1b: Puff Daddy|spe|1\n|cant|p2a: Nidoqueen|flinch\n|\n|-heal|p2a: Nidoqueen|381/384|[from] item: Black Sludge\n|upkeep\n|turn|2\n|\n|t:|1737314263\n|move|p2b: Cloyster|Icicle Spear|p1b: Puff Daddy\n|-supereffective|p1b: Puff Daddy\n|-damage|p1b: Puff Daddy|211/355\n|-supereffective|p1b: Puff Daddy\n|-damage|p1b: Puff Daddy|55/355\n|-supereffective|p1b: Puff Daddy\n|-damage|p1b: Puff Daddy|0 fnt\n|faint|p1b: Puff Daddy\n|-hitcount|p1: Puff Daddy|3\n|move|p2a: Nidoqueen|Stealth Rock|p1a: Dewey\n|-sidestart|p1: mistermoscow|move: Stealth Rock\n|move|p1a: Dewey|Flip Turn|p2a: Nidoqueen\n|-supereffective|p2a: Nidoqueen\n|-damage|p2a: Nidoqueen|277/384\n|-status|p1a: Dewey|psn|[from] ability: Poison Point|[of] p2a: Nidoqueen\n|\n|t:|1737314309\n|switch|p1a: Franny|Flareon, F|334/334|[from] Flip Turn\n|\n|-heal|p2a: Nidoqueen|301/384|[from] item: Black Sludge\n|upkeep\n|\n|t:|1737314342\n|switch|p1b: Dewey|Dewgong, M|384/384 psn\n|-damage|p1b: Dewey|288/384 psn|[from] Stealth Rock\n|turn|3\n|\n|t:|1737314361\n|move|p1b: Dewey|Fake Out|p2a: Nidoqueen\n|-damage|p2a: Nidoqueen|277/384\n|move|p2b: Cloyster|Icicle Spear|p1a: Franny\n|-resisted|p1a: Franny\n|-damage|p1a: Franny|316/334\n|-resisted|p1a: Franny\n|-damage|p1a: Franny|296/334\n|-resisted|p1a: Franny\n|-damage|p1a: Franny|278/334\n|-resisted|p1a: Franny\n|-damage|p1a: Franny|259/334\n|-resisted|p1a: Franny\n|-damage|p1a: Franny|239/334\n|-hitcount|p1a: Franny|5\n|cant|p2a: Nidoqueen|flinch\n|move|p1a: Franny|Flare Blitz|p2b: Cloyster\n|-damage|p2b: Cloyster|128/242\n|-damage|p1a: Franny|201/334|[from] Recoil\n|\n|-heal|p2a: Nidoqueen|301/384|[from] item: Black Sludge\n|-damage|p1b: Dewey|240/384 psn|[from] psn\n|upkeep\n|turn|4\n|\n|t:|1737314398\n|move|p1b: Dewey|Helping Hand|p1a: Franny\n|-singleturn|p1a: Franny|Helping Hand|[of] p1b: Dewey\n|move|p2b: Cloyster|Icicle Spear|p1a: Franny\n|-resisted|p1a: Franny\n|-damage|p1a: Franny|183/334\n|-resisted|p1a: Franny\n|-damage|p1a: Franny|162/334\n|-resisted|p1a: Franny\n|-damage|p1a: Franny|142/334\n|-resisted|p1a: Franny\n|-damage|p1a: Franny|121/334\n|-resisted|p1a: Franny\n|-damage|p1a: Franny|100/334\n|-hitcount|p1a: Franny|5\n|move|p2a: Nidoqueen|High Horsepower|p1a: Franny\n|-supereffective|p1a: Franny\n|-damage|p1a: Franny|0 fnt\n|faint|p1a: Franny\n|\n|-heal|p2a: Nidoqueen|325/384|[from] item: Black Sludge\n|-damage|p1b: Dewey|192/384 psn|[from] psn\n|upkeep\n|\n|t:|1737314420\n|switch|p1a: Gang Gang|Gengar, M|261/261\n|-damage|p1a: Gang Gang|229/261|[from] Stealth Rock\n|turn|5\n|\n|t:|1737314428\n|move|p2b: Cloyster|Icicle Spear|p1a: Gang Gang\n|-damage|p1a: Gang Gang|168/261\n|-start|p2b: Cloyster|Disable|Icicle Spear|[from] ability: Cursed Body|[of] p1a: Gang Gang\n|-damage|p1a: Gang Gang|113/261\n|-damage|p1a: Gang Gang|55/261\n|-damage|p1a: Gang Gang|0 fnt\n|faint|p1a: Gang Gang\n|-hitcount|p1: Gang Gang|4\n|move|p2a: Nidoqueen|High Horsepower|p1b: Dewey\n|-damage|p1b: Dewey|86/384 psn\n|move|p1b: Dewey|Icy Wind|p2a: Nidoqueen|[spread] p2a,p2b\n|debug|Spread modifier: 0.75\n|-supereffective|p2a: Nidoqueen\n|debug|Spread modifier: 0.75\n|-resisted|p2b: Cloyster\n|-damage|p2a: Nidoqueen|265/384\n|-damage|p2b: Cloyster|111/242\n|-unboost|p2a: Nidoqueen|spe|1\n|-unboost|p2b: Cloyster|spe|1\n|\n|-heal|p2a: Nidoqueen|289/384|[from] item: Black Sludge\n|-damage|p1b: Dewey|38/384 psn|[from] psn\n|upkeep\n|\n|t:|1737314451\n|switch|p1a: Josie|Jolteon, F|272/272\n|-damage|p1a: Josie|238/272|[from] Stealth Rock\n|turn|6\n|\n|t:|1737314467\n|switch|p2b: Pikachu|Pikachu, F|211/211\n|move|p1b: Dewey|Helping Hand|p1a: Josie\n|-singleturn|p1a: Josie|Helping Hand|[of] p1b: Dewey\n|move|p1a: Josie|Shadow Ball|p2a: Nidoqueen\n|debug|Boosting from Helping Hand: 1.5\n|-damage|p2a: Nidoqueen|146/384\n|-unboost|p2a: Nidoqueen|spd|1\n|-damage|p1a: Josie|211/272|[from] item: Life Orb\n|move|p2a: Nidoqueen|High Horsepower|p1a: Josie\n|-supereffective|p1a: Josie\n|-crit|p1a: Josie\n|-damage|p1a: Josie|0 fnt\n|faint|p1a: Josie\n|\n|-heal|p2a: Nidoqueen|170/384|[from] item: Black Sludge\n|-damage|p1b: Dewey|0 fnt|[from] psn\n|faint|p1b: Dewey\n|upkeep\n|\n|t:|1737314484\n|switch|p1b: Victor|Victreebel, M|333/333\n|-damage|p1b: Victor|292/333|[from] Stealth Rock\n|turn|7\n|\n|t:|1737314490\n|move|p2b: Pikachu|Fake Out|p1b: Victor\n|-damage|p1b: Victor|221/333\n|cant|p1b: Victor|flinch\n|move|p2a: Nidoqueen|High Horsepower|p1b: Victor\n|-damage|p1b: Victor|82/333\n|\n|-heal|p1b: Victor|102/333|[from] item: Black Sludge\n|-heal|p2a: Nidoqueen|194/384|[from] item: Black Sludge\n|upkeep\n|turn|8\n|\n|t:|1737314502\n|move|p1b: Victor|Sucker Punch|p2b: Pikachu\n|-damage|p2b: Pikachu|38/211\n|move|p2b: Pikachu|Volt Tackle|p1b: Victor\n|-resisted|p1b: Victor\n|-damage|p1b: Victor|0 fnt\n|faint|p1b: Victor\n|-damage|p2b: Pikachu|4/211|[from] Recoil\n|\n|win|Mattmandaman\n|c|☆mistermoscow|gg\n|c|☆Mattmandaman|gg\n|c|☆mistermoscow|another official?\n","uploadtime":1737314518,"views":"16","formatid":"gen9doublescustomgame","rating":null,"private":0,"password":null}