{"id":"gen9doublescustomgame-2437298414","format":"[Gen 9] Doubles Custom Game","players":["je64","mistermoscow"],"log":"|j|☆je64\n|j|☆mistermoscow\n|t:|1757299179\n|gametype|doubles\n|player|p1|je64|265|\n|player|p2|mistermoscow|alder|\n|gen|9\n|tier|[Gen 9] Doubles Custom Game\n|clearpoke\n|poke|p1|Dugtrio|\n|poke|p1|Gengar|\n|poke|p1|Raichu|\n|poke|p1|Dewgong|\n|poke|p1|Dodrio|\n|poke|p1|Gyarados|\n|poke|p2|Nidoking, M|\n|poke|p2|Primeape, M|\n|poke|p2|Dewgong, M|\n|poke|p2|Mr. Mime, M|\n|poke|p2|Jolteon, M|\n|poke|p2|Dragonite|\n|teampreview\n|\n|t:|1757299341\n|teamsize|p1|6\n|teamsize|p2|6\n|start\n|switch|p1a: Raichu|Raichu|261/261\n|switch|p1b: Le Chupacabra|Dodrio|262/262\n|switch|p2a: Apollo|Primeape, M|271/271\n|switch|p2b: Puff Daddy|Dragonite|324/324\n|turn|1\n|\n|t:|1757299372\n|move|p1b: Le Chupacabra|Brave Bird|p2a: Apollo\n|-supereffective|p2a: Apollo\n|-damage|p2a: Apollo|0 fnt\n|faint|p2a: Apollo\n|-damage|p1b: Le Chupacabra|173/262|[from] Recoil\n|move|p1a: Raichu|Nuzzle|p2b: Puff Daddy\n|debug|Multiscale weaken\n|-damage|p2b: Puff Daddy|315/324\n|debug|Covert Cloak prevent secondary\n|move|p2b: Puff Daddy|Thunder Punch|p1a: Raichu\n|-activate|p1a: Raichu|ability: Lightning Rod\n|-ability|p1a: Raichu|Lightning Rod|boost\n|-boost|p1a: Raichu|spa|1\n|\n|upkeep\n|\n|t:|1757299397\n|switch|p2a: King Nido|Nidoking, M|304/304\n|turn|2\n|\n|t:|1757299425\n|switch|p1a: Dewgongeroar|Dewgong|384/384\n|move|p2a: King Nido|Earth Power|p1a: Dewgongeroar\n|-damage|p1a: Dewgongeroar|210/384\n|move|p1b: Le Chupacabra|Tailwind|p1b: Le Chupacabra\n|-sidestart|p1: je64|move: Tailwind\n|move|p2b: Puff Daddy|Tailwind|p2b: Puff Daddy\n|-sidestart|p2: mistermoscow|move: Tailwind\n|\n|upkeep\n|turn|3\n|\n|t:|1757299453\n|switch|p2a: Dewey|Dewgong, M|384/384\n|move|p1b: Le Chupacabra|Brave Bird|p2a: Dewey\n|-damage|p2a: Dewey|143/384\n|-damage|p1b: Le Chupacabra|130/262|[from] item: Rocky Helmet|[of] p2a: Dewey\n|-damage|p1b: Le Chupacabra|50/262|[from] Recoil\n|move|p2b: Puff Daddy|Thunder Punch|p1b: Le Chupacabra\n|-supereffective|p1b: Le Chupacabra\n|-damage|p1b: Le Chupacabra|0 fnt\n|debug|Covert Cloak prevent secondary\n|faint|p1b: Le Chupacabra\n|move|p1a: Dewgongeroar|Triple Axel|p2b: Puff Daddy\n|-supereffective|p2b: Puff Daddy\n|-damage|p2b: Puff Daddy|207/324\n|-supereffective|p2b: Puff Daddy\n|-damage|p2b: Puff Daddy|0 fnt\n|faint|p2b: Puff Daddy\n|-hitcount|p2: Puff Daddy|2\n|\n|upkeep\n|\n|t:|1757299482\n|switch|p1b: Raichu|Raichu|261/261\n|switch|p2b: King Nido|Nidoking, M|304/304\n|turn|4\n|\n|t:|1757299513\n|move|p1b: Raichu|Fake Out|p2b: King Nido\n|-damage|p2b: King Nido|270/304\n|move|p2a: Dewey|Fake Out|p1b: Raichu\n|-damage|p1b: Raichu|218/261\n|cant|p2b: King Nido|flinch\n|move|p1a: Dewgongeroar|Triple Axel|p2b: King Nido\n|-supereffective|p2b: King Nido\n|-damage|p2b: King Nido|198/304\n|-supereffective|p2b: King Nido\n|-damage|p2b: King Nido|58/304\n|-supereffective|p2b: King Nido\n|-damage|p2b: King Nido|0 fnt\n|faint|p2b: King Nido\n|-hitcount|p2: King Nido|3\n|\n|upkeep\n|\n|t:|1757299526\n|switch|p2b: Mimsy|Mr. Mime, M|284/284\n|turn|5\n|\n|t:|1757299543\n|move|p2b: Mimsy|Follow Me|p2b: Mimsy\n|-singleturn|p2b: Mimsy|move: Follow Me\n|move|p1b: Raichu|Thunderbolt|p2b: Mimsy\n|debug|Follow Me redirected target of move\n|-damage|p2b: Mimsy|185/284\n|move|p2a: Dewey|Knock Off|p1b: Raichu\n|-damage|p1b: Raichu|127/261\n|-enditem|p1b: Raichu|Assault Vest|[from] move: Knock Off|[of] p2a: Dewey\n|move|p1a: Dewgongeroar|Knock Off|p2b: Mimsy\n|debug|Follow Me redirected target of move\n|-damage|p2b: Mimsy|106/284\n|-enditem|p2b: Mimsy|Light Clay|[from] move: Knock Off|[of] p1a: Dewgongeroar\n|\n|-sideend|p2: mistermoscow|move: Tailwind\n|-sideend|p1: je64|move: Tailwind\n|upkeep\n|turn|6\n|\n|t:|1757299584\n|move|p1b: Raichu|Volt Switch|p2a: Dewey\n|-supereffective|p2a: Dewey\n|-damage|p2a: Dewey|0 fnt\n|faint|p2a: Dewey\n|\n|t:|1757299595\n|switch|p1b: Stranger|Gengar|262/262|[from] Volt Switch\n|move|p2b: Mimsy|Reflect|p2b: Mimsy\n|-sidestart|p2: mistermoscow|Reflect\n|move|p1a: Dewgongeroar|Flip Turn|p2b: Mimsy\n|debug|Reflect weaken\n|-damage|p2b: Mimsy|58/284\n|\n|t:|1757299601\n|switch|p1a: Shai-Hulud|Dugtrio|212/212|[from] Flip Turn\n|\n|upkeep\n|\n|t:|1757299605\n|switch|p2a: Sparky|Jolteon, M|271/271\n|turn|7\n|\n|t:|1757299638\n|move|p1b: Stranger|Sludge Bomb|p2a: Sparky\n|-damage|p2a: Sparky|90/271\n|move|p1a: Shai-Hulud|High Horsepower|p2a: Sparky\n|-supereffective|p2a: Sparky\n|debug|Reflect weaken\n|-damage|p2a: Sparky|0 fnt\n|faint|p2a: Sparky\n|move|p2b: Mimsy|Mystical Fire|p1a: Shai-Hulud\n|-crit|p1a: Shai-Hulud\n|-damage|p1a: Shai-Hulud|96/212\n|-unboost|p1a: Shai-Hulud|spa|1\n|\n|upkeep\n|turn|8\n|\n|t:|1757299653\n|move|p2b: Mimsy|Follow Me|p2b: Mimsy\n|-singleturn|p2b: Mimsy|move: Follow Me\n|move|p1a: Shai-Hulud|Sucker Punch||[still]\n|debug|Follow Me redirected target of move\n|-fail|p1a: Shai-Hulud\n|move|p1b: Stranger|Sludge Bomb|p2b: Mimsy\n|debug|Follow Me redirected target of move\n|-supereffective|p2b: Mimsy\n|debug|Filter neutralize\n|-damage|p2b: Mimsy|0 fnt\n|debug|move failed because it did nothing\n|faint|p2b: Mimsy\n|\n|win|je64\n","uploadtime":1757299661,"views":"12","formatid":"gen9doublescustomgame","rating":null,"private":0,"password":null}