{"id":"gen9doublescustomgame-2127173797","format":"[Gen 9] Doubles Custom Game","players":["mistermoscow","smokeydabearrr"],"log":"|j|☆mistermoscow\n|j|☆smokeydabearrr\n|t:|1716257230\n|gametype|doubles\n|player|p1|mistermoscow|alder|\n|player|p2|smokeydabearrr|2|\n|teamsize|p1|6\n|teamsize|p2|6\n|gen|9\n|tier|[Gen 9] Doubles Custom Game\n|clearpoke\n|poke|p1|Ninetales-Alola, F|\n|poke|p1|Tapu Koko|\n|poke|p1|Iron Bundle|\n|poke|p1|Landorus, M|\n|poke|p1|Incineroar, F|\n|poke|p1|Gholdengo|\n|poke|p2|Cresselia, F|\n|poke|p2|Dudunsparce-*, F|\n|poke|p2|Rillaboom, F|\n|poke|p2|Raging Bolt|\n|poke|p2|Charizard, F|\n|poke|p2|Darkrai|\n|teampreview\n|j| je64\n|\n|t:|1716257308\n|start\n|switch|p1a: Static|Tapu Koko|344/344\n|switch|p1b: Iron Bunduru|Iron Bundle|253/253\n|switch|p2a: STILL not a drag|Charizard, F|298/298\n|switch|p2b: GRASS MONKEY|Rillaboom, F|404/404\n|-fieldstart|move: Electric Terrain|[from] ability: Electric Surge|[of] p1a: Static\n|-activate|p1b: Iron Bunduru|ability: Quark Drive\n|-start|p1b: Iron Bunduru|quarkdrivespe\n|-fieldstart|move: Grassy Terrain|[from] ability: Grassy Surge|[of] p2b: GRASS MONKEY\n|-end|p1b: Iron Bunduru|Quark Drive\n|turn|1\n|j| Mango Meloetta\n|\n|t:|1716257399\n|detailschange|p2a: STILL not a drag|Charizard-Mega-Y, F\n|-mega|p2a: STILL not a drag|Charizard|Charizardite Y\n|-weather|SunnyDay|[from] ability: Drought|[of] p2a: STILL not a drag\n|-terastallize|p1a: Static|Ghost\n|move|p2a: STILL not a drag|Protect|p2a: STILL not a drag\n|-singleturn|p2a: STILL not a drag|Protect\n|move|p2b: GRASS MONKEY|Grassy Glide|p1b: Iron Bunduru\n|debug|grassy terrain boost\n|-supereffective|p1b: Iron Bunduru\n|-damage|p1b: Iron Bunduru|0 fnt\n|faint|p1b: Iron Bunduru\n|-end|p1b: Iron Bunduru|Quark Drive|[silent]\n|move|p1a: Static|Volt Switch|p2a: STILL not a drag\n|-activate|p2a: STILL not a drag|move: Protect\n|\n|-weather|SunnyDay|[upkeep]\n|debug|Pokemon semi-invuln or not grounded; Grassy Terrain skipped\n|upkeep\n|\n|t:|1716257414\n|switch|p1b: Princess Buttercup|Ninetales-Alola, F|350/350\n|-weather|Snow|[from] ability: Snow Warning|[of] p1b: Princess Buttercup\n|turn|2\n|\n|t:|1716257442\n|switch|p1a: God|Landorus, M|319/319\n|switch|p2a: Raging B0ner|Raging Bolt|454/454\n|move|p2b: GRASS MONKEY|Grassy Glide|p1b: Princess Buttercup\n|debug|grassy terrain boost\n|-damage|p1b: Princess Buttercup|227/350\n|move|p1b: Princess Buttercup|Aurora Veil|p1b: Princess Buttercup\n|-sidestart|p1: mistermoscow|move: Aurora Veil\n|\n|-weather|Snow|[upkeep]\n|-heal|p1b: Princess Buttercup|248/350|[from] Grassy Terrain\n|debug|Pokemon semi-invuln or not grounded; Grassy Terrain skipped\n|upkeep\n|turn|3\n|\n|t:|1716257484\n|-end|p2a: Raging B0ner|Protosynthesis|[silent]\n|switch|p2a: vajayjayyy|Cresselia, F|444/444\n|move|p2b: GRASS MONKEY|Grassy Glide|p1b: Princess Buttercup\n|debug|grassy terrain boost\n|debug|Aurora Veil weaken\n|-damage|p1b: Princess Buttercup|173/350\n|move|p1b: Princess Buttercup|Icy Wind|p2b: GRASS MONKEY|[spread] p2a,p2b\n|debug|Spread modifier: 0.75\n|debug|Spread modifier: 0.75\n|-supereffective|p2b: GRASS MONKEY\n|-damage|p2a: vajayjayyy|413/444\n|-damage|p2b: GRASS MONKEY|330/404\n|-unboost|p2a: vajayjayyy|spe|1\n|-unboost|p2b: GRASS MONKEY|spe|1\n|move|p1a: God|Nasty Plot|p1a: God\n|-boost|p1a: God|spa|2\n|\n|-weather|Snow|[upkeep]\n|-heal|p1b: Princess Buttercup|194/350|[from] Grassy Terrain\n|debug|Pokemon semi-invuln or not grounded; Grassy Terrain skipped\n|-heal|p2b: GRASS MONKEY|355/404|[from] Grassy Terrain\n|debug|Pokemon semi-invuln or not grounded; Grassy Terrain skipped\n|upkeep\n|turn|4\n|\n|t:|1716257542\n|switch|p1b: Goldi|Gholdengo|378/378\n|move|p2b: GRASS MONKEY|Grassy Glide|p1a: God\n|debug|grassy terrain boost\n|debug|Aurora Veil weaken\n|-damage|p1a: God|230/319\n|move|p1a: God|Sludge Bomb|p2b: GRASS MONKEY\n|-supereffective|p2b: GRASS MONKEY\n|-damage|p2b: GRASS MONKEY|0 fnt\n|faint|p2b: GRASS MONKEY\n|move|p2a: vajayjayyy|Trick Room|p2a: vajayjayyy\n|-fieldstart|move: Trick Room|[of] p2a: vajayjayyy\n|\n|-weather|Snow|[upkeep]\n|debug|Pokemon semi-invuln or not grounded; Grassy Terrain skipped\n|debug|Pokemon semi-invuln or not grounded; Grassy Terrain skipped\n|upkeep\n|\n|t:|1716257554\n|switch|p2b: Dun Dun DUNNN|Dudunsparce-Three-Segment, F|454/454\n|turn|5\n|\n|t:|1716257574\n|move|p2a: vajayjayyy|Helping Hand|p2b: Dun Dun DUNNN\n|-singleturn|p2b: Dun Dun DUNNN|Helping Hand|[of] p2a: vajayjayyy\n|debug|doubling secondary chance\n|move|p2b: Dun Dun DUNNN|Rock Slide|p1a: God|[spread] p1a,p1b\n|debug|Boosting from Helping Hand: 1.5\n|debug|Spread modifier: 0.75\n|debug|Aurora Veil weaken\n|debug|Boosting from Helping Hand: 1.5\n|debug|Spread modifier: 0.75\n|-resisted|p1b: Goldi\n|debug|Aurora Veil weaken\n|-damage|p1a: God|169/319\n|-damage|p1b: Goldi|345/378\n|cant|p1b: Goldi|flinch\n|cant|p1a: God|flinch\n|\n|-weather|Snow|[upkeep]\n|debug|Pokemon semi-invuln or not grounded; Grassy Terrain skipped\n|-heal|p1b: Goldi|368/378|[from] Grassy Terrain\n|-heal|p1b: Goldi|378/378|[from] item: Leftovers\n|debug|Pokemon semi-invuln or not grounded; Grassy Terrain skipped\n|-fieldend|move: Grassy Terrain\n|upkeep\n|turn|6\n|\n|t:|1716257617\n|move|p2a: vajayjayyy|Helping Hand|p2b: Dun Dun DUNNN\n|-singleturn|p2b: Dun Dun DUNNN|Helping Hand|[of] p2a: vajayjayyy\n|debug|doubling secondary chance\n|move|p2b: Dun Dun DUNNN|Rock Slide|p1b: Goldi|[spread] p1a,p1b\n|debug|Boosting from Helping Hand: 1.5\n|debug|Spread modifier: 0.75\n|debug|Aurora Veil weaken\n|debug|Boosting from Helping Hand: 1.5\n|debug|Spread modifier: 0.75\n|-resisted|p1b: Goldi\n|debug|Aurora Veil weaken\n|-damage|p1a: God|108/319\n|-damage|p1b: Goldi|349/378\n|cant|p1b: Goldi|flinch\n|cant|p1a: God|flinch\n|\n|-weather|none\n|-heal|p1b: Goldi|372/378|[from] item: Leftovers\n|upkeep\n|turn|7\n|\n|t:|1716257648\n|move|p2a: vajayjayyy|Helping Hand|p2b: Dun Dun DUNNN\n|-singleturn|p2b: Dun Dun DUNNN|Helping Hand|[of] p2a: vajayjayyy\n|debug|doubling secondary chance\n|move|p2b: Dun Dun DUNNN|Poison Jab|p1a: God\n|debug|Boosting from Helping Hand: 1.5\n|-resisted|p1a: God\n|debug|Aurora Veil weaken\n|-damage|p1a: God|65/319\n|-status|p1a: God|psn\n|move|p1b: Goldi|Nasty Plot|p1b: Goldi\n|-boost|p1b: Goldi|spa|2\n|move|p1a: God|Earth Power|p2b: Dun Dun DUNNN\n|-crit|p2b: Dun Dun DUNNN\n|-damage|p2b: Dun Dun DUNNN|0 fnt\n|faint|p2b: Dun Dun DUNNN\n|\n|-heal|p1b: Goldi|378/378|[from] item: Leftovers\n|-damage|p1a: God|26/319 psn|[from] psn\n|upkeep\n|\n|t:|1716257681\n|switch|p2b: STILL not a drag|Charizard-Mega-Y, F|298/298\n|-weather|SunnyDay|[from] ability: Drought|[of] p2b: STILL not a drag\n|turn|8\n|\n|t:|1716257774\n|move|p2b: STILL not a drag|Protect|p2b: STILL not a drag\n|-singleturn|p2b: STILL not a drag|Protect\n|move|p2a: vajayjayyy|Lunar Blessing|p2a: vajayjayyy|[spread] p2a,p2b\n|-heal|p2a: vajayjayyy|444/444\n|move|p1b: Goldi|Shadow Ball|p2b: STILL not a drag\n|-activate|p2b: STILL not a drag|move: Protect\n|move|p1a: God|Sludge Bomb|p2b: STILL not a drag\n|-activate|p2b: STILL not a drag|move: Protect\n|\n|-weather|SunnyDay|[upkeep]\n|-damage|p1a: God|0 fnt|[from] psn\n|faint|p1a: God\n|-fieldend|move: Trick Room\n|upkeep\n|\n|t:|1716257794\n|switch|p1a: Princess Buttercup|Ninetales-Alola, F|194/350\n|-weather|Snow|[from] ability: Snow Warning|[of] p1a: Princess Buttercup\n|turn|9\n|\n|t:|1716257810\n|move|p2a: vajayjayyy|Helping Hand|p2b: STILL not a drag\n|-singleturn|p2b: STILL not a drag|Helping Hand|[of] p2a: vajayjayyy\n|move|p1a: Princess Buttercup|Icy Wind|p2a: vajayjayyy|[spread] p2a,p2b\n|debug|Spread modifier: 0.75\n|debug|Spread modifier: 0.75\n|-damage|p2a: vajayjayyy|416/444\n|-damage|p2b: STILL not a drag|261/298\n|-unboost|p2a: vajayjayyy|spe|1\n|-unboost|p2b: STILL not a drag|spe|1\n|move|p2b: STILL not a drag|Heat Wave|p1b: Goldi|[spread] p1a,p1b\n|debug|Boosting from Helping Hand: 1.5\n|debug|Spread modifier: 0.75\n|-supereffective|p1a: Princess Buttercup\n|debug|Aurora Veil weaken\n|debug|Boosting from Helping Hand: 1.5\n|debug|Spread modifier: 0.75\n|-supereffective|p1b: Goldi\n|debug|Aurora Veil weaken\n|-damage|p1a: Princess Buttercup|0 fnt\n|-damage|p1b: Goldi|57/378\n|faint|p1a: Princess Buttercup\n|move|p1b: Goldi|Shadow Ball|p2b: STILL not a drag\n|-damage|p2b: STILL not a drag|0 fnt\n|faint|p2b: STILL not a drag\n|\n|-weather|Snow|[upkeep]\n|-heal|p1b: Goldi|80/378|[from] item: Leftovers\n|-sideend|p1: mistermoscow|move: Aurora Veil\n|upkeep\n|\n|t:|1716257838\n|switch|p1a: Cindy|Incineroar, F|363/363\n|switch|p2b: Dark Cries|Darkrai|281/281\n|-ability|p1a: Cindy|Intimidate|boost\n|-unboost|p2a: vajayjayyy|atk|1\n|-unboost|p2b: Dark Cries|atk|1\n|turn|10\n|\n|t:|1716257866\n|move|p2b: Dark Cries|Protect|p2b: Dark Cries\n|-singleturn|p2b: Dark Cries|Protect\n|move|p1a: Cindy|Fake Out|p2b: Dark Cries\n|-activate|p2b: Dark Cries|move: Protect\n|move|p1b: Goldi|Dazzling Gleam|p2b: Dark Cries|[spread] p2a\n|-activate|p2b: Dark Cries|move: Protect\n|debug|Spread modifier: 0.75\n|-crit|p2a: vajayjayyy\n|-damage|p2a: vajayjayyy|250/444\n|move|p2a: vajayjayyy|Lunar Blessing|p2a: vajayjayyy|[spread] p2a,p2b\n|-heal|p2a: vajayjayyy|361/444\n|\n|-weather|Snow|[upkeep]\n|-heal|p1b: Goldi|103/378|[from] item: Leftovers\n|upkeep\n|turn|11\n|\n|t:|1716257953\n|switch|p1a: Static|Tapu Koko, tera:Ghost|344/344\n|-fieldstart|move: Electric Terrain|[from] ability: Electric Surge|[of] p1a: Static\n|move|p2a: vajayjayyy|Helping Hand|p2b: Dark Cries\n|-singleturn|p2b: Dark Cries|Helping Hand|[of] p2a: vajayjayyy\n|move|p2b: Dark Cries|Sludge Bomb|p1a: Static\n|debug|Boosting from Helping Hand: 1.5\n|-resisted|p1a: Static\n|-damage|p1a: Static|249/344\n|move|p1b: Goldi|Dazzling Gleam|p2b: Dark Cries|[spread] p2a,p2b\n|debug|Spread modifier: 0.75\n|debug|Spread modifier: 0.75\n|-supereffective|p2b: Dark Cries\n|-damage|p2a: vajayjayyy|250/444\n|-damage|p2b: Dark Cries|0 fnt\n|faint|p2b: Dark Cries\n|\n|-weather|Snow|[upkeep]\n|-heal|p1b: Goldi|126/378|[from] item: Leftovers\n|upkeep\n|\n|t:|1716257967\n|switch|p2b: Raging B0ner|Raging Bolt|454/454\n|turn|12\n|\n|t:|1716258008\n|switch|p1a: Cindy|Incineroar, F|363/363\n|-ability|p1a: Cindy|Intimidate|boost\n|-unboost|p2a: vajayjayyy|atk|1\n|-unboost|p2b: Raging B0ner|atk|1\n|move|p2a: vajayjayyy|Helping Hand|p2b: Raging B0ner\n|-singleturn|p2b: Raging B0ner|Helping Hand|[of] p2a: vajayjayyy\n|move|p2b: Raging B0ner|Thunderclap||[still]\n|-fail|p2b: Raging B0ner\n|move|p1b: Goldi|Nasty Plot|p1b: Goldi\n|-boost|p1b: Goldi|spa|2\n|\n|-weather|Snow|[upkeep]\n|-heal|p1b: Goldi|149/378|[from] item: Leftovers\n|upkeep\n|turn|13\n|\n|t:|1716258063\n|-terastallize|p2b: Raging B0ner|Electric\n|move|p1a: Cindy|Fake Out|p2b: Raging B0ner\n|-damage|p2b: Raging B0ner|399/454\n|cant|p2b: Raging B0ner|flinch\n|move|p1b: Goldi|Dazzling Gleam|p2b: Raging B0ner|[spread] p2a,p2b\n|debug|Spread modifier: 0.75\n|debug|Spread modifier: 0.75\n|-damage|p2a: vajayjayyy|77/444\n|-damage|p2b: Raging B0ner|153/454\n|move|p2a: vajayjayyy|Lunar Blessing|p2a: vajayjayyy|[spread] p2a,p2b\n|-heal|p2a: vajayjayyy|188/444\n|-heal|p2b: Raging B0ner|266/454\n|\n|-weather|none\n|-heal|p1b: Goldi|172/378|[from] item: Leftovers\n|upkeep\n|turn|14\n|\n|t:|1716258091\n|move|p2b: Raging B0ner|Thunderclap||[still]\n|-fail|p2b: Raging B0ner\n|move|p1b: Goldi|Nasty Plot|p1b: Goldi\n|-boost|p1b: Goldi|spa|2\n|move|p1a: Cindy|Parting Shot|p2b: Raging B0ner\n|-unboost|p2b: Raging B0ner|atk|1\n|-unboost|p2b: Raging B0ner|spa|1\n|\n|t:|1716258098\n|switch|p1a: Static|Tapu Koko, tera:Ghost|249/344|[from] Parting Shot\n|move|p2a: vajayjayyy|Lunar Blessing|p2a: vajayjayyy|[spread] p2a,p2b\n|-heal|p2a: vajayjayyy|299/444\n|-heal|p2b: Raging B0ner|379/454\n|\n|-heal|p1b: Goldi|195/378|[from] item: Leftovers\n|upkeep\n|turn|15\n|\n|t:|1716258127\n|move|p2a: vajayjayyy|Helping Hand|p2b: Raging B0ner\n|-singleturn|p2b: Raging B0ner|Helping Hand|[of] p2a: vajayjayyy\n|move|p2b: Raging B0ner|Thunderclap|p1b: Goldi\n|debug|Boosting from Helping Hand: 1.5\n|debug|electric terrain boost\n|-damage|p1b: Goldi|0 fnt\n|faint|p1b: Goldi\n|-damage|p2b: Raging B0ner|334/454|[from] item: Life Orb\n|move|p1a: Static|Volt Switch|p2a: vajayjayyy\n|debug|electric terrain boost\n|-damage|p2a: vajayjayyy|227/444\n|\n|t:|1716258136\n|switch|p1a: Cindy|Incineroar, F|363/363|[from] Volt Switch\n|-ability|p1a: Cindy|Intimidate|boost\n|-unboost|p2a: vajayjayyy|atk|1\n|-unboost|p2b: Raging B0ner|atk|1\n|\n|-fieldend|move: Electric Terrain\n|upkeep\n|\n|t:|1716258141\n|switch|p1b: Static|Tapu Koko, tera:Ghost|249/344\n|-fieldstart|move: Electric Terrain|[from] ability: Electric Surge|[of] p1b: Static\n|turn|16\n|\n|t:|1716258158\n|move|p1b: Static|Nature's Madness|p2a: vajayjayyy\n|-damage|p2a: vajayjayyy|114/444\n|move|p1a: Cindy|Parting Shot|p2b: Raging B0ner\n|-unboost|p2b: Raging B0ner|atk|1\n|-unboost|p2b: Raging B0ner|spa|1\n|move|p2b: Raging B0ner|Electroweb|p1a: Cindy|[spread] p1a,p1b\n|debug|electric terrain boost\n|debug|Spread modifier: 0.75\n|debug|electric terrain boost\n|debug|Spread modifier: 0.75\n|-damage|p1a: Cindy|267/363\n|-damage|p1b: Static|124/344\n|-unboost|p1a: Cindy|spe|1\n|-unboost|p1b: Static|spe|1\n|-damage|p2b: Raging B0ner|289/454|[from] item: Life Orb\n|move|p2a: vajayjayyy|Lunar Blessing|p2a: vajayjayyy|[spread] p2a,p2b\n|-heal|p2a: vajayjayyy|225/444\n|-heal|p2b: Raging B0ner|402/454\n|\n|upkeep\n|turn|17\n|\n|t:|1716258207\n|move|p1b: Static|Nature's Madness|p2b: Raging B0ner\n|-damage|p2b: Raging B0ner|201/454\n|move|p2b: Raging B0ner|Electroweb|p1b: Static|[spread] p1a,p1b\n|debug|electric terrain boost\n|debug|Spread modifier: 0.75\n|debug|electric terrain boost\n|debug|Spread modifier: 0.75\n|-damage|p1a: Cindy|155/363\n|-damage|p1b: Static|7/344\n|-unboost|p1a: Cindy|spe|1\n|-unboost|p1b: Static|spe|1\n|-damage|p2b: Raging B0ner|156/454|[from] item: Life Orb\n|move|p2a: vajayjayyy|Lunar Blessing|p2a: vajayjayyy|[spread] p2a,p2b\n|-heal|p2a: vajayjayyy|336/444\n|-heal|p2b: Raging B0ner|269/454\n|move|p1a: Cindy|Knock Off|p2b: Raging B0ner\n|-damage|p2b: Raging B0ner|95/454\n|-enditem|p2b: Raging B0ner|Life Orb|[from] move: Knock Off|[of] p1a: Cindy\n|\n|upkeep\n|turn|18\n|\n|t:|1716258299\n|move|p1b: Static|Nature's Madness|p2b: Raging B0ner\n|-damage|p2b: Raging B0ner|48/454\n|move|p2b: Raging B0ner|Electroweb|p1a: Cindy|[spread] p1a,p1b\n|debug|electric terrain boost\n|debug|Spread modifier: 0.75\n|debug|electric terrain boost\n|debug|Spread modifier: 0.75\n|-damage|p1a: Cindy|75/363\n|-damage|p1b: Static|0 fnt\n|-unboost|p1a: Cindy|spe|1\n|faint|p1b: Static\n|move|p2a: vajayjayyy|Lunar Blessing|p2a: vajayjayyy|[spread] p2a,p2b\n|-heal|p2a: vajayjayyy|444/444\n|-heal|p2b: Raging B0ner|161/454\n|move|p1a: Cindy|Knock Off|p2b: Raging B0ner\n|-damage|p2b: Raging B0ner|44/454\n|\n|upkeep\n|turn|19\n|\n|t:|1716258327\n|move|p2a: vajayjayyy|Helping Hand|p2b: Raging B0ner\n|-singleturn|p2b: Raging B0ner|Helping Hand|[of] p2a: vajayjayyy\n|move|p2b: Raging B0ner|Electroweb|p1a: Cindy\n|debug|Boosting from Helping Hand: 1.5\n|debug|electric terrain boost\n|-damage|p1a: Cindy|0 fnt\n|faint|p1a: Cindy\n|\n|win|smokeydabearrr\n|l| Mango Meloetta\n|j| Mango Meloetta\n|l| je64\n","uploadtime":1716258333,"views":"25","formatid":"gen9doublescustomgame","rating":null,"private":0,"password":null}