{"id":"gen9championsdoublescustomgame-2666010367","format":"[Gen 9 Champions] Doubles Custom Game","players":["mistermoscow","mattmandaman"],"log":"|j|☆mistermoscow\n|j|☆mattmandaman\n|t:|1786933317\n|gametype|doubles\n|player|p1|mistermoscow|benga|\n|player|p2|mattmandaman|unknown|\n|gen|9\n|tier|[Gen 9 Champions] Doubles Custom Game\n|clearpoke\n|poke|p1|Venusaur, L50, M|\n|poke|p1|Ninetales-Alola, L50, F|\n|poke|p1|Zapdos-Galar, L50|\n|poke|p1|Magearna, L50|\n|poke|p1|Ursaluna, L50, M|\n|poke|p1|Chi-Yu, L50|\n|poke|p2|Rillaboom, L50|\n|poke|p2|Zygarde, L50|\n|poke|p2|Entei, L50|\n|poke|p2|Tornadus, L50, M|\n|poke|p2|Chien-Pao, L50|\n|poke|p2|Iron Hands, L50|\n|teampreview\n|\n|t:|1786933377\n|teamsize|p1|6\n|teamsize|p2|6\n|start\n|switch|p1a: Mags|Magearna, L50|157/157\n|switch|p1b: Chip|Chi-Yu, L50|130/130\n|switch|p2a: Iron Hands|Iron Hands, L50|261/261\n|switch|p2b: Zygarde|Zygarde, L50|185/185\n|-ability|p1b: Chip|Beads of Ruin\n|-ability|p2b: Zygarde|Aura Break\n|turn|1\n|j| Jamochi\n|\n|t:|1786933485\n|switch|p1b: Banjo|Ursaluna, L50, M|237/237\n|switch|p1a: Princess Sparkle|Ninetales-Alola, L50, F|180/180\n|-weather|Snowscape|[from] ability: Snow Warning|[of] p1a: Princess Sparkle\n|move|p2a: Iron Hands|Fake Out|p1a: Princess Sparkle\n|-damage|p1a: Princess Sparkle|160/180\n|move|p2b: Zygarde|Thousand Arrows|p1b: Banjo|[spread] p1a,p1b\n|debug|Spread modifier: 0.75\n|debug|Spread modifier: 0.75\n|-damage|p1a: Princess Sparkle|85/180\n|-damage|p1b: Banjo|152/237\n|\n|-weather|Snowscape|[upkeep]\n|-status|p1b: Banjo|brn|[from] item: Flame Orb\n|upkeep\n|turn|2\n|\n|t:|1786933583\n|switch|p2b: Tornadus|Tornadus, L50, M|178/178\n|move|p1a: Princess Sparkle|Aurora Veil|p1a: Princess Sparkle\n|-sidestart|p1: mistermoscow|move: Aurora Veil\n|move|p1b: Banjo|Ice Punch|p2b: Tornadus\n|-supereffective|p2b: Tornadus|1\n|-damage|p2b: Tornadus|0 fnt\n|debug|Covert Cloak prevent secondary\n|faint|p2b: Tornadus\n|move|p2a: Iron Hands|Drain Punch|p1b: Banjo\n|-supereffective|p1b: Banjo|1\n|-crit|p1b: Banjo\n|-damage|p1b: Banjo|0 fnt\n|faint|p1b: Banjo\n|\n|-weather|Snowscape|[upkeep]\n|upkeep\n|\n|t:|1786933605\n|switch|p2b: Chien-Pao|Chien-Pao, L50|157/157\n|switch|p1b: Mags|Magearna, L50|157/157\n|-ability|p2b: Chien-Pao|Sword of Ruin\n|turn|3\n|\n|t:|1786933618\n|-end|p2a: Iron Hands|Quark Drive|[silent]\n|switch|p2a: Entei|Entei, L50|192/192\n|move|p1a: Princess Sparkle|Helping Hand|p1b: Mags\n|-singleturn|p1b: Mags|Helping Hand|[of] p1a: Princess Sparkle\n|move|p2b: Chien-Pao|Psychic Fangs|p1a: Princess Sparkle\n|-sideend|p1: mistermoscow|move: Aurora Veil\n|debug|Sword of Ruin Def drop\n|-damage|p1a: Princess Sparkle|30/180\n|move|p1b: Mags|Dazzling Gleam|p2b: Chien-Pao|[spread] p2a,p2b\n|debug|Boosting from Helping Hand: 1.5\n|debug|Spread modifier: 0.75\n|-resisted|p2a: Entei|1\n|debug|Boosting from Helping Hand: 1.5\n|debug|Spread modifier: 0.75\n|-supereffective|p2b: Chien-Pao|1\n|-damage|p2a: Entei|130/192\n|-enditem|p2b: Chien-Pao|Focus Sash\n|-damage|p2b: Chien-Pao|1/157\n|\n|-weather|Snowscape|[upkeep]\n|upkeep\n|turn|4\n|\n|t:|1786933667\n|move|p1b: Mags|Protect|p1b: Mags\n|-singleturn|p1b: Mags|Protect\n|move|p2b: Chien-Pao|Psychic Fangs|p1a: Princess Sparkle\n|debug|Sword of Ruin Def drop\n|-damage|p1a: Princess Sparkle|0 fnt\n|faint|p1a: Princess Sparkle\n|-ability|p1b: Mags|Soul-Heart|boost\n|-boost|p1b: Mags|spa|1\n|move|p2a: Entei|Sacred Fire|p1b: Mags\n|-activate|p1b: Mags|move: Protect\n|\n|-weather|Snowscape|[upkeep]\n|upkeep\n|\n|t:|1786933695\n|switch|p1a: Chip|Chi-Yu, L50|130/130\n|-ability|p1a: Chip|Beads of Ruin\n|turn|5\n|\n|t:|1786933727\n|switch|p2b: Iron Hands|Iron Hands, L50|261/261\n|switch|p1b: Daniel|Zapdos-Galar, L50|197/197\n|move|p2a: Entei|Protect|p2a: Entei\n|-singleturn|p2a: Entei|Protect\n|move|p1a: Chip|Dark Pulse|p2a: Entei\n|-activate|p2a: Entei|move: Protect\n|\n|-weather|none\n|upkeep\n|turn|6\n|\n|t:|1786933778\n|switch|p2a: Rillaboom|Rillaboom, L50|207/207\n|-fieldstart|move: Grassy Terrain|[from] ability: Grassy Surge|[of] p2a: Rillaboom\n|move|p1b: Daniel|Quick Guard|p1b: Daniel\n|-singleturn|p1b: Daniel|Quick Guard\n|move|p1a: Chip|Dark Pulse|p2a: Rillaboom\n|debug|Beads of Ruin SpD drop\n|-damage|p2a: Rillaboom|67/207\n|-damage|p1a: Chip|117/130|[from] item: Life Orb\n|move|p2b: Iron Hands|Drain Punch|p1a: Chip\n|-supereffective|p1a: Chip|1\n|-damage|p1a: Chip|0 fnt\n|faint|p1a: Chip\n|\n|debug|Pokemon semi-invuln or not grounded; Grassy Terrain skipped\n|-heal|p2a: Rillaboom|79/207|[from] Grassy Terrain\n|upkeep\n|\n|t:|1786933794\n|switch|p1a: Vinny|Venusaur, L50, M|187/187\n|turn|7\n|\n|t:|1786933812\n|detailschange|p1a: Vinny|Venusaur-Mega, L50, M\n|-mega|p1a: Vinny|Venusaur|Venusaurite\n|move|p1b: Daniel|Quick Guard|p1b: Daniel\n|-singleturn|p1b: Daniel|Quick Guard\n|move|p2a: Rillaboom|Fake Out|p1b: Daniel\n|-activate|p1b: Daniel|move: Quick Guard\n|move|p1a: Vinny|Sludge Bomb|p2a: Rillaboom\n|-supereffective|p2a: Rillaboom|1\n|-damage|p2a: Rillaboom|0 fnt\n|faint|p2a: Rillaboom\n|move|p2b: Iron Hands|Heavy Slam|p1b: Daniel\n|debug|BP: 120\n|-crit|p1b: Daniel\n|-damage|p1b: Daniel|70/197\n|\n|debug|Pokemon semi-invuln or not grounded; Grassy Terrain skipped\n|upkeep\n|\n|t:|1786933819\n|switch|p2a: Chien-Pao|Chien-Pao, L50|1/157\n|-ability|p2a: Chien-Pao|Sword of Ruin\n|turn|8\n|\n|t:|1786933859\n|switch|p1b: Mags|Magearna, L50|157/157\n|move|p2a: Chien-Pao|Psychic Fangs|p1b: Mags\n|debug|Sword of Ruin Def drop\n|-resisted|p1b: Mags|1\n|-damage|p1b: Mags|134/157\n|move|p1a: Vinny|Sludge Bomb|p2a: Chien-Pao\n|-damage|p2a: Chien-Pao|0 fnt\n|faint|p2a: Chien-Pao\n|-ability|p1b: Mags|Soul-Heart|boost\n|-boost|p1b: Mags|spa|1\n|move|p2b: Iron Hands|Heavy Slam|p1b: Mags\n|debug|BP: 100\n|-damage|p1b: Mags|91/157\n|\n|-heal|p1b: Mags|100/157|[from] Grassy Terrain\n|-heal|p1b: Mags|109/157|[from] item: Leftovers\n|upkeep\n|\n|t:|1786933878\n|switch|p2a: Zygarde|Zygarde, L50|185/185\n|-ability|p2a: Zygarde|Aura Break\n|turn|9\n|\n|t:|1786933900\n|-end|p2b: Iron Hands|Quark Drive|[silent]\n|switch|p2b: Entei|Entei, L50|130/192\n|move|p2a: Zygarde|Thousand Arrows|p1a: Vinny|[spread] p1a,p1b\n|debug|Spread modifier: 0.75\n|debug|Spread modifier: 0.75\n|-supereffective|p1b: Mags|1\n|-damage|p1a: Vinny|115/187\n|-damage|p1b: Mags|0 fnt\n|faint|p1b: Mags\n|move|p1a: Vinny|Leech Seed|p2b: Entei\n|-start|p2b: Entei|move: Leech Seed\n|\n|-heal|p2b: Entei|142/192|[from] Grassy Terrain\n|-heal|p1a: Vinny|126/187|[from] Grassy Terrain\n|-damage|p2b: Entei|118/192|[from] Leech Seed|[of] p1a: Vinny\n|-heal|p1a: Vinny|150/187|[silent]\n|upkeep\n|\n|t:|1786933912\n|switch|p1b: Daniel|Zapdos-Galar, L50|70/197\n|turn|10\n|\n|t:|1786933963\n|move|p1b: Daniel|Coaching|p1a: Vinny\n|-boost|p1a: Vinny|atk|1\n|-boost|p1a: Vinny|def|1\n|move|p2b: Entei|Sacred Fire|p1a: Vinny\n|debug|Thick Fat weaken\n|-supereffective|p1a: Vinny|1\n|-damage|p1a: Vinny|90/187\n|-status|p1a: Vinny|brn\n|move|p2a: Zygarde|Thousand Arrows|p1b: Daniel|[spread] p1a,p1b\n|debug|Spread modifier: 0.75\n|debug|Spread modifier: 0.75\n|-damage|p1a: Vinny|44/187 brn\n|-damage|p1b: Daniel|0 fnt\n|faint|p1b: Daniel\n|move|p1a: Vinny|Leech Seed|p2a: Zygarde\n|-start|p2a: Zygarde|move: Leech Seed\n|\n|-heal|p2b: Entei|130/192|[from] Grassy Terrain\n|-heal|p1a: Vinny|55/187 brn|[from] Grassy Terrain\n|-damage|p2b: Entei|106/192|[from] Leech Seed|[of] p1a: Vinny\n|-heal|p1a: Vinny|79/187 brn|[silent]\n|-damage|p2a: Zygarde|162/185|[from] Leech Seed|[of] p1a: Vinny\n|-heal|p1a: Vinny|102/187 brn|[silent]\n|-damage|p1a: Vinny|91/187 brn|[from] brn\n|-fieldend|move: Grassy Terrain\n|upkeep\n|turn|11\n|\n|t:|1786933996\n|move|p2b: Entei|Howl|p2b: Entei|[spread] p2a,p2b\n|-boost|p2a: Zygarde|atk|1\n|-boost|p2b: Entei|atk|1\n|move|p2a: Zygarde|Thousand Arrows|p1a: Vinny\n|-damage|p1a: Vinny|0 fnt\n|faint|p1a: Vinny\n|\n|win|mattmandaman\n|c|☆mistermoscow|gg\n","uploadtime":1786934006,"views":"1","formatid":"gen9championsdoublescustomgame","rating":null,"private":0,"password":null}