{"id":"gen9doublescustomgame-2261364320","format":"[Gen 9] Doubles Custom Game","players":["mistermoscow","mattmandaman"],"log":"|badge|p2|gold|gen9doublesou|3-3\n|uhtml|medal-msg|<div class=\"broadcast-blue\">Curious what those medals under the avatar are? PS now has Ladder Seasons! For more information, check out the <a href=\"https://www.smogon.com/forums/threads/3740067/\">thread on Smogon.</a></div>\n|j|☆mistermoscow\n|j|☆mattmandaman\n|t:|1733967217\n|gametype|doubles\n|player|p1|mistermoscow|alder|\n|player|p2|mattmandaman|giovanni|\n|teamsize|p1|6\n|teamsize|p2|6\n|gen|9\n|tier|[Gen 9] Doubles Custom Game\n|clearpoke\n|poke|p1|Nidoqueen, F|\n|poke|p1|Meowth, M|\n|poke|p1|Clefairy, M|\n|poke|p1|Ditto|\n|poke|p1|Victreebel, M|\n|poke|p1|Snorlax, M|\n|poke|p2|Fearow, F|\n|poke|p2|Marowak, F|\n|poke|p2|Pikachu, M|\n|poke|p2|Porygon|\n|poke|p2|Butterfree, F|\n|poke|p2|Gengar, M|\n|teampreview\n|\n|t:|1733967254\n|start\n|switch|p1a: Prince Puss|Meowth, M|221/221\n|switch|p1b: Victor|Victreebel, M|364/364\n|switch|p2a: Fearow|Fearow, F|272/272\n|switch|p2b: Marowak|Marowak, F|262/262\n|turn|1\n|c|☆mattmandaman|gl\n|\n|t:|1733967286\n|move|p2b: Marowak|Protect|p2b: Marowak\n|-singleturn|p2b: Marowak|Protect\n|move|p1a: Prince Puss|Fake Out|p2a: Fearow\n|debug|Base Power: 40\n|debug|Technician boost\n|-damage|p2a: Fearow|196/272\n|debug|Covert Cloak prevent secondary\n|move|p2a: Fearow|Drill Peck|p1b: Victor\n|-supereffective|p1b: Victor\n|-damage|p1b: Victor|116/364\n|move|p1b: Victor|Swords Dance|p1b: Victor\n|-boost|p1b: Victor|atk|2\n|\n|upkeep\n|turn|2\n|c|☆mattmandaman|(not really\n|\n|t:|1733967322\n|move|p1a: Prince Puss|Helping Hand|p1b: Victor\n|-singleturn|p1b: Victor|Helping Hand|[of] p1a: Prince Puss\n|move|p1b: Victor|Sucker Punch||[still]\n|-fail|p1b: Victor\n|move|p2a: Fearow|Tailwind|p2a: Fearow\n|-sidestart|p2: mattmandaman|move: Tailwind\n|move|p2b: Marowak|Earthquake|p1b: Victor|[spread] p1a,p1b\n|-immune|p2a: Fearow\n|debug|Spread modifier: 0.75\n|-crit|p1a: Prince Puss\n|debug|Spread modifier: 0.75\n|-enditem|p1a: Prince Puss|Focus Sash\n|-damage|p1a: Prince Puss|1/221\n|-damage|p1b: Victor|0 fnt\n|faint|p1b: Victor\n|\n|upkeep\n|c|☆mistermoscow|oof\n|\n|t:|1733967354\n|switch|p1b: Miss Nido|Nidoqueen, F|353/353\n|turn|3\n|\n|t:|1733967380\n|switch|p1a: Imp|Ditto|300/300\n|-transform|p1a: Imp|p2b: Marowak|[from] ability: Imposter\n|move|p2a: Fearow|Drill Peck|p1b: Miss Nido\n|-damage|p1b: Miss Nido|224/353\n|move|p2b: Marowak|Earthquake|p1b: Miss Nido|[spread] p1a,p1b\n|-immune|p2a: Fearow\n|debug|Spread modifier: 0.75\n|debug|Spread modifier: 0.75\n|-supereffective|p1b: Miss Nido\n|-damage|p1a: Imp|102/300\n|-damage|p1b: Miss Nido|0 fnt\n|faint|p1b: Miss Nido\n|\n|upkeep\n|\n|t:|1733967396\n|switch|p1b: Clifford|Clefairy, M|344/344\n|turn|4\n|\n|t:|1733967404\n|move|p2a: Fearow|Drill Peck|p1b: Clifford\n|-damage|p1b: Clifford|262/344\n|move|p2b: Marowak|Earthquake|p1b: Clifford|[spread] p1a,p1b\n|-immune|p2a: Fearow\n|debug|Spread modifier: 0.75\n|debug|Spread modifier: 0.75\n|-damage|p1a: Imp|0 fnt\n|-damage|p1b: Clifford|103/344\n|faint|p1a: Imp\n|move|p1b: Clifford|Minimize|p1b: Clifford\n|-boost|p1b: Clifford|evasion|2\n|\n|upkeep\n|\n|t:|1733967414\n|switch|p1a: Prince Puss|Meowth, M|1/221\n|turn|5\n|\n|t:|1733967423\n|move|p1a: Prince Puss|Fake Out|p2b: Marowak\n|debug|Base Power: 40\n|debug|Technician boost\n|-damage|p2b: Marowak|208/262\n|move|p2a: Fearow|Drill Peck|p1b: Clifford|[miss]\n|-miss|p2a: Fearow|p1b: Clifford\n|cant|p2b: Marowak|flinch\n|move|p1b: Clifford|Minimize|p1b: Clifford\n|-boost|p1b: Clifford|evasion|2\n|\n|-sideend|p2: mattmandaman|move: Tailwind\n|upkeep\n|turn|6\n|\n|t:|1733967451\n|move|p1a: Prince Puss|Helping Hand|p1b: Clifford\n|-singleturn|p1b: Clifford|Helping Hand|[of] p1a: Prince Puss\n|move|p2a: Fearow|Tailwind|p2a: Fearow\n|-sidestart|p2: mattmandaman|move: Tailwind\n|move|p2b: Marowak|Earthquake|p1b: Clifford|[spread] p1a,p1b\n|-immune|p2a: Fearow\n|debug|Spread modifier: 0.75\n|debug|Spread modifier: 0.75\n|-damage|p1a: Prince Puss|0 fnt\n|-damage|p1b: Clifford|0 fnt\n|faint|p1a: Prince Puss\n|faint|p1b: Clifford\n|\n|upkeep\n|-message|mistermoscow forfeited.\n|\n|win|mattmandaman\n|c|☆mistermoscow|boo\n|c|☆mattmandaman|no yay\n|c|☆mattmandaman|marowak hits so hard\n|c|☆mistermoscow|lame\n","uploadtime":1733967486,"views":"24","formatid":"gen9doublescustomgame","rating":null,"private":0,"password":null}