{"id":"gen9doublescustomgame-2312495474","format":"[Gen 9] Doubles Custom Game","players":["mistermoscow","mattmandaman"],"log":"|j|☆mistermoscow\n|j|☆mattmandaman\n|t:|1741117512\n|gametype|doubles\n|player|p1|mistermoscow|alder|\n|player|p2|mattmandaman|giovanni|\n|teamsize|p1|24\n|teamsize|p2|24\n|gen|9\n|tier|[Gen 9] Doubles Custom Game\n|clearpoke\n|poke|p1|Butterfree, F|\n|poke|p1|Beedrill, M|\n|poke|p1|Beedrill, F|\n|poke|p1|Pidgey, M|\n|poke|p1|Fearow, M|\n|poke|p1|Sandshrew, M|\n|poke|p1|Nidoran-F, F|\n|poke|p1|Nidoking, M|\n|poke|p1|Clefairy, M|\n|poke|p1|Oddish, M|\n|poke|p1|Meowth, M|\n|poke|p1|Mankey, M|\n|poke|p1|Primeape, M|\n|poke|p1|Machoke, M|\n|poke|p1|Victreebel, M|\n|poke|p1|Dewgong, M|\n|poke|p1|Gengar, M|\n|poke|p1|Kingler, M|\n|poke|p1|Exeggutor, M|\n|poke|p1|Mr. Mime, M|\n|poke|p1|Ditto|\n|poke|p1|Jolteon, M|\n|poke|p1|Flareon, F|\n|poke|p1|Dragonite, M|\n|poke|p2|Gengar, M|\n|poke|p2|Pikachu, M|\n|poke|p2|Starmie|\n|poke|p2|Nidoking, M|\n|poke|p2|Chansey, F|\n|poke|p2|Marowak, F|\n|poke|p2|Dodrio, M|\n|poke|p2|Muk, M|\n|poke|p2|Machamp, M|\n|poke|p2|Tentacruel, F|\n|poke|p2|Electrode|\n|poke|p2|Cloyster, M|\n|poke|p2|Clefairy, F|\n|poke|p2|Nidoqueen, F|\n|poke|p2|Pinsir, F|\n|poke|p2|Slowpoke, M|\n|poke|p2|Rhydon, F|\n|poke|p2|Poliwrath, F|\n|poke|p2|Snorlax, M|\n|poke|p2|Wartortle, F|\n|poke|p2|Ponyta, M|\n|poke|p2|Farfetch’d, M|\n|poke|p2|Onix, F|\n|poke|p2|Shellder, F|\n|teampreview\n|c|☆mistermoscow|are we declaring this official?\n|c|☆mattmandaman|sure idc either way\n|c|☆mistermoscow|lets do it lol\n|c|☆mattmandaman|official if its easy for jesse lol\n|c|☆mistermoscow|yeah i was thinking about that haha, he might hate us lol\n|\n|t:|1741117605\n|start\n|switch|p1a: Prince Puss|Meowth, M|222/222\n|switch|p1b: Shrewbert|Sandshrew, M|304/304\n|switch|p2a: Onix|Onix, F|211/211\n|switch|p2b: Wartortle|Wartortle, F|322/322\n|-item|p2a: Onix|Air Balloon\n|turn|1\n|\n|t:|1741117635\n|move|p2a: Onix|Protect|p2a: Onix\n|-singleturn|p2a: Onix|Protect\n|move|p1a: Prince Puss|Fake Out|p2b: Wartortle\n|debug|Base Power: 40\n|debug|Technician boost\n|-damage|p2b: Wartortle|297/322\n|cant|p2b: Wartortle|flinch\n|move|p1b: Shrewbert|Stealth Rock|p2a: Onix\n|-sidestart|p2: mattmandaman|move: Stealth Rock\n|\n|upkeep\n|turn|2\n|\n|t:|1741117649\n|move|p2a: Onix|Stealth Rock|p1b: Shrewbert\n|-sidestart|p1: mistermoscow|move: Stealth Rock\n|move|p1a: Prince Puss|Taunt|p2b: Wartortle\n|-start|p2b: Wartortle|move: Taunt\n|move|p2b: Wartortle|Flip Turn|p1b: Shrewbert\n|-supereffective|p1b: Shrewbert\n|-damage|p1b: Shrewbert|232/304\n|\n|t:|1741117658\n|switch|p2b: Shellder|Shellder, F|264/264|[from] Flip Turn\n|-damage|p2b: Shellder|231/264|[from] Stealth Rock\n|move|p1b: Shrewbert|Spikes|p2b: Shellder\n|-sidestart|p2: mattmandaman|Spikes\n|\n|upkeep\n|turn|3\n|\n|t:|1741117687\n|move|p1b: Shrewbert|Protect|p1b: Shrewbert\n|-singleturn|p1b: Shrewbert|Protect\n|move|p2a: Onix|Body Press|p1a: Prince Puss\n|-supereffective|p1a: Prince Puss\n|-damage|p1a: Prince Puss|0 fnt\n|faint|p1a: Prince Puss\n|move|p2b: Shellder|Rapid Spin|p1b: Shrewbert\n|-activate|p1b: Shrewbert|move: Protect\n|\n|upkeep\n|\n|t:|1741117706\n|switch|p1a: Eggman|Exeggutor, M|363/363\n|-damage|p1a: Eggman|318/363|[from] Stealth Rock\n|turn|4\n|\n|t:|1741117723\n|move|p2a: Onix|Body Press|p1b: Shrewbert\n|-crit|p1b: Shrewbert\n|-damage|p1b: Shrewbert|88/304\n|move|p1a: Eggman|Giga Drain|p2b: Shellder\n|-supereffective|p2b: Shellder\n|-damage|p2b: Shellder|0 fnt\n|-heal|p1a: Eggman|363/363|[from] drain|[of] p2b: Shellder\n|faint|p2b: Shellder\n|move|p1b: Shrewbert|Spikes|p2a: Onix\n|-sidestart|p2: mattmandaman|Spikes\n|\n|upkeep\n|\n|t:|1741117737\n|switch|p2b: Tentacruel|Tentacruel, F|364/364\n|-damage|p2b: Tentacruel|319/364|[from] Stealth Rock\n|-damage|p2b: Tentacruel|259/364|[from] Spikes\n|turn|5\n|\n|t:|1741117751\n|move|p1a: Eggman|Protect|p1a: Eggman\n|-singleturn|p1a: Eggman|Protect\n|move|p2b: Tentacruel|Rapid Spin|p1a: Eggman\n|-activate|p1a: Eggman|move: Protect\n|move|p2a: Onix|Body Press|p1b: Shrewbert\n|-crit|p1b: Shrewbert\n|-damage|p1b: Shrewbert|0 fnt\n|faint|p1b: Shrewbert\n|\n|upkeep\n|\n|t:|1741117771\n|switch|p1b: Sparky|Jolteon, M|272/272\n|-damage|p1b: Sparky|238/272|[from] Stealth Rock\n|turn|6\n|\n|t:|1741117782\n|move|p1b: Sparky|Sunny Day|p1b: Sparky\n|-weather|SunnyDay\n|move|p1a: Eggman|Expanding Force|p2b: Tentacruel\n|-supereffective|p2b: Tentacruel\n|-damage|p2b: Tentacruel|97/364\n|move|p2b: Tentacruel|Rapid Spin|p1a: Eggman\n|-damage|p1a: Eggman|331/363\n|-boost|p2b: Tentacruel|spe|1\n|-sideend|p2: mattmandaman|Spikes|[from] move: Rapid Spin|[of] p2b: Tentacruel\n|-sideend|p2: mattmandaman|Stealth Rock|[from] move: Rapid Spin|[of] p2b: Tentacruel\n|move|p2a: Onix|Body Press|p1b: Sparky\n|-damage|p1b: Sparky|68/272\n|\n|-weather|SunnyDay|[upkeep]\n|-heal|p1a: Eggman|353/363|[from] item: Leftovers\n|-status|p1b: Sparky|brn|[from] item: Flame Orb\n|upkeep\n|turn|7\n|\n|t:|1741117808\n|move|p1b: Sparky|Thunderbolt|p2b: Tentacruel\n|-supereffective|p2b: Tentacruel\n|-damage|p2b: Tentacruel|0 fnt\n|faint|p2b: Tentacruel\n|move|p1a: Eggman|Psychic Terrain|p1a: Eggman\n|-fieldstart|move: Psychic Terrain\n|move|p2a: Onix|Body Press|p1b: Sparky\n|-damage|p1b: Sparky|0 fnt\n|faint|p1b: Sparky\n|\n|-weather|SunnyDay|[upkeep]\n|-heal|p1a: Eggman|363/363|[from] item: Leftovers\n|upkeep\n|\n|t:|1741117863\n|switch|p1b: Mimsy|Mr. Mime, M|284/284\n|switch|p2b: Pinsir|Pinsir, F|334/334\n|-damage|p1b: Mimsy|249/284|[from] Stealth Rock\n|turn|8\n|\n|t:|1741117889\n|switch|p2a: Chansey|Chansey, F|704/704\n|move|p1b: Mimsy|Follow Me|p1b: Mimsy\n|-singleturn|p1b: Mimsy|move: Follow Me\n|move|p1a: Eggman|Expanding Force|p2b: Pinsir|[spread] p2a,p2b\n|debug|psychic terrain boost\n|debug|terrain buff\n|debug|Spread modifier: 0.75\n|debug|psychic terrain boost\n|debug|terrain buff\n|debug|Spread modifier: 0.75\n|-damage|p2a: Chansey|583/704\n|-damage|p2b: Pinsir|148/334\n|move|p2b: Pinsir|X-Scissor|p1b: Mimsy\n|debug|Follow Me redirected target of move\n|-damage|p1b: Mimsy|101/284\n|\n|-weather|SunnyDay|[upkeep]\n|upkeep\n|turn|9\n|\n|t:|1741117938\n|switch|p1b: Dishy|Oddish, M|232/232\n|-damage|p1b: Dishy|203/232|[from] Stealth Rock\n|switch|p2b: Slowpoke|Slowpoke, M|384/384\n|move|p1a: Eggman|Expanding Force|p2b: Slowpoke|[spread] p2a,p2b\n|debug|psychic terrain boost\n|debug|terrain buff\n|debug|Spread modifier: 0.75\n|debug|psychic terrain boost\n|debug|terrain buff\n|debug|Spread modifier: 0.75\n|-resisted|p2b: Slowpoke\n|-damage|p2a: Chansey|445/704\n|-damage|p2b: Slowpoke|201/384\n|move|p2a: Chansey|Seismic Toss|p1a: Eggman\n|-damage|p1a: Eggman|263/363\n|\n|-weather|SunnyDay|[upkeep]\n|-heal|p1a: Eggman|285/363|[from] item: Leftovers\n|upkeep\n|turn|10\n|\n|t:|1741117994\n|move|p1b: Dishy|Helping Hand|p1a: Eggman\n|-singleturn|p1a: Eggman|Helping Hand|[of] p1b: Dishy\n|move|p1a: Eggman|Expanding Force|p2b: Slowpoke|[spread] p2a,p2b\n|debug|Boosting from Helping Hand: 1.5\n|debug|psychic terrain boost\n|debug|terrain buff\n|debug|Spread modifier: 0.75\n|debug|Boosting from Helping Hand: 1.5\n|debug|psychic terrain boost\n|debug|terrain buff\n|debug|Spread modifier: 0.75\n|-resisted|p2b: Slowpoke\n|-damage|p2a: Chansey|259/704\n|-damage|p2b: Slowpoke|0 fnt\n|faint|p2b: Slowpoke\n|move|p2a: Chansey|Soft-Boiled|p2a: Chansey\n|-heal|p2a: Chansey|611/704\n|\n|-weather|none\n|-heal|p1a: Eggman|307/363|[from] item: Leftovers\n|upkeep\n|\n|t:|1741118028\n|switch|p2b: Pinsir|Pinsir, F|148/334\n|turn|11\n|\n|t:|1741118045\n|move|p1a: Eggman|Protect|p1a: Eggman\n|-singleturn|p1a: Eggman|Protect\n|move|p2b: Pinsir|X-Scissor|p1b: Dishy\n|-damage|p1b: Dishy|104/232\n|move|p1b: Dishy|Sleep Powder|p2b: Pinsir|[miss]\n|-miss|p1b: Dishy|p2b: Pinsir\n|move|p2a: Chansey|Teleport|p2a: Chansey\n|\n|t:|1741118060\n|switch|p2a: Cloyster|Cloyster, M|242/242|[from] Teleport\n|\n|-heal|p1a: Eggman|329/363|[from] item: Leftovers\n|-fieldend|move: Psychic Terrain\n|upkeep\n|turn|12\n|\n|t:|1741118079\n|switch|p1a: Bee Bee|Beedrill, F|271/271\n|-damage|p1a: Bee Bee|204/271|[from] Stealth Rock\n|move|p2a: Cloyster|Icicle Spear|p1b: Dishy\n|-supereffective|p1b: Dishy\n|-damage|p1b: Dishy|42/232\n|-supereffective|p1b: Dishy\n|-damage|p1b: Dishy|0 fnt\n|faint|p1b: Dishy\n|-hitcount|p1: Dishy|2\n|move|p2b: Pinsir|X-Scissor|p1a: Bee Bee\n|debug|brightpowder - decreasing accuracy\n|-resisted|p1a: Bee Bee\n|-damage|p1a: Bee Bee|97/271\n|\n|upkeep\n|\n|t:|1741118136\n|switch|p1b: Mimsy|Mr. Mime, M|101/284\n|-damage|p1b: Mimsy|66/284|[from] Stealth Rock\n|turn|13\n|\n|t:|1741118172\n|switch|p1b: Dewey|Dewgong, M|384/384\n|-damage|p1b: Dewey|288/384|[from] Stealth Rock\n|move|p2a: Cloyster|Icicle Spear|p1b: Dewey\n|debug|Thick Fat weaken\n|-resisted|p1b: Dewey\n|-damage|p1b: Dewey|282/384\n|debug|Thick Fat weaken\n|-resisted|p1b: Dewey\n|-damage|p1b: Dewey|276/384\n|debug|Thick Fat weaken\n|-resisted|p1b: Dewey\n|-damage|p1b: Dewey|270/384\n|-hitcount|p1b: Dewey|3\n|move|p1a: Bee Bee|Sunny Day|p1a: Bee Bee\n|-weather|SunnyDay\n|move|p2b: Pinsir|X-Scissor|p1b: Dewey\n|-damage|p1b: Dewey|92/384\n|-damage|p2b: Pinsir|93/334|[from] item: Rocky Helmet|[of] p1b: Dewey\n|\n|-weather|SunnyDay|[upkeep]\n|upkeep\n|turn|14\n|\n|t:|1741118262\n|switch|p2a: Wartortle|Wartortle, F|297/322\n|move|p1b: Dewey|Fake Out|p2a: Wartortle\n|-damage|p2a: Wartortle|273/322\n|move|p1a: Bee Bee|Tailwind|p1a: Bee Bee\n|-sidestart|p1: mistermoscow|move: Tailwind\n|move|p2b: Pinsir|Rock Slide|p1a: Bee Bee|[spread] p1a,p1b\n|debug|brightpowder - decreasing accuracy\n|debug|Spread modifier: 0.75\n|-supereffective|p1a: Bee Bee\n|debug|Spread modifier: 0.75\n|-supereffective|p1b: Dewey\n|-damage|p1a: Bee Bee|0 fnt\n|-damage|p1b: Dewey|0 fnt\n|faint|p1a: Bee Bee\n|faint|p1b: Dewey\n|-ability|p2b: Pinsir|Moxie|boost\n|-boost|p2b: Pinsir|atk|2\n|\n|-weather|SunnyDay|[upkeep]\n|upkeep\n|\n|t:|1741118306\n|switch|p1a: Puff Daddy|Dragonite, M|324/324\n|switch|p1b: Apollo|Primeape, M|334/334\n|-damage|p1a: Puff Daddy|243/324|[from] Stealth Rock\n|-damage|p1b: Apollo|314/334|[from] Stealth Rock\n|turn|15\n|\n|t:|1741118343\n|move|p2a: Wartortle|Fake Out|p1b: Apollo\n|-damage|p1b: Apollo|291/334\n|move|p1a: Puff Daddy|Dragon Claw|p2b: Pinsir\n|-damage|p2b: Pinsir|0 fnt\n|faint|p2b: Pinsir\n|cant|p1b: Apollo|flinch\n|\n|-weather|SunnyDay|[upkeep]\n|upkeep\n|\n|t:|1741118378\n|switch|p2b: Muk|Muk, M|414/414\n|turn|16\n|\n|t:|1741118399\n|move|p1a: Puff Daddy|Dragon Claw|p2a: Wartortle\n|-damage|p2a: Wartortle|132/322\n|move|p1b: Apollo|Bulk Up|p1b: Apollo\n|-boost|p1b: Apollo|atk|1\n|-boost|p1b: Apollo|def|1\n|move|p2a: Wartortle|Flip Turn|p1a: Puff Daddy\n|debug|Sunny Day water suppress\n|-resisted|p1a: Puff Daddy\n|-damage|p1a: Puff Daddy|231/324\n|\n|t:|1741118431\n|switch|p2a: Gengar|Gengar, M|262/262|[from] Flip Turn\n|move|p2b: Muk|Ice Punch|p1a: Puff Daddy\n|-supereffective|p1a: Puff Daddy\n|-damage|p1a: Puff Daddy|0 fnt\n|faint|p1a: Puff Daddy\n|\n|-weather|SunnyDay|[upkeep]\n|upkeep\n|\n|t:|1741118447\n|switch|p1a: Eggman|Exeggutor, M|329/363\n|-damage|p1a: Eggman|284/363|[from] Stealth Rock\n|turn|17\n|\n|t:|1741118477\n|switch|p2b: Electrode|Electrode|297/297\n|move|p2a: Gengar|Protect|p2a: Gengar\n|-singleturn|p2a: Gengar|Protect\n|move|p1a: Eggman|Expanding Force|p2a: Gengar\n|-activate|p2a: Gengar|move: Protect\n|move|p1b: Apollo|Rage Fist|p2a: Gengar\n|-activate|p2a: Gengar|move: Protect\n|\n|-weather|none\n|-heal|p1a: Eggman|306/363|[from] item: Leftovers\n|-sideend|p1: mistermoscow|move: Tailwind\n|upkeep\n|turn|18\n|\n|t:|1741118499\n|switch|p1a: Clifford|Clefairy, M|282/282\n|-damage|p1a: Clifford|247/282|[from] Stealth Rock\n|move|p2b: Electrode|Signal Beam|p1a: Clifford\n|-resisted|p1a: Clifford\n|-crit|p1a: Clifford\n|-damage|p1a: Clifford|212/282\n|move|p2a: Gengar|Will-O-Wisp|p1b: Apollo\n|-status|p1b: Apollo|brn\n|move|p1b: Apollo|Rage Fist|p2b: Electrode\n|-damage|p2b: Electrode|214/297\n|\n|-damage|p1b: Apollo|271/334 brn|[from] brn\n|upkeep\n|turn|19\n|\n|t:|1741118540\n|move|p2b: Electrode|Metal Sound|p1b: Apollo\n|-unboost|p1b: Apollo|spd|2\n|-ability|p1b: Apollo|Defiant|boost\n|-boost|p1b: Apollo|atk|2\n|move|p2a: Gengar|Sludge Bomb|p1a: Clifford\n|-supereffective|p1a: Clifford\n|-damage|p1a: Clifford|0 fnt\n|faint|p1a: Clifford\n|move|p1b: Apollo|Bulk Up|p1b: Apollo\n|-boost|p1b: Apollo|atk|1\n|-boost|p1b: Apollo|def|1\n|\n|-damage|p1b: Apollo|251/334 brn|[from] brn\n|upkeep\n|\n|t:|1741118556\n|switch|p1a: Imp|Ditto|300/300\n|-damage|p1a: Imp|263/300|[from] Stealth Rock\n|-transform|p1a: Imp|p2b: Electrode|[from] ability: Imposter\n|turn|20\n|\n|t:|1741118570\n|move|p2a: Gengar|Protect|p2a: Gengar\n|-singleturn|p2a: Gengar|Protect\n|move|p1b: Apollo|Protect|p1b: Apollo\n|-singleturn|p1b: Apollo|Protect\n|move|p2b: Electrode|Electroweb|p1a: Imp|[spread] p1a\n|-activate|p1b: Apollo|move: Protect\n|debug|Spread modifier: 0.75\n|-resisted|p1a: Imp\n|-damage|p1a: Imp|233/300\n|-unboost|p1a: Imp|spe|1\n|move|p1a: Imp|Electroweb|p2b: Electrode|[spread] p2b\n|-activate|p2a: Gengar|move: Protect\n|debug|Spread modifier: 0.75\n|-resisted|p2b: Electrode\n|-damage|p2b: Electrode|183/297\n|-unboost|p2b: Electrode|spe|1\n|\n|-damage|p1b: Apollo|231/334 brn|[from] brn\n|upkeep\n|turn|21\n|\n|t:|1741118681\n|switch|p1b: Apollo's Son|Mankey, M|221/221\n|-damage|p1b: Apollo's Son|208/221|[from] Stealth Rock\n|move|p2a: Gengar|Sludge Bomb|p1b: Apollo's Son\n|-crit|p1b: Apollo's Son\n|-damage|p1b: Apollo's Son|0 fnt\n|faint|p1b: Apollo's Son\n|move|p2b: Electrode|Electroweb|p1a: Imp\n|-resisted|p1a: Imp\n|-damage|p1a: Imp|191/300\n|-unboost|p1a: Imp|spe|1\n|move|p1a: Imp|Electroweb|p2b: Electrode|[spread] p2a,p2b\n|debug|Spread modifier: 0.75\n|debug|Spread modifier: 0.75\n|-resisted|p2b: Electrode\n|-damage|p2a: Gengar|198/262\n|-damage|p2b: Electrode|150/297\n|-unboost|p2a: Gengar|spe|1\n|-unboost|p2b: Electrode|spe|1\n|\n|upkeep\n|\n|t:|1741118702\n|switch|p1b: Big Bird|Fearow, M|334/334\n|-damage|p1b: Big Bird|251/334|[from] Stealth Rock\n|turn|22\n|\n|t:|1741118726\n|switch|p2a: Nidoqueen|Nidoqueen, F|384/384\n|switch|p1a: King Nido|Nidoking, M|304/304\n|-damage|p1a: King Nido|285/304|[from] Stealth Rock\n|switch|p2b: Onix|Onix, F|211/211\n|-item|p2b: Onix|Air Balloon\n|move|p1b: Big Bird|Tailwind|p1b: Big Bird\n|-sidestart|p1: mistermoscow|move: Tailwind\n|\n|upkeep\n|turn|23\n|\n|t:|1741118759\n|switch|p1b: Imp|Ditto|191/300\n|-damage|p1b: Imp|154/300|[from] Stealth Rock\n|-transform|p1b: Imp|p2a: Nidoqueen|[from] ability: Imposter\n|move|p2a: Nidoqueen|Protect|p2a: Nidoqueen\n|-singleturn|p2a: Nidoqueen|Protect\n|move|p1a: King Nido|Earth Power|p2a: Nidoqueen\n|-activate|p2a: Nidoqueen|move: Protect\n|move|p2b: Onix|Roar|p1a: King Nido\n|drag|p1a: Purple Haze|Butterfree, F|262/262\n|-damage|p1a: Purple Haze|131/262|[from] Stealth Rock\n|\n|upkeep\n|turn|24\n|\n|t:|1741118794\n|move|p1a: Purple Haze|Sleep Powder|p2a: Nidoqueen\n|debug|compoundeyes - enhancing accuracy\n|-status|p2a: Nidoqueen|slp|[from] move: Sleep Powder\n|move|p1b: Imp|Poison Jab|p2b: Onix\n|-resisted|p2b: Onix\n|-damage|p2b: Onix|200/211\n|-enditem|p2b: Onix|Air Balloon\n|move|p2b: Onix|Roar|p1a: Purple Haze\n|drag|p1a: Big Bird|Fearow, M|251/334\n|-damage|p1a: Big Bird|168/334|[from] Stealth Rock\n|cant|p2a: Nidoqueen|slp\n|\n|upkeep\n|turn|25\n|\n|t:|1741118833\n|switch|p1a: Bee|Beedrill, M|271/271\n|-damage|p1a: Bee|204/271|[from] Stealth Rock\n|cant|p2a: Nidoqueen|slp\n|move|p1b: Imp|Roar|p2b: Onix\n|drag|p2b: Wartortle|Wartortle, F|132/322\n|\n|-sideend|p1: mistermoscow|move: Tailwind\n|upkeep\n|turn|26\n|\n|t:|1741118874\n|switch|p1b: Randy|Machoke, M|302/302\n|-damage|p1b: Randy|284/302|[from] Stealth Rock\n|move|p1a: Bee|Tailwind|p1a: Bee\n|-sidestart|p1: mistermoscow|move: Tailwind\n|move|p2b: Wartortle|Life Dew||[still]|[spread] p2a,p2b\n|-fail|p2a: Nidoqueen|heal\n|-heal|p2b: Wartortle|213/322\n|cant|p2a: Nidoqueen|slp\n|\n|upkeep\n|turn|27\n|\n|t:|1741118908\n|switch|p1a: Victor|Victreebel, M|364/364\n|-damage|p1a: Victor|319/364|[from] Stealth Rock\n|move|p1b: Randy|Fissure|p2b: Wartortle\n|-damage|p2b: Wartortle|0 fnt\n|faint|p2b: Wartortle\n|-ohko\n|-curestatus|p2a: Nidoqueen|slp|[msg]\n|move|p2a: Nidoqueen|Poison Jab|p1b: Randy\n|-damage|p1b: Randy|227/302\n|-status|p1b: Randy|psn\n|\n|-heal|p1a: Victor|341/364|[from] item: Black Sludge\n|-damage|p1b: Randy|190/302 psn|[from] psn\n|upkeep\n|c|☆mattmandaman|nooooo\n|c|☆mistermoscow|mwahaha\n|\n|t:|1741118934\n|switch|p2b: Dodrio|Dodrio, M|262/262\n|turn|28\n|\n|t:|1741118952\n|switch|p1b: King Nido|Nidoking, M|285/304\n|-damage|p1b: King Nido|266/304|[from] Stealth Rock\n|move|p2a: Nidoqueen|Protect|p2a: Nidoqueen\n|-singleturn|p2a: Nidoqueen|Protect\n|move|p1a: Victor|Sucker Punch|p2b: Dodrio\n|-damage|p2b: Dodrio|164/262\n|move|p2b: Dodrio|Brave Bird|p1a: Victor\n|-supereffective|p1a: Victor\n|-damage|p1a: Victor|0 fnt\n|faint|p1a: Victor\n|-damage|p2b: Dodrio|51/262|[from] Recoil\n|\n|upkeep\n|\n|t:|1741118967\n|switch|p1a: Eggman|Exeggutor, M|306/363\n|-damage|p1a: Eggman|261/363|[from] Stealth Rock\n|turn|29\n|\n|t:|1741118987\n|switch|p2a: Chansey|Chansey, F|611/704\n|move|p2b: Dodrio|Protect|p2b: Dodrio\n|-singleturn|p2b: Dodrio|Protect\n|move|p1b: King Nido|Thunderbolt|p2b: Dodrio\n|-activate|p2b: Dodrio|move: Protect\n|move|p1a: Eggman|Expanding Force|p2a: Chansey\n|-damage|p2a: Chansey|517/704\n|\n|-heal|p1a: Eggman|283/363|[from] item: Leftovers\n|-sideend|p1: mistermoscow|move: Tailwind\n|upkeep\n|turn|30\n|\n|t:|1741119019\n|switch|p2a: Rhydon|Rhydon, F|414/414\n|move|p1b: King Nido|Thunderbolt|p2a: Rhydon\n|-activate|p2a: Rhydon|ability: Lightning Rod\n|-ability|p2a: Rhydon|Lightning Rod|boost\n|-boost|p2a: Rhydon|spa|1\n|move|p2b: Dodrio|Tailwind|p2b: Dodrio\n|-sidestart|p2: mattmandaman|move: Tailwind\n|move|p1a: Eggman|Psychic Terrain|p1a: Eggman\n|-fieldstart|move: Psychic Terrain\n|\n|-heal|p1a: Eggman|305/363|[from] item: Leftovers\n|upkeep\n|turn|31\n|\n|t:|1741119061\n|switch|p1b: Bee|Beedrill, M|204/271\n|-damage|p1b: Bee|137/271|[from] Stealth Rock\n|switch|p1a: Big Bird|Fearow, M|168/334\n|-damage|p1a: Big Bird|85/334|[from] Stealth Rock\n|move|p2b: Dodrio|Brave Bird|p1a: Big Bird\n|-damage|p1a: Big Bird|0 fnt\n|faint|p1a: Big Bird\n|-damage|p2b: Dodrio|23/262|[from] Recoil\n|move|p2a: Rhydon|Rock Slide|p1b: Bee|[miss]\n|debug|lax incense - decreasing accuracy\n|-miss|p2a: Rhydon|p1b: Bee\n|\n|upkeep\n|\n|t:|1741119109\n|switch|p1a: Randy|Machoke, M|190/302 psn\n|-damage|p1a: Randy|172/302 psn|[from] Stealth Rock\n|turn|32\n|\n|t:|1741119119\n|move|p1a: Randy|Bullet Punch|p2b: Dodrio\n|-hint|Psychic Terrain doesn't affect Pokémon immune to Ground.\n|-damage|p2b: Dodrio|0 fnt\n|faint|p2b: Dodrio\n|move|p1b: Bee|Sunny Day|p1b: Bee\n|-weather|SunnyDay\n|move|p2a: Rhydon|Rock Slide|p1b: Bee|[spread] p1a,p1b\n|debug|lax incense - decreasing accuracy\n|debug|Spread modifier: 0.75\n|-resisted|p1a: Randy\n|debug|Spread modifier: 0.75\n|-supereffective|p1b: Bee\n|-damage|p1a: Randy|139/302 psn\n|-damage|p1b: Bee|0 fnt\n|debug|move failed because it did nothing\n|faint|p1b: Bee\n|\n|-weather|SunnyDay|[upkeep]\n|-damage|p1a: Randy|102/302 psn|[from] psn\n|upkeep\n|\n|t:|1741119138\n|switch|p2b: Starmie|Starmie|262/262\n|switch|p1b: Lil Birb|Pidgey, M|222/222\n|-damage|p1b: Lil Birb|167/222|[from] Stealth Rock\n|turn|33\n|\n|t:|1741119155\n|switch|p2a: Farfetch’d|Farfetch’d, M|246/246\n|switch|p1a: Imp|Ditto|154/300\n|-damage|p1a: Imp|117/300|[from] Stealth Rock\n|-transform|p1a: Imp|p2b: Starmie|[from] ability: Imposter\n|move|p1b: Lil Birb|Protect|p1b: Lil Birb\n|-singleturn|p1b: Lil Birb|Protect\n|move|p2b: Starmie|Expanding Force|p1b: Lil Birb|[spread] p1a\n|-activate|p1b: Lil Birb|move: Protect\n|debug|psychic terrain boost\n|debug|terrain buff\n|debug|Spread modifier: 0.75\n|-resisted|p1a: Imp\n|-damage|p1a: Imp|0 fnt\n|faint|p1a: Imp\n|\n|-weather|SunnyDay|[upkeep]\n|-sideend|p2: mattmandaman|move: Tailwind\n|upkeep\n|\n|t:|1741119186\n|switch|p1a: Eggman|Exeggutor, M|305/363\n|-damage|p1a: Eggman|260/363|[from] Stealth Rock\n|turn|34\n|\n|t:|1741119217\n|switch|p2b: Chansey|Chansey, F|517/704\n|move|p1a: Eggman|Protect|p1a: Eggman\n|-singleturn|p1a: Eggman|Protect\n|move|p2a: Farfetch’d|Tailwind|p2a: Farfetch’d\n|-sidestart|p2: mattmandaman|move: Tailwind\n|move|p1b: Lil Birb|U-turn|p2a: Farfetch’d\n|-resisted|p2a: Farfetch’d\n|-damage|p2a: Farfetch’d|222/246\n|\n|t:|1741119239\n|switch|p1b: Mister Snips|Kingler, M|252/252|[from] U-turn\n|-damage|p1b: Mister Snips|221/252|[from] Stealth Rock\n|\n|-weather|SunnyDay|[upkeep]\n|-heal|p1a: Eggman|282/363|[from] item: Leftovers\n|-fieldend|move: Psychic Terrain\n|upkeep\n|turn|35\n|\n|t:|1741119259\n|switch|p2b: Poliwrath|Poliwrath, F|384/384\n|move|p1b: Mister Snips|Ally Switch|p1b: Mister Snips\n|swap|p1b: Mister Snips|0|[from] move: Ally Switch\n|move|p2a: Farfetch’d|Brave Bird|p1a: Mister Snips\n|-damage|p1a: Mister Snips|59/252\n|-damage|p2a: Farfetch’d|169/246|[from] Recoil\n|move|p1b: Eggman|Psychic Terrain|p1b: Eggman\n|-fieldstart|move: Psychic Terrain\n|\n|-weather|SunnyDay|[upkeep]\n|-heal|p1b: Eggman|304/363|[from] item: Leftovers\n|upkeep\n|turn|36\n|\n|t:|1741119279\n|move|p2a: Farfetch’d|Brave Bird|p1b: Eggman\n|-supereffective|p1b: Eggman\n|-damage|p1b: Eggman|0 fnt\n|faint|p1b: Eggman\n|-damage|p2a: Farfetch’d|69/246|[from] Recoil\n|move|p2b: Poliwrath|Drain Punch|p1a: Mister Snips\n|-damage|p1a: Mister Snips|0 fnt\n|faint|p1a: Mister Snips\n|\n|-weather|none\n|upkeep\n|\n|t:|1741119309\n|switch|p1a: Mimsy|Mr. Mime, M|66/284\n|switch|p1b: Apollo|Primeape, M|231/334 brn\n|-damage|p1b: Apollo|211/334 brn|[from] Stealth Rock\n|-damage|p1a: Mimsy|31/284|[from] Stealth Rock\n|turn|37\n|\n|t:|1741119323\n|move|p1a: Mimsy|Follow Me|p1a: Mimsy\n|-singleturn|p1a: Mimsy|move: Follow Me\n|move|p2a: Farfetch’d|Brave Bird|p1a: Mimsy\n|debug|Follow Me redirected target of move\n|-damage|p1a: Mimsy|0 fnt\n|faint|p1a: Mimsy\n|-damage|p2a: Farfetch’d|59/246|[from] Recoil\n|move|p2b: Poliwrath|Waterfall|p1b: Apollo\n|-damage|p1b: Apollo|82/334 brn\n|move|p1b: Apollo|Bulk Up|p1b: Apollo\n|-boost|p1b: Apollo|atk|1\n|-boost|p1b: Apollo|def|1\n|\n|-damage|p1b: Apollo|62/334 brn|[from] brn\n|-sideend|p2: mattmandaman|move: Tailwind\n|upkeep\n|\n|t:|1741119339\n|switch|p1a: King Nido|Nidoking, M|266/304\n|-damage|p1a: King Nido|247/304|[from] Stealth Rock\n|turn|38\n|\n|t:|1741119356\n|move|p1b: Apollo|Protect|p1b: Apollo\n|-singleturn|p1b: Apollo|Protect\n|move|p1a: King Nido|Thunderbolt|p2b: Poliwrath\n|-supereffective|p2b: Poliwrath\n|-enditem|p2b: Poliwrath|Wacan Berry|[eat]\n|debug|-50% reduction\n|-enditem|p2b: Poliwrath|Wacan Berry|[weaken]\n|-damage|p2b: Poliwrath|259/384\n|move|p2a: Farfetch’d|Tailwind|p2a: Farfetch’d\n|-sidestart|p2: mattmandaman|move: Tailwind\n|move|p2b: Poliwrath|Waterfall|p1a: King Nido\n|-supereffective|p1a: King Nido\n|-damage|p1a: King Nido|0 fnt\n|debug|move failed because it did nothing\n|faint|p1a: King Nido\n|\n|-damage|p1b: Apollo|42/334 brn|[from] brn\n|upkeep\n|\n|t:|1741119369\n|switch|p1a: Gang Gang|Gengar, M|262/262\n|-damage|p1a: Gang Gang|230/262|[from] Stealth Rock\n|turn|39\n|\n|t:|1741119376\n|move|p1b: Apollo|Protect||[still]\n|debug|Success chance: 33%\n|-fail|p1b: Apollo\n|move|p2a: Farfetch’d|Brave Bird|p1b: Apollo\n|-supereffective|p1b: Apollo\n|-damage|p1b: Apollo|0 fnt\n|faint|p1b: Apollo\n|-damage|p2a: Farfetch’d|45/246|[from] Recoil\n|move|p2b: Poliwrath|Waterfall|p1a: Gang Gang\n|-damage|p1a: Gang Gang|38/262\n|-start|p2b: Poliwrath|Disable|Waterfall|[from] ability: Cursed Body|[of] p1a: Gang Gang\n|move|p1a: Gang Gang|Destiny Bond|p1a: Gang Gang\n|-singlemove|p1a: Gang Gang|Destiny Bond\n|\n|-fieldend|move: Psychic Terrain\n|upkeep\n|\n|t:|1741119395\n|switch|p1b: Randy|Machoke, M|102/302 psn\n|-damage|p1b: Randy|84/302 psn|[from] Stealth Rock\n|turn|40\n|\n|t:|1741119413\n|switch|p2a: Nidoqueen|Nidoqueen, F|384/384\n|move|p2b: Poliwrath|Drain Punch|p1b: Randy\n|-damage|p1b: Randy|3/302 psn\n|-heal|p2b: Poliwrath|300/384|[from] drain|[of] p1b: Randy\n|debug|removing Destiny Bond before attack\n|move|p1a: Gang Gang|Sludge Bomb|p2a: Nidoqueen\n|-resisted|p2a: Nidoqueen\n|-damage|p2a: Nidoqueen|340/384\n|debug|natural status immunity\n|debug|immune to status\n|debug|move failed because it did nothing\n|move|p1b: Randy|Fissure|p2b: Poliwrath\n|-damage|p2b: Poliwrath|0 fnt\n|faint|p2b: Poliwrath\n|-ohko\n|\n|-heal|p2a: Nidoqueen|364/384|[from] item: Black Sludge\n|-damage|p1b: Randy|0 fnt|[from] psn\n|faint|p1b: Randy\n|upkeep\n|\n|t:|1741119430\n|switch|p2b: Farfetch’d|Farfetch’d, M|45/246\n|switch|p1b: Lil Birb|Pidgey, M|167/222\n|-damage|p1b: Lil Birb|112/222|[from] Stealth Rock\n|turn|41\n|\n|t:|1741119439\n|move|p1a: Gang Gang|Protect|p1a: Gang Gang\n|-singleturn|p1a: Gang Gang|Protect\n|move|p2b: Farfetch’d|Brave Bird|p1a: Gang Gang\n|-activate|p1a: Gang Gang|move: Protect\n|move|p2a: Nidoqueen|Poison Jab|p1b: Lil Birb\n|-damage|p1b: Lil Birb|39/222\n|move|p1b: Lil Birb|Tailwind|p1b: Lil Birb\n|-sidestart|p1: mistermoscow|move: Tailwind\n|\n|-heal|p2a: Nidoqueen|384/384|[from] item: Black Sludge\n|-sideend|p2: mattmandaman|move: Tailwind\n|upkeep\n|turn|42\n|\n|t:|1741119474\n|move|p2b: Farfetch’d|Feint|p1b: Lil Birb\n|-damage|p1b: Lil Birb|0 fnt\n|faint|p1b: Lil Birb\n|move|p1a: Gang Gang|Destiny Bond|p1a: Gang Gang\n|-singlemove|p1a: Gang Gang|Destiny Bond\n|move|p2a: Nidoqueen|Poison Jab|p1a: Gang Gang\n|-resisted|p1a: Gang Gang\n|-damage|p1a: Gang Gang|8/262\n|\n|upkeep\n|\n|t:|1741119488\n|switch|p1b: Purple Haze|Butterfree, F|131/262\n|-damage|p1b: Purple Haze|0 fnt|[from] Stealth Rock\n|faint|p1b: Purple Haze\n|\n|t:|1741119492\n|switch|p1b: Fluffy|Flareon, F|271/271\n|-damage|p1b: Fluffy|204/271|[from] Stealth Rock\n|turn|43\n|\n|t:|1741119509\n|move|p2b: Farfetch’d|Feint|p1b: Fluffy\n|-damage|p1b: Fluffy|156/271\n|debug|removing Destiny Bond before attack\n|move|p1a: Gang Gang|Shadow Ball|p2a: Nidoqueen\n|-damage|p2a: Nidoqueen|219/384\n|move|p1b: Fluffy|Trailblaze|p2b: Farfetch’d\n|-resisted|p2b: Farfetch’d\n|-damage|p2b: Farfetch’d|0 fnt\n|-boost|p1b: Fluffy|spe|1\n|faint|p2b: Farfetch’d\n|move|p2a: Nidoqueen|Roar|p1a: Gang Gang\n|drag|p1a: Nida|Nidoran-F, F|251/251\n|-damage|p1a: Nida|220/251|[from] Stealth Rock\n|\n|-heal|p2a: Nidoqueen|243/384|[from] item: Black Sludge\n|-status|p1b: Fluffy|tox|[from] item: Toxic Orb\n|upkeep\n|\n|t:|1741119526\n|switch|p2b: Nidoking|Nidoking, M|304/304\n|turn|44\n|\n|t:|1741119539\n|move|p1a: Nida|Helping Hand|p1b: Fluffy\n|-singleturn|p1b: Fluffy|Helping Hand|[of] p1a: Nida\n|move|p1b: Fluffy|Flare Blitz|p2b: Nidoking\n|debug|Boosting from Helping Hand: 1.5\n|-crit|p2b: Nidoking\n|-damage|p2b: Nidoking|0 fnt\n|faint|p2b: Nidoking\n|-damage|p1b: Fluffy|56/271 tox|[from] Recoil\n|move|p2a: Nidoqueen|Poison Jab|p1b: Fluffy\n|-damage|p1b: Fluffy|0 fnt\n|faint|p1b: Fluffy\n|\n|-heal|p2a: Nidoqueen|267/384|[from] item: Black Sludge\n|-sideend|p1: mistermoscow|move: Tailwind\n|upkeep\n|\n|t:|1741119551\n|switch|p2b: Starmie|Starmie|262/262\n|switch|p1b: Gang Gang|Gengar, M|8/262\n|-damage|p1b: Gang Gang|0 fnt|[from] Stealth Rock\n|faint|p1b: Gang Gang\n|turn|45\n|\n|t:|1741119559\n|move|p1a: Nida|Protect|p1a: Nida\n|-singleturn|p1a: Nida|Protect\n|move|p2b: Starmie|Expanding Force|p1a: Nida\n|-activate|p1a: Nida|move: Protect\n|move|p2a: Nidoqueen|Poison Jab|p1a: Nida\n|-activate|p1a: Nida|move: Protect\n|\n|-heal|p2a: Nidoqueen|291/384|[from] item: Black Sludge\n|upkeep\n|turn|46\n|\n|t:|1741119569\n|move|p2b: Starmie|Expanding Force|p1a: Nida\n|-supereffective|p1a: Nida\n|-damage|p1a: Nida|0 fnt\n|faint|p1a: Nida\n|\n|win|mattmandaman\n|c|☆mistermoscow|gg\n|c|☆mattmandaman|gg\n|c|☆mattmandaman|yea i got a wee but more depth\n|c|☆mistermoscow|yup lol\n|c|☆mistermoscow|ima hop off now, that was a long battle haha\n|c|☆mattmandaman|yea it was these take a while\n","uploadtime":1741119675,"views":"38","formatid":"gen9doublescustomgame","rating":null,"private":0,"password":null}