{"id":"gen9doublescustomgame-2339435844","format":"[Gen 9] Doubles Custom Game","players":["Mango Meloetta","mistermoscow"],"log":"|j|☆Mango Meloetta\n|j|☆mistermoscow\n|t:|1744254173\n|gametype|doubles\n|player|p1|Mango Meloetta|li|\n|player|p2|mistermoscow|alder|\n|teamsize|p1|6\n|teamsize|p2|6\n|gen|9\n|tier|[Gen 9] Doubles Custom Game\n|clearpoke\n|poke|p1|Pinsir, F|\n|poke|p1|Poliwrath, M|\n|poke|p1|Electabuzz, M|\n|poke|p1|Golduck, F|\n|poke|p1|Snorlax, F|\n|poke|p1|Weezing, F|\n|poke|p2|Nidoking, M|\n|poke|p2|Dragonite, M|\n|poke|p2|Dewgong, M|\n|poke|p2|Exeggutor, M|\n|poke|p2|Mr. Mime, M|\n|poke|p2|Jolteon, M|\n|teampreview\n|c|☆Mango Meloetta|yeee official?\n|c|☆mistermoscow|yeee\n|c|☆Mango Meloetta|yeee\n|\n|t:|1744254240\n|start\n|switch|p1a: Pinsir|Pinsir, F|271/271\n|switch|p1b: Electabuzz|Electabuzz, M|334/334\n|switch|p2a: Dewey|Dewgong, M|384/384\n|switch|p2b: Sparky|Jolteon, M|271/271\n|-ability|p1a: Pinsir|Mold Breaker\n|turn|1\n|\n|t:|1744254312\n|move|p2a: Dewey|Fake Out|p1a: Pinsir\n|-damage|p1a: Pinsir|238/271\n|move|p2b: Sparky|Reflect|p2b: Sparky\n|-sidestart|p2: mistermoscow|Reflect\n|cant|p1a: Pinsir|flinch\n|move|p1b: Electabuzz|Electroweb|p2a: Dewey|[spread] p2a\n|-immune|p2b: Sparky|[from] ability: Volt Absorb\n|debug|Spread modifier: 0.75\n|-supereffective|p2a: Dewey\n|-damage|p2a: Dewey|288/384\n|debug|Covert Cloak prevent secondary\n|\n|upkeep\n|turn|2\n|\n|t:|1744254362\n|switch|p1a: Golduck|Golduck, F|301/301\n|-ability|p1a: Golduck|Cloud Nine\n|switch|p1b: Weezing|Weezing, F|334/334\n|move|p2b: Sparky|Light Screen|p2b: Sparky\n|-sidestart|p2: mistermoscow|move: Light Screen\n|move|p2a: Dewey|Triple Axel|p1b: Weezing\n|-damage|p1b: Weezing|315/334\n|-damage|p1b: Weezing|278/334\n|-hitcount|p1b: Weezing|2\n|\n|-heal|p1b: Weezing|298/334|[from] item: Leftovers\n|upkeep\n|turn|3\n|\n|t:|1744254384\n|move|p2b: Sparky|Electroweb|p1a: Golduck|[spread] p1a,p1b\n|debug|Spread modifier: 0.75\n|-supereffective|p1a: Golduck\n|-crit|p1a: Golduck\n|debug|Spread modifier: 0.75\n|-damage|p1a: Golduck|61/301\n|-damage|p1b: Weezing|216/334\n|-unboost|p1a: Golduck|spe|1\n|-unboost|p1b: Weezing|spe|1\n|move|p1a: Golduck|Psychic|p2a: Dewey\n|debug|Light Screen weaken\n|-damage|p2a: Dewey|225/384\n|debug|Covert Cloak prevent secondary\n|move|p2a: Dewey|Knock Off|p1a: Golduck\n|-damage|p1a: Golduck|0 fnt\n|-enditem|p1a: Golduck|Focus Sash|[from] move: Knock Off|[of] p2a: Dewey\n|faint|p1a: Golduck\n|move|p1b: Weezing|Sludge Bomb|p2a: Dewey\n|debug|Light Screen weaken\n|-damage|p2a: Dewey|158/384\n|debug|Covert Cloak prevent secondary\n|\n|-heal|p1b: Weezing|236/334|[from] item: Leftovers\n|upkeep\n|\n|t:|1744254423\n|switch|p1a: Snorlax|Snorlax, F|524/524\n|turn|4\n|\n|t:|1744254447\n|move|p2b: Sparky|Shadow Ball|p1b: Weezing\n|-damage|p1b: Weezing|128/334\n|-unboost|p1b: Weezing|spd|1\n|move|p2a: Dewey|Flip Turn|p1b: Weezing\n|-damage|p1b: Weezing|74/334\n|\n|t:|1744254465\n|switch|p2a: Mimsy|Mr. Mime, M|221/221|[from] Flip Turn\n|move|p1b: Weezing|Toxic|p2b: Sparky\n|-status|p2b: Sparky|tox\n|move|p1a: Snorlax|Body Slam|p2a: Mimsy\n|debug|Reflect weaken\n|-damage|p2a: Mimsy|117/221\n|-status|p2a: Mimsy|par\n|\n|-heal|p1b: Weezing|94/334|[from] item: Leftovers\n|-damage|p2b: Sparky|255/271 tox|[from] psn\n|upkeep\n|turn|5\n|\n|t:|1744254511\n|move|p2b: Sparky|Shadow Ball|p1b: Weezing\n|-damage|p1b: Weezing|0 fnt\n|faint|p1b: Weezing\n|move|p2a: Mimsy|Psychic Terrain|p2a: Mimsy\n|-fieldstart|move: Psychic Terrain\n|move|p1a: Snorlax|Yawn||[still]\n|-fail|p1a: Snorlax\n|\n|-damage|p2b: Sparky|223/271 tox|[from] psn\n|upkeep\n|\n|t:|1744254525\n|switch|p1b: Poliwrath|Poliwrath, M|383/383\n|turn|6\n|c|☆mistermoscow|oof yeah, they're both statused already lol\n|c|☆Mango Meloetta|oops haha\n|\n|t:|1744254580\n|move|p2b: Sparky|Electroweb|p1b: Poliwrath|[spread] p1a,p1b\n|debug|Spread modifier: 0.75\n|debug|Spread modifier: 0.75\n|-supereffective|p1b: Poliwrath\n|-crit|p1b: Poliwrath\n|-damage|p1a: Snorlax|461/524\n|-damage|p1b: Poliwrath|239/383\n|-unboost|p1a: Snorlax|spe|1\n|-unboost|p1b: Poliwrath|spe|1\n|move|p2a: Mimsy|Expanding Force|p1b: Poliwrath|[spread] p1a,p1b\n|debug|psychic terrain boost\n|debug|terrain buff\n|debug|Spread modifier: 0.75\n|debug|psychic terrain boost\n|debug|terrain buff\n|debug|Spread modifier: 0.75\n|-supereffective|p1b: Poliwrath\n|-damage|p1a: Snorlax|274/524\n|-damage|p1b: Poliwrath|0 fnt\n|faint|p1b: Poliwrath\n|move|p1a: Snorlax|Ice Punch|p2b: Sparky\n|debug|Reflect weaken\n|-damage|p2b: Sparky|134/271 tox\n|\n|-damage|p2b: Sparky|86/271 tox|[from] psn\n|upkeep\n|\n|t:|1744254596\n|switch|p1b: Electabuzz|Electabuzz, M|334/334\n|turn|7\n|\n|t:|1744254612\n|switch|p2b: Dewey|Dewgong, M|158/384\n|move|p1b: Electabuzz|Electroweb|p2b: Dewey|[spread] p2b\n|-miss|p1b: Electabuzz|p2a: Mimsy\n|debug|Spread modifier: 0.75\n|-supereffective|p2b: Dewey\n|debug|Light Screen weaken\n|-damage|p2b: Dewey|94/384\n|debug|Covert Cloak prevent secondary\n|cant|p2a: Mimsy|par\n|move|p1a: Snorlax|Double-Edge|p2a: Mimsy\n|-crit|p2a: Mimsy\n|-damage|p2a: Mimsy|0 fnt\n|faint|p2a: Mimsy\n|-damage|p1a: Snorlax|235/524|[from] Recoil\n|-enditem|p1a: Snorlax|Aguav Berry|[eat]\n|-heal|p1a: Snorlax|409/524|[from] item: Aguav Berry\n|\n|upkeep\n|\n|t:|1744254627\n|switch|p2a: King Nido|Nidoking, M|303/303\n|turn|8\n|\n|t:|1744254657\n|move|p2a: King Nido|Earth Power|p1b: Electabuzz\n|-supereffective|p1b: Electabuzz\n|-damage|p1b: Electabuzz|94/334\n|move|p1b: Electabuzz|Volt Switch|p2b: Dewey\n|-supereffective|p2b: Dewey\n|debug|Light Screen weaken\n|-damage|p2b: Dewey|0 fnt\n|faint|p2b: Dewey\n|\n|t:|1744254666\n|switch|p1b: Pinsir|Pinsir, F|238/271|[from] Volt Switch\n|-ability|p1b: Pinsir|Mold Breaker\n|move|p1a: Snorlax|Ice Punch|p2a: King Nido\n|-supereffective|p2a: King Nido\n|debug|Reflect weaken\n|-damage|p2a: King Nido|146/303\n|\n|-sideend|p2: mistermoscow|Reflect\n|upkeep\n|\n|t:|1744254682\n|switch|p2b: Eggman|Exeggutor, M|394/394\n|turn|9\n|\n|t:|1744254722\n|move|p2b: Eggman|Protect|p2b: Eggman\n|-singleturn|p2b: Eggman|Protect\n|move|p2a: King Nido|Earth Power|p1a: Snorlax\n|-damage|p1a: Snorlax|253/524\n|move|p1b: Pinsir|Knock Off|p2b: Eggman\n|-activate|p2b: Eggman|move: Protect\n|move|p1a: Snorlax|Ice Punch|p2b: Eggman\n|-activate|p2b: Eggman|move: Protect\n|\n|-sideend|p2: mistermoscow|move: Light Screen\n|-fieldend|move: Psychic Terrain\n|upkeep\n|turn|10\n|c|☆Mango Meloetta|f lol\n|\n|t:|1744254753\n|move|p2a: King Nido|Earth Power|p1a: Snorlax\n|-damage|p1a: Snorlax|100/524\n|move|p1b: Pinsir|Knock Off|p2b: Eggman\n|-supereffective|p2b: Eggman\n|-damage|p2b: Eggman|4/394\n|-enditem|p2b: Eggman|Life Orb|[from] move: Knock Off|[of] p1b: Pinsir\n|move|p2b: Eggman|Giga Drain|p1a: Snorlax\n|-damage|p1a: Snorlax|0 fnt\n|-heal|p2b: Eggman|54/394|[from] drain|[of] p1a: Snorlax\n|faint|p1a: Snorlax\n|\n|upkeep\n|\n|t:|1744254784\n|switch|p1a: Electabuzz|Electabuzz, M|94/334\n|turn|11\n|\n|t:|1744254803\n|move|p2b: Eggman|Protect|p2b: Eggman\n|-singleturn|p2b: Eggman|Protect\n|move|p1a: Electabuzz|Follow Me|p1a: Electabuzz\n|-singleturn|p1a: Electabuzz|move: Follow Me\n|move|p2a: King Nido|Earth Power|p1a: Electabuzz\n|debug|Follow Me redirected target of move\n|-supereffective|p1a: Electabuzz\n|-damage|p1a: Electabuzz|0 fnt\n|faint|p1a: Electabuzz\n|move|p1b: Pinsir|Knock Off|p2b: Eggman\n|-activate|p2b: Eggman|move: Protect\n|\n|upkeep\n|turn|12\n|\n|t:|1744254840\n|switch|p2b: Puff Daddy|Dragonite, M|355/355\n|move|p2a: King Nido|Earth Power|p1b: Pinsir\n|-resisted|p1b: Pinsir\n|-damage|p1b: Pinsir|118/271\n|move|p1b: Pinsir|Knock Off|p2b: Puff Daddy\n|debug|ModifyDamage handler suppressed by Mold Breaker\n|-damage|p2b: Puff Daddy|186/355\n|-enditem|p2b: Puff Daddy|Clear Amulet|[from] move: Knock Off|[of] p1b: Pinsir\n|\n|upkeep\n|turn|13\n|\n|t:|1744254860\n|move|p2a: King Nido|Earth Power|p1b: Pinsir\n|-resisted|p1b: Pinsir\n|-damage|p1b: Pinsir|0 fnt\n|faint|p1b: Pinsir\n|\n|win|mistermoscow\n|c|☆mistermoscow|gg\n","uploadtime":1744254866,"views":"11","formatid":"gen9doublescustomgame","rating":null,"private":0,"password":null}