{"id":"gen9doublescustomgame-2266000658","format":"[Gen 9] Doubles Custom Game","players":["mistermoscow","Mattmandaman"],"log":"|badge|p2|gold|gen9doublesou|3-3\n|uhtml|medal-msg|<div class=\"broadcast-blue\">Curious what those medals under the avatar are? PS now has Ladder Seasons! For more information, check out the <a href=\"https://www.smogon.com/forums/threads/3740067/\">thread on Smogon.</a></div>\n|j|☆mistermoscow\n|j|☆Mattmandaman\n|t:|1734620096\n|gametype|doubles\n|player|p1|mistermoscow|alder|\n|player|p2|Mattmandaman|giovanni|\n|teamsize|p1|6\n|teamsize|p2|6\n|gen|9\n|tier|[Gen 9] Doubles Custom Game\n|clearpoke\n|poke|p1|Butterfree, F|\n|poke|p1|Clefairy, M|\n|poke|p1|Poliwrath, F|\n|poke|p1|Ditto|\n|poke|p1|Porygon|\n|poke|p1|Snorlax, M|\n|poke|p2|Primeape, F|\n|poke|p2|Marowak, M|\n|poke|p2|Dodrio, F|\n|poke|p2|Gengar, M|\n|poke|p2|Pikachu, M|\n|poke|p2|Tentacruel, F|\n|teampreview\n|\n|t:|1734620129\n|start\n|switch|p1a: Purple Haze|Butterfree, F|262/262\n|switch|p1b: Imp|Ditto|300/300\n|switch|p2a: Pikachu|Pikachu, M|211/211\n|switch|p2b: Primeape|Primeape, F|272/272\n|-transform|p1b: Imp|p2a: Pikachu|[from] ability: Imposter\n|turn|1\n|\n|t:|1734620166\n|move|p1b: Imp|Fake Out|p2a: Pikachu\n|-damage|p2a: Pikachu|142/211\n|move|p2b: Primeape|Rock Slide|p1b: Imp|[spread] p1a,p1b\n|debug|Spread modifier: 0.75\n|-supereffective|p1a: Purple Haze\n|debug|Spread modifier: 0.75\n|-damage|p1a: Purple Haze|0 fnt\n|-damage|p1b: Imp|178/300\n|debug|Covert Cloak prevent secondary\n|faint|p1a: Purple Haze\n|cant|p2a: Pikachu|flinch\n|\n|upkeep\n|\n|t:|1734620189\n|switch|p1a: Pogo Jr|Porygon|271/271\n|-ability|p1a: Pogo Jr|Download|boost\n|-boost|p1a: Pogo Jr|atk|1\n|turn|2\n|\n|t:|1734620201\n|switch|p1b: Clifford|Clefairy, M|282/282\n|move|p2b: Primeape|Drain Punch|p1a: Pogo Jr\n|-supereffective|p1a: Pogo Jr\n|debug|Friend Guard weaken\n|-damage|p1a: Pogo Jr|150/271\n|move|p2a: Pikachu|Volt Tackle|p1a: Pogo Jr\n|debug|Friend Guard weaken\n|-damage|p1a: Pogo Jr|30/271\n|-status|p1a: Pogo Jr|par\n|-damage|p2a: Pikachu|102/211|[from] Recoil\n|move|p1a: Pogo Jr|Trick Room|p1a: Pogo Jr\n|-fieldstart|move: Trick Room|[of] p1a: Pogo Jr\n|\n|upkeep\n|turn|3\n|\n|t:|1734620286\n|switch|p1a: Imp|Ditto|178/300\n|-transform|p1a: Imp|p2b: Primeape|[from] ability: Imposter\n|move|p1b: Clifford|Heal Pulse|p1a: Imp\n|-heal|p1a: Imp|300/300\n|move|p2a: Pikachu|Volt Switch|p1b: Clifford\n|-damage|p1b: Clifford|216/282\n|\n|t:|1734620299\n|switch|p2a: Marowak|Marowak, M|262/262|[from] Volt Switch\n|move|p2b: Primeape|Rage Fist|p1b: Clifford\n|-damage|p1b: Clifford|174/282\n|\n|upkeep\n|turn|4\n|\n|t:|1734620318\n|move|p1a: Imp|Protect|p1a: Imp\n|-singleturn|p1a: Imp|Protect\n|move|p2b: Primeape|Protect|p2b: Primeape\n|-singleturn|p2b: Primeape|Protect\n|move|p1b: Clifford|Minimize|p1b: Clifford\n|-boost|p1b: Clifford|evasion|2\n|move|p2a: Marowak|Earthquake|p1a: Imp|[spread] p1b\n|-activate|p2b: Primeape|move: Protect\n|-activate|p1a: Imp|move: Protect\n|debug|Spread modifier: 0.75\n|-damage|p1b: Clifford|18/282\n|\n|upkeep\n|turn|5\n|\n|t:|1734620381\n|switch|p1a: Pogo Jr|Porygon|30/271 par\n|-ability|p1a: Pogo Jr|Download|boost\n|-boost|p1a: Pogo Jr|spa|1\n|switch|p2b: Dodrio|Dodrio, F|262/262\n|move|p1b: Clifford|Baton Pass|p1b: Clifford\n|\n|t:|1734620395\n|switch|p1b: Snax|Snorlax, M|524/524|[from] Baton Pass\n|move|p2a: Marowak|Earthquake|p1a: Pogo Jr|[spread] p1a,p1b\n|-immune|p2b: Dodrio\n|debug|Spread modifier: 0.75\n|debug|Spread modifier: 0.75\n|-damage|p1a: Pogo Jr|0 fnt\n|-damage|p1b: Snax|308/524\n|faint|p1a: Pogo Jr\n|\n|upkeep\n|\n|t:|1734620410\n|switch|p1a: Clifford|Clefairy, M|18/282\n|turn|6\n|\n|t:|1734620454\n|switch|p1a: Polly|Poliwrath, F|353/353\n|switch|p2a: Gengar|Gengar, M|262/262\n|move|p1b: Snax|Power-Up Punch|p2b: Dodrio\n|-damage|p2b: Dodrio|218/262\n|debug|Covert Cloak prevent secondary\n|-boost|p1b: Snax|atk|1\n|move|p2b: Dodrio|Taunt|p1a: Polly\n|-start|p1a: Polly|move: Taunt\n|\n|-fieldend|move: Trick Room\n|upkeep\n|turn|7\n|\n|t:|1734620493\n|switch|p1a: Clifford|Clefairy, M|18/282\n|move|p2b: Dodrio|Brave Bird|p1a: Clifford\n|-damage|p1a: Clifford|0 fnt\n|faint|p1a: Clifford\n|-damage|p2b: Dodrio|212/262|[from] Recoil\n|move|p2a: Gengar|Haze|p2a: Gengar\n|-clearallboost\n|move|p1b: Snax|Darkest Lariat|p2a: Gengar\n|debug|Negating (sp)def boost/penalty.\n|-supereffective|p2a: Gengar\n|-damage|p2a: Gengar|36/262\n|-start|p1b: Snax|Disable|Darkest Lariat|[from] ability: Cursed Body|[of] p2a: Gengar\n|\n|upkeep\n|\n|t:|1734620512\n|switch|p1a: Polly|Poliwrath, F|353/353\n|turn|8\n|\n|t:|1734620530\n|move|p2b: Dodrio|Brave Bird|p1a: Polly\n|-supereffective|p1a: Polly\n|-damage|p1a: Polly|39/353\n|-enditem|p1a: Polly|Aguav Berry|[eat]\n|-heal|p1a: Polly|156/353|[from] item: Aguav Berry\n|-damage|p2b: Dodrio|108/262|[from] Recoil\n|move|p2a: Gengar|Will-O-Wisp|p1b: Snax\n|-status|p1b: Snax|brn\n|move|p1a: Polly|Rock Slide|p2b: Dodrio|[spread] p2a,p2b\n|debug|Spread modifier: 0.75\n|debug|Spread modifier: 0.75\n|-supereffective|p2b: Dodrio\n|-damage|p2a: Gengar|0 fnt\n|-damage|p2b: Dodrio|0 fnt\n|debug|move failed because it did nothing\n|debug|Covert Cloak prevent secondary\n|-start|p1a: Polly|Disable|Rock Slide|[from] ability: Cursed Body|[of] p2a: Gengar\n|faint|p2a: Gengar\n|faint|p2b: Dodrio\n|move|p1b: Snax|Power-Up Punch|p2: Gengar|[notarget]\n|-fail|p1b: Snax\n|\n|-damage|p1b: Snax|276/524 brn|[from] brn\n|upkeep\n|\n|t:|1734620553\n|switch|p2b: Primeape|Primeape, F|272/272\n|switch|p2a: Pikachu|Pikachu, M|102/211\n|turn|9\n|\n|t:|1734620586\n|move|p2b: Primeape|Drain Punch|p1b: Snax\n|-supereffective|p1b: Snax\n|-damage|p1b: Snax|40/524 brn\n|move|p2a: Pikachu|Volt Switch|p1a: Polly\n|-supereffective|p1a: Polly\n|-damage|p1a: Polly|0 fnt\n|faint|p1a: Polly\n|\n|t:|1734620592\n|switch|p2a: Marowak|Marowak, M|262/262|[from] Volt Switch\n|move|p1b: Snax|Earthquake|p2a: Marowak|[spread] p2a,p2b\n|debug|Spread modifier: 0.75\n|debug|Spread modifier: 0.75\n|-damage|p2a: Marowak|231/262\n|-damage|p2b: Primeape|242/272\n|\n|-damage|p1b: Snax|8/524 brn|[from] brn\n|upkeep\n|\n|t:|1734620599\n|switch|p1a: Imp|Ditto|300/300\n|-transform|p1a: Imp|p2b: Primeape|[from] ability: Imposter\n|turn|10\n|\n|t:|1734620630\n|move|p2b: Primeape|Protect|p2b: Primeape\n|-singleturn|p2b: Primeape|Protect\n|move|p1a: Imp|Rage Fist|p2a: Marowak\n|-damage|p2a: Marowak|133/262\n|move|p2a: Marowak|Earthquake|p1b: Snax|[spread] p1a,p1b\n|-activate|p2b: Primeape|move: Protect\n|debug|Spread modifier: 0.75\n|debug|Spread modifier: 0.75\n|-enditem|p1a: Imp|Focus Sash\n|-damage|p1a: Imp|1/300\n|-damage|p1b: Snax|0 fnt\n|faint|p1b: Snax\n|\n|upkeep\n|turn|11\n|\n|t:|1734620644\n|move|p2b: Primeape|Protect||[still]\n|debug|Success chance: 33%\n|-fail|p2b: Primeape\n|move|p1a: Imp|Rock Slide|p2b: Primeape|[spread] p2a,p2b\n|debug|Spread modifier: 0.75\n|-resisted|p2a: Marowak\n|debug|Spread modifier: 0.75\n|-resisted|p2b: Primeape\n|-damage|p2a: Marowak|107/262\n|-damage|p2b: Primeape|215/272\n|move|p2a: Marowak|Earthquake|p1a: Imp|[spread] p2b,p1a\n|debug|Spread modifier: 0.75\n|debug|Spread modifier: 0.75\n|-damage|p2b: Primeape|0 fnt\n|-damage|p1a: Imp|0 fnt\n|faint|p2b: Primeape\n|faint|p1a: Imp\n|\n|win|Mattmandaman\n|c|☆mistermoscow|i  hatte pokemon\n","uploadtime":1734620663,"views":"27","formatid":"gen9doublescustomgame","rating":null,"private":0,"password":null}