{"id":"gen9doublescustomgame-2436108460","format":"[Gen 9] Doubles Custom Game","players":["noli_cannoli1O","Smokeydabearrr"],"log":"|j|☆noli_cannoli1O\n|j|☆Smokeydabearrr\n|t:|1757124911\n|gametype|doubles\n|player|p1|noli_cannoli1O|101|\n|player|p2|Smokeydabearrr|101|\n|gen|9\n|tier|[Gen 9] Doubles Custom Game\n|clearpoke\n|poke|p1|Aerodactyl|\n|poke|p1|Nidoking, M|\n|poke|p1|Moltres|\n|poke|p1|Scyther|\n|poke|p1|Machamp|\n|poke|p1|Slowbro|\n|poke|p2|Vulpix|\n|poke|p2|Charizard|\n|poke|p2|Raichu|\n|poke|p2|Venomoth|\n|poke|p2|Lickitung|\n|poke|p2|Dragonite|\n|teampreview\n|j| mistermoscow\n|j| mango meloetta\n|\n|t:|1757124998\n|teamsize|p1|6\n|teamsize|p2|6\n|start\n|switch|p1a: Aerodactyl|Aerodactyl|301/301\n|switch|p1b: Machamp|Machamp|384/384\n|switch|p2a: Vulpix|Vulpix|217/217\n|switch|p2b: Raichu|Raichu|262/262\n|-ability|p1a: Aerodactyl|Unnerve\n|-item|p2b: Raichu|Air Balloon\n|-weather|SunnyDay|[from] ability: Drought|[of] p2a: Vulpix\n|turn|1\n|\n|t:|1757125052\n|move|p2b: Raichu|Fake Out|p1a: Aerodactyl\n|-resisted|p1a: Aerodactyl\n|-damage|p1a: Aerodactyl|283/301\n|cant|p1a: Aerodactyl|flinch\n|move|p2a: Vulpix|Will-O-Wisp|p1b: Machamp\n|-status|p1b: Machamp|brn\n|move|p1b: Machamp|Fissure|p2a: Vulpix\n|-enditem|p2a: Vulpix|Focus Sash\n|-damage|p2a: Vulpix|1/217\n|\n|-weather|SunnyDay|[upkeep]\n|-damage|p1b: Machamp|360/384 brn|[from] brn\n|upkeep\n|turn|2\n|\n|t:|1757125094\n|move|p1a: Aerodactyl|Rock Slide|p2a: Vulpix|[spread] p2a,p2b\n|debug|Spread modifier: 0.75\n|-supereffective|p2a: Vulpix\n|debug|Spread modifier: 0.75\n|-damage|p2a: Vulpix|0 fnt\n|-damage|p2b: Raichu|100/262\n|-enditem|p2b: Raichu|Air Balloon\n|faint|p2a: Vulpix\n|cant|p2b: Raichu|flinch\n|move|p1b: Machamp|Dynamic Punch|p2b: Raichu\n|-damage|p2b: Raichu|0 fnt\n|debug|move failed because it did nothing\n|faint|p2b: Raichu\n|\n|-weather|SunnyDay|[upkeep]\n|-damage|p1b: Machamp|336/384 brn|[from] brn\n|upkeep\n|\n|t:|1757125140\n|switch|p2b: Dragonite|Dragonite|353/353\n|switch|p2a: Charizard|Charizard|298/298\n|turn|3\n|\n|t:|1757125207\n|move|p1a: Aerodactyl|Tailwind|p1a: Aerodactyl\n|-sidestart|p1: noli_cannoli1O|move: Tailwind\n|move|p2a: Charizard|Heat Wave|p1a: Aerodactyl|[spread] p1a,p1b\n|debug|Spread modifier: 0.75\n|debug|Sunny Day fire boost\n|-resisted|p1a: Aerodactyl\n|-crit|p1a: Aerodactyl\n|debug|Spread modifier: 0.75\n|debug|Sunny Day fire boost\n|-damage|p1a: Aerodactyl|1/301\n|-damage|p1b: Machamp|95/384 brn\n|move|p1b: Machamp|Stone Edge|p2a: Charizard\n|-supereffective|p2a: Charizard\n|-damage|p2a: Charizard|0 fnt\n|faint|p2a: Charizard\n|move|p2b: Dragonite|Rock Slide|p1a: Aerodactyl|[spread] p1a,p1b\n|debug|Spread modifier: 0.75\n|-supereffective|p1a: Aerodactyl\n|debug|Spread modifier: 0.75\n|-resisted|p1b: Machamp\n|-damage|p1a: Aerodactyl|0 fnt\n|-damage|p1b: Machamp|47/384 brn\n|faint|p1a: Aerodactyl\n|\n|-weather|SunnyDay|[upkeep]\n|-damage|p1b: Machamp|23/384 brn|[from] brn\n|upkeep\n|\n|t:|1757125244\n|switch|p1a: Moltres|Moltres|321/321\n|switch|p2a: Lickitung|Lickitung|384/384\n|turn|4\n|\n|t:|1757125267\n|move|p2b: Dragonite|Extreme Speed|p1b: Machamp\n|-damage|p1b: Machamp|0 fnt\n|faint|p1b: Machamp\n|move|p1a: Moltres|Heat Wave|p2b: Dragonite|[spread] p2a,p2b\n|debug|Spread modifier: 0.75\n|debug|Sunny Day fire boost\n|debug|Spread modifier: 0.75\n|debug|Sunny Day fire boost\n|-resisted|p2b: Dragonite\n|debug|Multiscale weaken\n|-damage|p2a: Lickitung|162/384\n|-damage|p2b: Dragonite|305/353\n|move|p2a: Lickitung|Substitute|p2a: Lickitung\n|-start|p2a: Lickitung|Substitute\n|-damage|p2a: Lickitung|66/384\n|\n|-weather|SunnyDay|[upkeep]\n|upkeep\n|\n|t:|1757125296\n|switch|p1b: Nidoking|Nidoking, M|303/303\n|turn|5\n|\n|t:|1757125332\n|move|p2b: Dragonite|Extreme Speed|p1b: Nidoking\n|-damage|p1b: Nidoking|172/303\n|move|p1b: Nidoking|Ice Beam|p2b: Dragonite\n|-supereffective|p2b: Dragonite\n|-crit|p2b: Dragonite\n|-damage|p2b: Dragonite|0 fnt\n|faint|p2b: Dragonite\n|move|p1a: Moltres|Heat Wave|p2a: Lickitung\n|debug|Sunny Day fire boost\n|-end|p2a: Lickitung|Substitute\n|move|p2a: Lickitung|Body Press|p1b: Nidoking\n|-resisted|p1b: Nidoking\n|-damage|p1b: Nidoking|126/303\n|\n|-weather|none\n|upkeep\n|\n|t:|1757125351\n|switch|p2b: Venomoth|Venomoth|282/282\n|turn|6\n|\n|t:|1757125373\n|move|p1b: Nidoking|Ice Beam|p2a: Lickitung\n|-damage|p2a: Lickitung|0 fnt\n|faint|p2a: Lickitung\n|move|p1a: Moltres|Heat Wave|p2b: Venomoth\n|-supereffective|p2b: Venomoth\n|-damage|p2b: Venomoth|0 fnt\n|debug|Shield Dust prevent secondary\n|faint|p2b: Venomoth\n|\n|win|noli_cannoli1O\n","uploadtime":1757125382,"views":"25","formatid":"gen9doublescustomgame","rating":null,"private":0,"password":null}