{"id":"gen9doublescustomgame-2279361820","format":"[Gen 9] Doubles Custom Game","players":["mistermoscow","je64"],"log":"|j|☆mistermoscow\n|j|☆je64\n|t:|1736637836\n|gametype|doubles\n|player|p1|mistermoscow|alder|\n|player|p2|je64|266|\n|teamsize|p1|6\n|teamsize|p2|6\n|gen|9\n|tier|[Gen 9] Doubles Custom Game\n|clearpoke\n|poke|p1|Fearow, M|\n|poke|p1|Clefairy, M|\n|poke|p1|Poliwrath, F|\n|poke|p1|Victreebel, M|\n|poke|p1|Snorlax, M|\n|poke|p1|Ditto|\n|poke|p2|Hitmonchan, M|\n|poke|p2|Gyarados, M|\n|poke|p2|Magmar, F|\n|poke|p2|Electabuzz, F|\n|poke|p2|Articuno|\n|poke|p2|Kadabra, M|\n|teampreview\n|\n|t:|1736637888\n|start\n|switch|p1a: Imp|Ditto|300/300\n|switch|p1b: Clifford|Clefairy, M|344/344\n|switch|p2a: Gyaradance|Gyarados, M|394/394\n|switch|p2b: K.Dot|Kadabra, M|221/221\n|-transform|p1a: Imp|p2b: K.Dot|[from] ability: Imposter\n|-ability|p2a: Gyaradance|Intimidate|boost\n|-unboost|p1a: Imp|atk|1\n|-unboost|p1b: Clifford|atk|1\n|turn|1\n|\n|t:|1736637927\n|move|p2b: K.Dot|Calm Mind|p2b: K.Dot\n|-boost|p2b: K.Dot|spa|1\n|-boost|p2b: K.Dot|spd|1\n|move|p1a: Imp|Psychic|p2a: Gyaradance\n|-damage|p2a: Gyaradance|255/394\n|move|p2a: Gyaradance|Taunt|p1b: Clifford\n|-start|p1b: Clifford|move: Taunt\n|-enditem|p1b: Clifford|Mental Herb\n|-end|p1b: Clifford|move: Taunt\n|move|p1b: Clifford|Minimize|p1b: Clifford\n|-boost|p1b: Clifford|evasion|2\n|\n|upkeep\n|turn|2\n|\n|t:|1736637958\n|move|p1b: Clifford|Protect|p1b: Clifford\n|-singleturn|p1b: Clifford|Protect\n|move|p1a: Imp|Psychic|p2a: Gyaradance\n|-damage|p2a: Gyaradance|107/394\n|-enditem|p2a: Gyaradance|Sitrus Berry|[eat]\n|-heal|p2a: Gyaradance|205/394|[from] item: Sitrus Berry\n|move|p2b: K.Dot|Calm Mind|p2b: K.Dot\n|-boost|p2b: K.Dot|spa|1\n|-boost|p2b: K.Dot|spd|1\n|move|p2a: Gyaradance|Taunt|p1b: Clifford\n|-activate|p1b: Clifford|move: Protect\n|\n|upkeep\n|turn|3\n|\n|t:|1736637988\n|switch|p1b: Snax|Snorlax, M|462/462\n|move|p2b: K.Dot|Dazzling Gleam|p1b: Snax|[spread] p1a,p1b\n|debug|Spread modifier: 0.75\n|debug|Spread modifier: 0.75\n|-damage|p1a: Imp|73/300\n|-damage|p1b: Snax|305/462\n|-enditem|p1a: Imp|Aguav Berry|[eat]\n|-heal|p1a: Imp|173/300|[from] item: Aguav Berry\n|debug|damage event failed\n|move|p1a: Imp|Psychic|p2a: Gyaradance\n|-damage|p2a: Gyaradance|73/394\n|move|p2a: Gyaradance|Taunt|p1b: Snax\n|-start|p1b: Snax|move: Taunt\n|\n|-heal|p1b: Snax|333/462|[from] item: Leftovers\n|upkeep\n|turn|4\n|\n|t:|1736638021\n|switch|p2a: Articu-no-hit-me|Articuno|384/384\n|move|p1a: Imp|Dazzling Gleam|p2b: K.Dot|[spread] p2a,p2b\n|debug|Spread modifier: 0.75\n|debug|Spread modifier: 0.75\n|-damage|p2a: Articu-no-hit-me|333/384\n|-damage|p2b: K.Dot|174/221\n|move|p2b: K.Dot|Psychic|p1b: Snax\n|-damage|p1b: Snax|0 fnt\n|faint|p1b: Snax\n|debug|damage event failed\n|\n|-heal|p2a: Articu-no-hit-me|357/384|[from] item: Leftovers\n|upkeep\n|\n|t:|1736638045\n|switch|p1b: Big Bird|Fearow, M|272/272\n|turn|5\n|\n|t:|1736638090\n|move|p1a: Imp|Psychic|p2a: Articu-no-hit-me\n|-damage|p2a: Articu-no-hit-me|243/384\n|move|p2b: K.Dot|Psychic|p1b: Big Bird\n|-enditem|p1b: Big Bird|Focus Sash\n|-damage|p1b: Big Bird|1/272\n|debug|damage event failed\n|move|p1b: Big Bird|Tailwind|p1b: Big Bird\n|-sidestart|p1: mistermoscow|move: Tailwind\n|move|p2a: Articu-no-hit-me|Tailwind|p2a: Articu-no-hit-me\n|-sidestart|p2: je64|move: Tailwind\n|\n|-heal|p2a: Articu-no-hit-me|267/384|[from] item: Leftovers\n|upkeep\n|turn|6\n|\n|t:|1736638112\n|move|p1a: Imp|Psychic|p2b: K.Dot\n|-resisted|p2b: K.Dot\n|-damage|p2b: K.Dot|127/221\n|move|p2b: K.Dot|Dazzling Gleam|p1a: Imp|[spread] p1a,p1b\n|debug|Spread modifier: 0.75\n|debug|Spread modifier: 0.75\n|-damage|p1a: Imp|0 fnt\n|-damage|p1b: Big Bird|0 fnt\n|faint|p1a: Imp\n|faint|p1b: Big Bird\n|debug|damage event failed\n|move|p2a: Articu-no-hit-me|Snowscape|p2a: Articu-no-hit-me\n|-weather|Snow\n|\n|-weather|Snow|[upkeep]\n|-heal|p2a: Articu-no-hit-me|291/384|[from] item: Leftovers\n|upkeep\n|\n|t:|1736638128\n|switch|p1b: Clifford|Clefairy, M|344/344\n|switch|p1a: Victor|Victreebel, M|333/333\n|turn|7\n|\n|t:|1736638160\n|move|p1a: Victor|Sucker Punch|p2b: K.Dot\n|-supereffective|p2b: K.Dot\n|-damage|p2b: K.Dot|0 fnt\n|faint|p2b: K.Dot\n|move|p2a: Articu-no-hit-me|Blizzard|p1b: Clifford|[spread] p1a,p1b\n|debug|Spread modifier: 0.75\n|-supereffective|p1a: Victor\n|debug|Friend Guard weaken\n|debug|Spread modifier: 0.75\n|-damage|p1a: Victor|158/333\n|-damage|p1b: Clifford|209/344\n|move|p1b: Clifford|Minimize|p1b: Clifford\n|-boost|p1b: Clifford|evasion|2\n|\n|-weather|Snow|[upkeep]\n|-heal|p2a: Articu-no-hit-me|315/384|[from] item: Leftovers\n|-heal|p1a: Victor|178/333|[from] item: Black Sludge\n|upkeep\n|\n|t:|1736638173\n|switch|p2b: Myagmar|Magmar, F|271/271\n|turn|8\n|\n|t:|1736638180\n|move|p1a: Victor|Protect|p1a: Victor\n|-singleturn|p1a: Victor|Protect\n|move|p2b: Myagmar|Heat Wave|p1a: Victor|[spread] \n|-activate|p1a: Victor|move: Protect\n|-miss|p2b: Myagmar|p1b: Clifford\n|move|p2a: Articu-no-hit-me|Blizzard|p1a: Victor|[spread] p1b\n|-activate|p1a: Victor|move: Protect\n|debug|Spread modifier: 0.75\n|-damage|p1b: Clifford|80/344\n|move|p1b: Clifford|Sunny Day|p1b: Clifford\n|-weather|SunnyDay\n|\n|-weather|SunnyDay|[upkeep]\n|-heal|p1a: Victor|198/333|[from] item: Black Sludge\n|-heal|p2a: Articu-no-hit-me|339/384|[from] item: Leftovers\n|-sideend|p1: mistermoscow|move: Tailwind\n|-sideend|p2: je64|move: Tailwind\n|upkeep\n|turn|9\n|\n|t:|1736638205\n|switch|p1a: Polly|Poliwrath, F|353/353\n|move|p2b: Myagmar|Heat Wave|p1a: Polly|[spread] p1a\n|-miss|p2b: Myagmar|p1b: Clifford\n|debug|Spread modifier: 0.75\n|debug|Sunny Day fire boost\n|-resisted|p1a: Polly\n|debug|Friend Guard weaken\n|-damage|p1a: Polly|238/353\n|debug|Covert Cloak prevent secondary\n|move|p2a: Articu-no-hit-me|Tailwind|p2a: Articu-no-hit-me\n|-sidestart|p2: je64|move: Tailwind\n|move|p1b: Clifford|Sunny Day||[still]\n|-fail|p1b: Clifford\n|debug|move failed because it did nothing\n|\n|-weather|SunnyDay|[upkeep]\n|-heal|p2a: Articu-no-hit-me|363/384|[from] item: Leftovers\n|upkeep\n|turn|10\n|\n|t:|1736638244\n|switch|p2b: Jackie|Hitmonchan, M|242/242\n|move|p2a: Articu-no-hit-me|Snowscape|p2a: Articu-no-hit-me\n|-weather|Snow\n|move|p1a: Polly|Coaching|p1b: Clifford\n|-boost|p1b: Clifford|atk|1\n|-boost|p1b: Clifford|def|1\n|move|p1b: Clifford|Baton Pass|p1b: Clifford\n|\n|t:|1736638251\n|switch|p1b: Victor|Victreebel, M|198/333|[from] Baton Pass\n|\n|-weather|Snow|[upkeep]\n|-heal|p2a: Articu-no-hit-me|384/384|[from] item: Leftovers\n|-heal|p1b: Victor|218/333|[from] item: Black Sludge\n|upkeep\n|turn|11\n|\n|t:|1736638271\n|move|p1b: Victor|Protect|p1b: Victor\n|-singleturn|p1b: Victor|Protect\n|move|p2b: Jackie|Drain Punch|p1a: Polly\n|debug|Iron Fist boost\n|debug|Punching Glove boost\n|-damage|p1a: Polly|91/353\n|move|p2a: Articu-no-hit-me|Blizzard|p1a: Polly|[spread] p1a\n|-activate|p1b: Victor|move: Protect\n|debug|Spread modifier: 0.75\n|-resisted|p1a: Polly\n|-damage|p1a: Polly|41/353\n|debug|Covert Cloak prevent secondary\n|move|p1a: Polly|Coaching|p1b: Victor\n|-boost|p1b: Victor|atk|1\n|-boost|p1b: Victor|def|1\n|\n|-weather|Snow|[upkeep]\n|-heal|p1b: Victor|238/333|[from] item: Black Sludge\n|upkeep\n|turn|12\n|\n|t:|1736638327\n|move|p2b: Jackie|Ice Punch|p1b: Victor|[miss]\n|-miss|p2b: Jackie|p1b: Victor\n|move|p2a: Articu-no-hit-me|Blizzard|p1b: Victor|[spread] p1a,p1b\n|debug|Spread modifier: 0.75\n|-resisted|p1a: Polly\n|debug|Spread modifier: 0.75\n|-supereffective|p1b: Victor\n|-crit|p1b: Victor\n|-damage|p1a: Polly|0 fnt\n|-damage|p1b: Victor|0 fnt\n|debug|Covert Cloak prevent secondary\n|faint|p1a: Polly\n|faint|p1b: Victor\n|\n|-weather|Snow|[upkeep]\n|-sideend|p2: je64|move: Tailwind\n|upkeep\n|c|☆mistermoscow|rip\n|\n|t:|1736638340\n|switch|p1b: Clifford|Clefairy, M|80/344\n|turn|13\n|c|☆je64|oof\n|\n|t:|1736638350\n|move|p1b: Clifford|Protect|p1b: Clifford\n|-singleturn|p1b: Clifford|Protect\n|move|p2b: Jackie|Drain Punch|p1b: Clifford\n|-activate|p1b: Clifford|move: Protect\n|move|p2a: Articu-no-hit-me|Blizzard|p1b: Clifford\n|-activate|p1b: Clifford|move: Protect\n|\n|-weather|Snow|[upkeep]\n|upkeep\n|turn|14\n|\n|t:|1736638366\n|switch|p2b: Myagmar|Magmar, F|271/271\n|move|p1b: Clifford|Protect|p1b: Clifford\n|debug|Success chance: 33%\n|-singleturn|p1b: Clifford|Protect\n|move|p2a: Articu-no-hit-me|Sheer Cold|p1b: Clifford\n|-activate|p1b: Clifford|move: Protect\n|\n|-weather|none\n|upkeep\n|turn|15\n|c|☆je64|just let it happen\n|\n|t:|1736638383\n|move|p2b: Myagmar|Overheat|p1b: Clifford\n|-crit|p1b: Clifford\n|-damage|p1b: Clifford|0 fnt\n|-unboost|p2b: Myagmar|spa|2\n|faint|p1b: Clifford\n|\n|win|je64\n|c|☆je64|hehe\n|c|☆mistermoscow|oof\n|c|☆je64|ggs\n|c|☆mistermoscow|gg\n","uploadtime":1736638402,"views":"15","formatid":"gen9doublescustomgame","rating":null,"private":0,"password":null}