{"id":"gen9doublescustomgame-2257637230","format":"[Gen 9] Doubles Custom Game","players":["mattmandaman","mistermoscow"],"log":"|badge|p1|silver|gen9doublesou|30-3\n|uhtml|medal-msg|<div class=\"broadcast-blue\">Curious what those medals under the avatar are? PS now has Ladder Seasons! For more information, check out the <a href=\"https://www.smogon.com/forums/threads/3740067/\">thread on Smogon.</a></div>\n|j|☆mattmandaman\n|j|☆mistermoscow\n|t:|1733450808\n|gametype|doubles\n|player|p1|mattmandaman|giovanni|\n|player|p2|mistermoscow|alder|\n|teamsize|p1|6\n|teamsize|p2|6\n|gen|9\n|tier|[Gen 9] Doubles Custom Game\n|clearpoke\n|poke|p1|Butterfree, M|\n|poke|p1|Pikachu, F|\n|poke|p1|Clefairy, F|\n|poke|p1|Primeape, F|\n|poke|p1|Gengar, F|\n|poke|p1|Pinsir, F|\n|poke|p2|Nidoqueen, F|\n|poke|p2|Clefairy, M|\n|poke|p2|Victreebel, M|\n|poke|p2|Tentacruel, M|\n|poke|p2|Dodrio, F|\n|poke|p2|Snorlax, M|\n|teampreview\n|\n|t:|1733450855\n|start\n|switch|p1a: Pikachu|Pikachu, F|212/212\n|switch|p1b: Butterfree|Butterfree, M|262/262\n|switch|p2a: Clifford|Clefairy, M|282/282\n|switch|p2b: Miss Nido|Nidoqueen, F|353/353\n|turn|1\n|\n|t:|1733450891\n|move|p1a: Pikachu|Fake Out|p2b: Miss Nido\n|-damage|p2b: Miss Nido|287/353\n|move|p1b: Butterfree|Sleep Powder|p2a: Clifford\n|debug|compoundeyes - enhancing accuracy\n|-status|p2a: Clifford|slp|[from] move: Sleep Powder\n|cant|p2b: Miss Nido|flinch\n|cant|p2a: Clifford|slp\n|\n|upkeep\n|turn|2\n|\n|t:|1733450917\n|switch|p1a: Primeape|Primeape, F|334/334\n|move|p1b: Butterfree|Quiver Dance|p1b: Butterfree\n|-boost|p1b: Butterfree|spa|1\n|-boost|p1b: Butterfree|spd|1\n|-boost|p1b: Butterfree|spe|1\n|move|p2b: Miss Nido|Flamethrower|p1b: Butterfree\n|-supereffective|p1b: Butterfree\n|-damage|p1b: Butterfree|36/262\n|cant|p2a: Clifford|slp\n|\n|upkeep\n|turn|3\n|\n|t:|1733450953\n|move|p1b: Butterfree|Sleep Powder|p2b: Miss Nido\n|debug|compoundeyes - enhancing accuracy\n|-status|p2b: Miss Nido|slp|[from] move: Sleep Powder\n|move|p1a: Primeape|Bulk Up|p1a: Primeape\n|-boost|p1a: Primeape|atk|1\n|-boost|p1a: Primeape|def|1\n|cant|p2b: Miss Nido|slp\n|-curestatus|p2a: Clifford|slp|[msg]\n|move|p2a: Clifford|Minimize|p2a: Clifford\n|-boost|p2a: Clifford|evasion|2\n|\n|upkeep\n|turn|4\n|\n|t:|1733450981\n|move|p1b: Butterfree|Sleep Powder|p2a: Clifford|[miss]\n|debug|compoundeyes - enhancing accuracy\n|-miss|p1b: Butterfree|p2a: Clifford\n|move|p1a: Primeape|Bulk Up|p1a: Primeape\n|-boost|p1a: Primeape|atk|1\n|-boost|p1a: Primeape|def|1\n|-curestatus|p2b: Miss Nido|slp|[msg]\n|move|p2b: Miss Nido|Flamethrower|p1b: Butterfree\n|-supereffective|p1b: Butterfree\n|-damage|p1b: Butterfree|0 fnt\n|faint|p1b: Butterfree\n|move|p2a: Clifford|Minimize|p2a: Clifford\n|-boost|p2a: Clifford|evasion|2\n|\n|upkeep\n|\n|t:|1733451000\n|switch|p1b: Gengar|Gengar, F|262/262\n|turn|5\n|\n|t:|1733451031\n|move|p1b: Gengar|Sludge Bomb|p2a: Clifford\n|-supereffective|p2a: Clifford\n|-damage|p2a: Clifford|0 fnt\n|faint|p2a: Clifford\n|-damage|p1b: Gengar|236/262|[from] item: Life Orb\n|move|p1a: Primeape|Bulk Up|p1a: Primeape\n|-boost|p1a: Primeape|atk|1\n|-boost|p1a: Primeape|def|1\n|move|p2b: Miss Nido|Earth Power|p1b: Gengar\n|-supereffective|p1b: Gengar\n|-damage|p1b: Gengar|0 fnt\n|faint|p1b: Gengar\n|\n|upkeep\n|\n|t:|1733451054\n|switch|p1b: Pikachu|Pikachu, F|212/212\n|switch|p2a: Dodie|Dodrio, F|261/261\n|turn|6\n|\n|t:|1733451066\n|move|p2b: Miss Nido|Protect|p2b: Miss Nido\n|-singleturn|p2b: Miss Nido|Protect\n|move|p1b: Pikachu|Fake Out|p2b: Miss Nido\n|-activate|p2b: Miss Nido|move: Protect\n|move|p2a: Dodie|Drill Run|p1b: Pikachu\n|-supereffective|p1b: Pikachu\n|-damage|p1b: Pikachu|0 fnt\n|faint|p1b: Pikachu\n|move|p1a: Primeape|Drain Punch|p2a: Dodie\n|-damage|p2a: Dodie|0 fnt\n|faint|p2a: Dodie\n|\n|upkeep\n|\n|t:|1733451081\n|switch|p2a: Victor|Victreebel, M|364/364\n|switch|p1b: Clefairy|Clefairy, F|344/344\n|turn|7\n|\n|t:|1733451106\n|switch|p2b: Crude Dude|Tentacruel, M|364/364\n|move|p1b: Clefairy|Helping Hand|p1a: Primeape\n|-singleturn|p1a: Primeape|Helping Hand|[of] p1b: Clefairy\n|move|p1a: Primeape|Drain Punch|p2a: Victor\n|debug|Boosting from Helping Hand: 1.5\n|-resisted|p2a: Victor\n|-crit|p2a: Victor\n|-damage|p2a: Victor|0 fnt\n|faint|p2a: Victor\n|\n|upkeep\n|c|☆mistermoscow|whack\n|c|☆mattmandaman|i have no idea if crit mattered\n|c|☆mattmandaman|it was close\n|c|☆mistermoscow|max health/attack\n|\n|t:|1733451196\n|switch|p2a: Miss Nido|Nidoqueen, F|287/353\n|turn|8\n|\n|t:|1733451255\n|move|p1b: Clefairy|Helping Hand|p1a: Primeape\n|-singleturn|p1a: Primeape|Helping Hand|[of] p1b: Clefairy\n|move|p2a: Miss Nido|Protect|p2a: Miss Nido\n|-singleturn|p2a: Miss Nido|Protect\n|move|p2b: Crude Dude|Toxic|p1a: Primeape\n|-status|p1a: Primeape|tox\n|move|p1a: Primeape|Drain Punch|p2b: Crude Dude\n|debug|Boosting from Helping Hand: 1.5\n|-resisted|p2b: Crude Dude\n|-damage|p2b: Crude Dude|157/364\n|\n|-damage|p1a: Primeape|314/334 tox|[from] psn\n|upkeep\n|turn|9\n|c|☆mattmandaman|oh yea it did\n|\n|t:|1733451294\n|move|p1b: Clefairy|Helping Hand|p1a: Primeape\n|-singleturn|p1a: Primeape|Helping Hand|[of] p1b: Clefairy\n|move|p2b: Crude Dude|Venoshock|p1a: Primeape\n|debug|Friend Guard weaken\n|-damage|p1a: Primeape|233/334 tox\n|move|p1a: Primeape|Drain Punch|p2b: Crude Dude\n|debug|Boosting from Helping Hand: 1.5\n|-resisted|p2b: Crude Dude\n|-damage|p2b: Crude Dude|0 fnt\n|-heal|p1a: Primeape|312/334 tox|[from] drain|[of] p2b: Crude Dude\n|faint|p2b: Crude Dude\n|move|p2a: Miss Nido|Earth Power|p1a: Primeape\n|debug|Friend Guard weaken\n|-damage|p1a: Primeape|165/334 tox\n|\n|-damage|p1a: Primeape|125/334 tox|[from] psn\n|upkeep\n|\n|t:|1733451307\n|switch|p2b: Snax|Snorlax, M|461/461\n|turn|10\n|\n|t:|1733451327\n|move|p1b: Clefairy|Follow Me|p1b: Clefairy\n|-singleturn|p1b: Clefairy|move: Follow Me\n|move|p1a: Primeape|Drain Punch|p2b: Snax\n|-supereffective|p2b: Snax\n|-damage|p2b: Snax|0 fnt\n|-heal|p1a: Primeape|334/334 tox|[from] drain|[of] p2b: Snax\n|faint|p2b: Snax\n|move|p2a: Miss Nido|Earth Power|p1b: Clefairy\n|debug|Follow Me redirected target of move\n|-crit|p1b: Clefairy\n|-damage|p1b: Clefairy|74/344\n|\n|-damage|p1a: Primeape|274/334 tox|[from] psn\n|upkeep\n|turn|11\n|\n|t:|1733451343\n|move|p1b: Clefairy|Helping Hand|p1a: Primeape\n|-singleturn|p1a: Primeape|Helping Hand|[of] p1b: Clefairy\n|move|p2a: Miss Nido|Protect|p2a: Miss Nido\n|-singleturn|p2a: Miss Nido|Protect\n|move|p1a: Primeape|Rage Fist|p2a: Miss Nido\n|-activate|p2a: Miss Nido|move: Protect\n|\n|-damage|p1a: Primeape|194/334 tox|[from] psn\n|upkeep\n|turn|12\n|\n|t:|1733451352\n|move|p1b: Clefairy|Helping Hand|p1a: Primeape\n|-singleturn|p1a: Primeape|Helping Hand|[of] p1b: Clefairy\n|move|p2a: Miss Nido|Protect|p2a: Miss Nido\n|debug|Success chance: 33%\n|-singleturn|p2a: Miss Nido|Protect\n|move|p1a: Primeape|Rage Fist|p2a: Miss Nido\n|-activate|p2a: Miss Nido|move: Protect\n|\n|-damage|p1a: Primeape|94/334 tox|[from] psn\n|upkeep\n|turn|13\n|c|☆mattmandaman|booo\n|\n|t:|1733451363\n|move|p1b: Clefairy|Helping Hand|p1a: Primeape\n|-singleturn|p1a: Primeape|Helping Hand|[of] p1b: Clefairy\n|move|p2a: Miss Nido|Protect||[still]\n|debug|Success chance: 11%\n|-fail|p2a: Miss Nido\n|move|p1a: Primeape|Rage Fist|p2a: Miss Nido\n|debug|Boosting from Helping Hand: 1.5\n|-damage|p2a: Miss Nido|0 fnt\n|faint|p2a: Miss Nido\n|\n|win|mattmandaman\n|c|☆mistermoscow|boo\n|c|☆mattmandaman|if you could get trick room\n|c|☆mattmandaman|clefairy and snorlax would be OP af\n|c|☆mistermoscow|also, did jesse tell you that we're just doing official games independently, so like this game counts\n|c|☆mattmandaman|oh wow ok\n|c|☆mistermoscow|we're ranking by ELO this season\\\n|c|☆mistermoscow|no tourneys\n|c|☆mattmandaman|thats cool\n|c|☆mistermoscow|yeah, so we just post our matches/send them to jesse\n","uploadtime":1733451444,"views":"43","formatid":"gen9doublescustomgame","rating":null,"private":0,"password":null}