{"id":"gen9doublescustomgame-2272994443","format":"[Gen 9] Doubles Custom Game","players":["mistermoscow","je64"],"log":"|j|☆mistermoscow\n|j|☆je64\n|t:|1735706232\n|gametype|doubles\n|player|p1|mistermoscow|alder|\n|player|p2|je64|101|\n|teamsize|p1|6\n|teamsize|p2|6\n|gen|9\n|tier|[Gen 9] Doubles Custom Game\n|clearpoke\n|poke|p1|Butterfree, F|\n|poke|p1|Clefairy, M|\n|poke|p1|Poliwrath, F|\n|poke|p1|Victreebel, M|\n|poke|p1|Porygon|\n|poke|p1|Snorlax, M|\n|poke|p2|Hitmonchan, M|\n|poke|p2|Gyarados, M|\n|poke|p2|Magmar, M|\n|poke|p2|Electabuzz, F|\n|poke|p2|Rhydon, M|\n|poke|p2|Articuno|\n|teampreview\n|\n|t:|1735706258\n|start\n|switch|p1a: Victor|Victreebel, M|301/301\n|switch|p1b: Pogo Jr|Porygon|271/271\n|switch|p2a: Hitmonchan|Hitmonchan, M|242/242\n|switch|p2b: Gyarados|Gyarados, M|331/331\n|-ability|p2b: Gyarados|Intimidate|boost\n|-unboost|p1a: Victor|atk|1\n|-unboost|p1b: Pogo Jr|atk|1\n|-ability|p1b: Pogo Jr|Download|boost\n|-boost|p1b: Pogo Jr|atk|1\n|turn|1\n|\n|t:|1735706294\n|switch|p1a: Purple Haze|Butterfree, F|262/262\n|move|p2b: Gyarados|Waterfall|p1b: Pogo Jr\n|-damage|p1b: Pogo Jr|169/271\n|move|p2a: Hitmonchan|Ice Punch|p1a: Purple Haze\n|debug|Iron Fist boost\n|debug|Punching Glove boost\n|-supereffective|p1a: Purple Haze\n|-damage|p1a: Purple Haze|0 fnt\n|faint|p1a: Purple Haze\n|move|p1b: Pogo Jr|Icy Wind|p2b: Gyarados|[spread] p2a,p2b\n|debug|Spread modifier: 0.75\n|debug|Spread modifier: 0.75\n|-damage|p2a: Hitmonchan|205/242\n|-damage|p2b: Gyarados|291/331\n|-unboost|p2a: Hitmonchan|spe|1\n|-unboost|p2b: Gyarados|spe|1\n|\n|upkeep\n|c|☆je64|ohh, icy wind huh\n|\n|t:|1735706326\n|switch|p1a: Polly|Poliwrath, F|384/384\n|turn|2\n|\n|t:|1735706353\n|switch|p2b: Buzz Lightyear|Electabuzz, F|271/271\n|switch|p1b: Clifford|Clefairy, M|344/344\n|move|p1a: Polly|Coaching|p1b: Clifford\n|-boost|p1b: Clifford|atk|1\n|-boost|p1b: Clifford|def|1\n|move|p2a: Hitmonchan|Drain Punch|p1b: Clifford\n|debug|Iron Fist boost\n|debug|Punching Glove boost\n|-resisted|p1b: Clifford\n|-damage|p1b: Clifford|299/344\n|-heal|p2a: Hitmonchan|228/242|[from] drain|[of] p1b: Clifford\n|\n|upkeep\n|turn|3\n|\n|t:|1735706380\n|switch|p1a: Snax|Snorlax, M|524/524\n|switch|p2a: Gyarados|Gyarados, M|291/331\n|-ability|p2a: Gyarados|Intimidate|boost\n|-unboost|p1a: Snax|atk|1\n|-unboost|p1b: Clifford|atk|1\n|move|p2b: Buzz Lightyear|Electroweb|p1b: Clifford|[spread] p1a,p1b\n|debug|Spread modifier: 0.75\n|debug|Friend Guard weaken\n|debug|Spread modifier: 0.75\n|-damage|p1a: Snax|493/524\n|-damage|p1b: Clifford|235/344\n|-unboost|p1a: Snax|spe|1\n|-unboost|p1b: Clifford|spe|1\n|move|p1b: Clifford|Minimize|p1b: Clifford\n|-boost|p1b: Clifford|evasion|2\n|\n|upkeep\n|turn|4\n|\n|t:|1735706409\n|switch|p1a: Victor|Victreebel, M|301/301\n|move|p2b: Buzz Lightyear|Volt Switch|p1b: Clifford\n|-damage|p1b: Clifford|139/344\n|\n|t:|1735706421\n|switch|p2b: Myagmar|Magmar, M|271/271|[from] Volt Switch\n|move|p2a: Gyarados|Waterfall|p1b: Clifford\n|-damage|p1b: Clifford|64/344\n|cant|p1b: Clifford|flinch\n|\n|upkeep\n|turn|5\n|\n|t:|1735706438\n|move|p1a: Victor|Protect|p1a: Victor\n|-singleturn|p1a: Victor|Protect\n|move|p2a: Gyarados|Dragon Dance|p2a: Gyarados\n|-boost|p2a: Gyarados|atk|1\n|-boost|p2a: Gyarados|spe|1\n|move|p2b: Myagmar|Heat Wave|p1a: Victor|[spread] p1b\n|-activate|p1a: Victor|move: Protect\n|debug|Spread modifier: 0.75\n|-damage|p1b: Clifford|0 fnt\n|faint|p1b: Clifford\n|\n|upkeep\n|\n|t:|1735706461\n|switch|p1b: Snax|Snorlax, M|493/524\n|turn|6\n|\n|t:|1735706472\n|switch|p1a: Polly|Poliwrath, F|384/384\n|move|p2a: Gyarados|Dragon Dance|p2a: Gyarados\n|-boost|p2a: Gyarados|atk|1\n|-boost|p2a: Gyarados|spe|1\n|move|p2b: Myagmar|Heat Wave|p1b: Snax|[spread] p1a,p1b\n|debug|Spread modifier: 0.75\n|-resisted|p1a: Polly\n|debug|Spread modifier: 0.75\n|-crit|p1b: Snax\n|-damage|p1a: Polly|291/384\n|-damage|p1b: Snax|339/524\n|move|p1b: Snax|High Horsepower|p2b: Myagmar|[miss]\n|-miss|p1b: Snax|p2b: Myagmar\n|\n|-heal|p1a: Polly|315/384|[from] item: Leftovers\n|upkeep\n|turn|7\n|c|☆je64|no way omg\n|c|☆mistermoscow|95% accuracy moves shouldn't exist\n|c|☆je64|they really shouldn't\n|\n|t:|1735706527\n|switch|p2b: Hitmonchan|Hitmonchan, M|228/242\n|move|p2a: Gyarados|Waterfall|p1a: Polly\n|-heal|p1a: Polly|384/384|[from] ability: Water Absorb|[of] p2a: Gyarados\n|move|p1a: Polly|Coaching|p1b: Snax\n|-boost|p1b: Snax|atk|1\n|-boost|p1b: Snax|def|1\n|move|p1b: Snax|Return|p2b: Hitmonchan\n|-damage|p2b: Hitmonchan|0 fnt\n|faint|p2b: Hitmonchan\n|\n|upkeep\n|c|☆je64|oh fuck me\n|c|☆je64|I did not know that thing had water absorb lol\n|\n|t:|1735706561\n|switch|p2b: Articuno|Articuno|384/384\n|turn|8\n|\n|t:|1735706580\n|move|p2a: Gyarados|Waterfall|p1b: Snax\n|-damage|p1b: Snax|162/524\n|move|p2b: Articuno|Snowscape|p2b: Articuno\n|-weather|Snow\n|move|p1a: Polly|Coaching|p1b: Snax\n|-boost|p1b: Snax|atk|1\n|-boost|p1b: Snax|def|1\n|move|p1b: Snax|Return|p2b: Articuno\n|debug|Snow Cloak - decreasing accuracy\n|-damage|p2b: Articuno|246/384\n|\n|-weather|Snow|[upkeep]\n|-heal|p2b: Articuno|270/384|[from] item: Leftovers\n|upkeep\n|turn|9\n|c|☆je64|that's ma tanky boi\n|\n|t:|1735706606\n|move|p2a: Gyarados|Waterfall|p1b: Snax\n|-damage|p1b: Snax|27/524\n|move|p2b: Articuno|Sheer Cold|p1a: Polly\n|-damage|p1a: Polly|0 fnt\n|faint|p1a: Polly\n|-ohko\n|move|p1b: Snax|Return|p2a: Gyarados\n|-damage|p2a: Gyarados|0 fnt\n|faint|p2a: Gyarados\n|\n|-weather|Snow|[upkeep]\n|-heal|p2b: Articuno|294/384|[from] item: Leftovers\n|upkeep\n|\n|t:|1735706621\n|switch|p2a: Myagmar|Magmar, M|271/271\n|switch|p1a: Pogo Jr|Porygon|169/271\n|-ability|p1a: Pogo Jr|Download|boost\n|-boost|p1a: Pogo Jr|atk|1\n|turn|10\n|\n|t:|1735706647\n|move|p2a: Myagmar|Heat Wave|p1a: Pogo Jr|[spread] p1a,p1b\n|debug|Spread modifier: 0.75\n|debug|Spread modifier: 0.75\n|-damage|p1a: Pogo Jr|49/271\n|-damage|p1b: Snax|0 fnt\n|faint|p1b: Snax\n|move|p2b: Articuno|Blizzard|p1a: Pogo Jr\n|-damage|p1a: Pogo Jr|0 fnt\n|faint|p1a: Pogo Jr\n|\n|-weather|Snow|[upkeep]\n|-heal|p2b: Articuno|318/384|[from] item: Leftovers\n|upkeep\n|\n|t:|1735706657\n|switch|p1b: Victor|Victreebel, M|301/301\n|turn|11\n|\n|t:|1735706661\n|move|p2a: Myagmar|Heat Wave|p1b: Victor\n|-supereffective|p1b: Victor\n|-damage|p1b: Victor|0 fnt\n|faint|p1b: Victor\n|\n|win|je64\n|c|☆mistermoscow|boooo\n|c|☆je64|yay!\n|c|☆mistermoscow|gg\n|c|☆je64|ggs\n|c|☆je64|I kind of like this team\n|c|☆mistermoscow|yeah its pretty good\n|c|☆mistermoscow|i wanna open more packs\n|c|☆je64|it feels so bad using this articuno bit it's so good\n|c|☆je64|I know for real\n","uploadtime":1735706726,"views":"12","formatid":"gen9doublescustomgame","rating":null,"private":0,"password":null}