{"id":"gen9doublescustomgame-2259320077","format":"[Gen 9] Doubles Custom Game","players":["mistermoscow","mattmandaman"],"log":"|badge|p2|bronze|gen9doublesou|100-3\n|uhtml|medal-msg|<div class=\"broadcast-blue\">Curious what those medals under the avatar are? PS now has Ladder Seasons! For more information, check out the <a href=\"https://www.smogon.com/forums/threads/3740067/\">thread on Smogon.</a></div>\n|j|☆mistermoscow\n|j|☆mattmandaman\n|t:|1733698897\n|gametype|doubles\n|player|p1|mistermoscow|alder|\n|player|p2|mattmandaman|giovanni|\n|teamsize|p1|6\n|teamsize|p2|6\n|gen|9\n|tier|[Gen 9] Doubles Custom Game\n|clearpoke\n|poke|p1|Poliwrath, F|\n|poke|p1|Tentacruel, F|\n|poke|p1|Clefairy, M|\n|poke|p1|Nidoqueen, F|\n|poke|p1|Victreebel, M|\n|poke|p1|Snorlax, M|\n|poke|p2|Butterfree, F|\n|poke|p2|Pikachu, M|\n|poke|p2|Clefairy, F|\n|poke|p2|Primeape, F|\n|poke|p2|Gengar, M|\n|poke|p2|Pinsir, F|\n|teampreview\n|\n|t:|1733698918\n|start\n|switch|p1a: Polly|Poliwrath, F|384/384\n|switch|p1b: Crude Dude|Tentacruel, F|364/364\n|switch|p2a: Pikachu|Pikachu, M|212/212\n|switch|p2b: Butterfree|Butterfree, F|262/262\n|turn|1\n|\n|t:|1733698953\n|switch|p1a: Victor|Victreebel, M|364/364\n|move|p2a: Pikachu|Fake Out|p1b: Crude Dude\n|-damage|p1b: Crude Dude|309/364\n|move|p2b: Butterfree|Sleep Powder|p1a: Victor\n|debug|natural powder immunity\n|-immune|p1a: Victor\n|cant|p1b: Crude Dude|flinch\n|\n|-heal|p1b: Crude Dude|331/364|[from] item: Black Sludge\n|upkeep\n|turn|2\n|\n|t:|1733698985\n|move|p2a: Pikachu|Volt Tackle|p1b: Crude Dude\n|-supereffective|p1b: Crude Dude\n|-damage|p1b: Crude Dude|0 fnt\n|faint|p1b: Crude Dude\n|-damage|p2a: Pikachu|103/212|[from] Recoil\n|move|p2b: Butterfree|Hurricane|p1a: Victor\n|debug|compoundeyes - enhancing accuracy\n|-supereffective|p1a: Victor\n|-damage|p1a: Victor|20/364\n|-enditem|p1a: Victor|Aguav Berry|[eat]\n|-heal|p1a: Victor|141/364|[from] item: Aguav Berry\n|move|p1a: Victor|Sleep Powder|p2a: Pikachu\n|-status|p2a: Pikachu|slp|[from] move: Sleep Powder\n|\n|upkeep\n|\n|t:|1733699007\n|switch|p1b: Clifford|Clefairy, M|282/282\n|turn|3\n|\n|t:|1733699022\n|cant|p2a: Pikachu|slp\n|move|p2b: Butterfree|Sleep Powder|p1b: Clifford\n|debug|compoundeyes - enhancing accuracy\n|-status|p1b: Clifford|slp|[from] move: Sleep Powder\n|move|p1a: Victor|Sleep Powder|p2b: Butterfree|[miss]\n|-miss|p1a: Victor|p2b: Butterfree\n|cant|p1b: Clifford|slp\n|\n|upkeep\n|turn|4\n|\n|t:|1733699037\n|switch|p1a: Miss Nido|Nidoqueen, F|353/353\n|cant|p2a: Pikachu|slp\n|move|p2b: Butterfree|Hurricane|p1a: Miss Nido\n|debug|compoundeyes - enhancing accuracy\n|-damage|p1a: Miss Nido|211/353\n|cant|p1b: Clifford|slp\n|\n|upkeep\n|turn|5\n|\n|t:|1733699085\n|-curestatus|p2a: Pikachu|slp|[msg]\n|move|p2a: Pikachu|Volt Tackle|p1b: Clifford\n|-damage|p1b: Clifford|93/282 slp\n|-damage|p2a: Pikachu|41/212|[from] Recoil\n|move|p2b: Butterfree|Sleep Powder|p1a: Miss Nido\n|debug|compoundeyes - enhancing accuracy\n|-status|p1a: Miss Nido|slp|[from] move: Sleep Powder\n|cant|p1a: Miss Nido|slp\n|-curestatus|p1b: Clifford|slp|[msg]\n|move|p1b: Clifford|Minimize|p1b: Clifford\n|-boost|p1b: Clifford|evasion|2\n|\n|upkeep\n|turn|6\n|\n|t:|1733699109\n|move|p2a: Pikachu|Volt Tackle|p1b: Clifford|[miss]\n|-miss|p2a: Pikachu|p1b: Clifford\n|move|p2b: Butterfree|Hurricane|p1b: Clifford\n|debug|compoundeyes - enhancing accuracy\n|-damage|p1b: Clifford|0 fnt\n|faint|p1b: Clifford\n|cant|p1a: Miss Nido|slp\n|\n|upkeep\n|c|☆mistermoscow|nooo\n|c|☆mattmandaman|thank the heavens\n|\n|t:|1733699128\n|switch|p1b: Victor|Victreebel, M|141/364\n|turn|7\n|\n|t:|1733699143\n|switch|p2a: Pinsir|Pinsir, F|272/272\n|move|p2b: Butterfree|Hurricane|p1b: Victor\n|debug|compoundeyes - enhancing accuracy\n|-supereffective|p1b: Victor\n|-damage|p1b: Victor|0 fnt\n|faint|p1b: Victor\n|cant|p1a: Miss Nido|slp\n|\n|upkeep\n|\n|t:|1733699150\n|switch|p1b: Snax|Snorlax, M|524/524\n|turn|8\n|\n|t:|1733699162\n|move|p2a: Pinsir|Brick Break|p1b: Snax\n|-supereffective|p1b: Snax\n|-damage|p1b: Snax|306/524\n|move|p2b: Butterfree|Hurricane|p1a: Miss Nido\n|debug|compoundeyes - enhancing accuracy\n|-damage|p1a: Miss Nido|57/353 slp\n|-curestatus|p1a: Miss Nido|slp|[msg]\n|move|p1a: Miss Nido|Poison Jab|p2b: Butterfree\n|-enditem|p2b: Butterfree|Focus Sash\n|-damage|p2b: Butterfree|1/262\n|move|p1b: Snax|Double-Edge|p2a: Pinsir\n|-damage|p2a: Pinsir|121/272\n|-damage|p1b: Snax|256/524|[from] Recoil\n|\n|-heal|p1b: Snax|288/524|[from] item: Leftovers\n|upkeep\n|turn|9\n|\n|t:|1733699185\n|move|p2a: Pinsir|Brick Break|p1b: Snax\n|-supereffective|p1b: Snax\n|-damage|p1b: Snax|67/524\n|move|p2b: Butterfree|Hurricane|p1a: Miss Nido\n|debug|compoundeyes - enhancing accuracy\n|-damage|p1a: Miss Nido|0 fnt\n|faint|p1a: Miss Nido\n|move|p1b: Snax|Crunch|p2b: Butterfree\n|-damage|p2b: Butterfree|0 fnt\n|faint|p2b: Butterfree\n|\n|-heal|p1b: Snax|99/524|[from] item: Leftovers\n|upkeep\n|\n|t:|1733699198\n|switch|p2b: Pikachu|Pikachu, M|41/212\n|switch|p1a: Polly|Poliwrath, F|384/384\n|turn|10\n|\n|t:|1733699206\n|move|p2b: Pikachu|Volt Tackle|p1a: Polly\n|-supereffective|p1a: Polly\n|-damage|p1a: Polly|0 fnt\n|-damage|p2b: Pikachu|6/212|[from] item: Rocky Helmet|[of] p1a: Polly\n|faint|p1a: Polly\n|-damage|p2b: Pikachu|0 fnt|[from] Recoil\n|faint|p2b: Pikachu\n|move|p2a: Pinsir|Brick Break|p1b: Snax\n|-supereffective|p1b: Snax\n|-damage|p1b: Snax|0 fnt\n|faint|p1b: Snax\n|\n|win|mattmandaman\n|c|☆mistermoscow|boooo\n|c|☆mattmandaman|no yay\n","uploadtime":1733699227,"views":"25","formatid":"gen9doublescustomgame","rating":null,"private":0,"password":null}