{"id":"gen9doublescustomgame-2268605408","format":"[Gen 9] Doubles Custom Game","players":["mistermoscow","Mattmandaman"],"log":"|badge|p2|gold|gen9doublesou|3-3\n|uhtml|medal-msg|<div class=\"broadcast-blue\">Curious what those medals under the avatar are? PS now has Ladder Seasons! For more information, check out the <a href=\"https://www.smogon.com/forums/threads/3740067/\">thread on Smogon.</a></div>\n|j|☆mistermoscow\n|j|☆Mattmandaman\n|t:|1735006806\n|gametype|doubles\n|player|p1|mistermoscow|alder|\n|player|p2|Mattmandaman|giovanni|\n|teamsize|p1|6\n|teamsize|p2|6\n|gen|9\n|tier|[Gen 9] Doubles Custom Game\n|clearpoke\n|poke|p1|Fearow, M|\n|poke|p1|Clefairy, M|\n|poke|p1|Poliwrath, F|\n|poke|p1|Victreebel, M|\n|poke|p1|Porygon|\n|poke|p1|Snorlax, M|\n|poke|p2|Primeape, M|\n|poke|p2|Marowak, M|\n|poke|p2|Dodrio, M|\n|poke|p2|Gengar, M|\n|poke|p2|Pikachu, F|\n|poke|p2|Tentacruel, F|\n|teampreview\n|\n|t:|1735006843\n|start\n|switch|p1a: Polly|Poliwrath, F|384/384\n|switch|p1b: Victor|Victreebel, M|364/364\n|switch|p2a: Dodrio|Dodrio, M|262/262\n|switch|p2b: Primeape|Primeape, M|272/272\n|turn|1\n|\n|t:|1735006865\n|move|p1b: Victor|Protect|p1b: Victor\n|-singleturn|p1b: Victor|Protect\n|move|p2a: Dodrio|Brave Bird|p1a: Polly\n|-supereffective|p1a: Polly\n|-damage|p1a: Polly|0 fnt\n|faint|p1a: Polly\n|-damage|p2a: Dodrio|135/262|[from] Recoil\n|move|p2b: Primeape|Drain Punch|p1b: Victor\n|-activate|p1b: Victor|move: Protect\n|\n|upkeep\n|\n|t:|1735006885\n|switch|p1a: Pogo Jr|Porygon|272/272\n|-ability|p1a: Pogo Jr|Early Bird|[from] ability: Trace|[of] p2a: Dodrio\n|turn|2\n|\n|t:|1735006920\n|switch|p1b: Big Bird|Fearow, M|271/271\n|move|p2a: Dodrio|Taunt|p1a: Pogo Jr\n|-start|p1a: Pogo Jr|move: Taunt\n|move|p2b: Primeape|Drain Punch|p1a: Pogo Jr\n|-supereffective|p1a: Pogo Jr\n|-damage|p1a: Pogo Jr|132/272\n|cant|p1a: Pogo Jr|move: Taunt|Toxic\n|\n|upkeep\n|turn|3\n|\n|t:|1735006941\n|switch|p2a: Tentacruel|Tentacruel, F|364/364\n|move|p1b: Big Bird|Feather Dance|p2b: Primeape\n|-unboost|p2b: Primeape|atk|2\n|move|p2b: Primeape|Drain Punch|p1a: Pogo Jr\n|-supereffective|p1a: Pogo Jr\n|-damage|p1a: Pogo Jr|64/272\n|move|p1a: Pogo Jr|Ice Beam|p2a: Tentacruel\n|-resisted|p2a: Tentacruel\n|-damage|p2a: Tentacruel|336/364\n|\n|-heal|p2a: Tentacruel|358/364|[from] item: Black Sludge\n|upkeep\n|turn|4\n|\n|t:|1735006969\n|switch|p2b: Gengar|Gengar, M|262/262\n|switch|p1a: Snax|Snorlax, M|461/461\n|move|p1b: Big Bird|Feather Dance|p2b: Gengar\n|-unboost|p2b: Gengar|atk|2\n|move|p2a: Tentacruel|Icy Wind|p1b: Big Bird|[spread] p1a,p1b\n|debug|Spread modifier: 0.75\n|debug|Spread modifier: 0.75\n|-supereffective|p1b: Big Bird\n|-damage|p1a: Snax|435/461\n|-damage|p1b: Big Bird|185/271\n|debug|move failed because it did nothing\n|-unboost|p1b: Big Bird|spe|1\n|\n|-heal|p2a: Tentacruel|364/364|[from] item: Black Sludge\n|upkeep\n|turn|5\n|\n|t:|1735007009\n|move|p2a: Tentacruel|Sludge Bomb|p1b: Big Bird\n|-damage|p1b: Big Bird|62/271\n|move|p2b: Gengar|Will-O-Wisp|p1a: Snax\n|-status|p1a: Snax|brn\n|move|p1b: Big Bird|Feather Dance|p2a: Tentacruel\n|-fail|p2a: Tentacruel|unboost|[from] ability: Clear Body|[of] p2a: Tentacruel\n|debug|move failed because it did nothing\n|move|p1a: Snax|Earthquake|p2b: Gengar|[spread] p2a,p2b\n|-immune|p1b: Big Bird\n|debug|Spread modifier: 0.75\n|-supereffective|p2a: Tentacruel\n|-crit|p2a: Tentacruel\n|debug|Spread modifier: 0.75\n|-supereffective|p2b: Gengar\n|-damage|p2a: Tentacruel|176/364\n|-damage|p2b: Gengar|138/262\n|-start|p1a: Snax|Disable|Earthquake|[from] ability: Cursed Body|[of] p2b: Gengar\n|\n|-heal|p2a: Tentacruel|198/364|[from] item: Black Sludge\n|-damage|p1a: Snax|407/461 brn|[from] brn\n|upkeep\n|turn|6\n|\n|t:|1735007051\n|switch|p2b: Marowak|Marowak, M|262/262\n|move|p2a: Tentacruel|Sludge Bomb|p1b: Big Bird\n|-damage|p1b: Big Bird|0 fnt\n|faint|p1b: Big Bird\n|move|p1a: Snax|Double-Edge|p2a: Tentacruel\n|-damage|p2a: Tentacruel|57/364\n|-damage|p1a: Snax|360/461 brn|[from] Recoil\n|\n|-heal|p2a: Tentacruel|79/364|[from] item: Black Sludge\n|-damage|p1a: Snax|332/461 brn|[from] brn\n|upkeep\n|\n|t:|1735007065\n|switch|p1b: Clifford|Clefairy, M|282/282\n|turn|7\n|\n|t:|1735007075\n|move|p2a: Tentacruel|Sludge Bomb|p1b: Clifford\n|-supereffective|p1b: Clifford\n|-damage|p1b: Clifford|168/282\n|move|p2b: Marowak|Rock Slide|p1b: Clifford|[spread] p1a,p1b\n|debug|Spread modifier: 0.75\n|debug|Friend Guard weaken\n|debug|Spread modifier: 0.75\n|-damage|p1a: Snax|247/461 brn\n|-damage|p1b: Clifford|96/282\n|move|p1b: Clifford|Aromatherapy|p1b: Clifford\n|-activate|p1b: Clifford|move: Aromatherapy\n|-curestatus|p1a: Snax|brn|[msg]\n|move|p1a: Snax|Ice Punch|p2b: Marowak\n|-supereffective|p2b: Marowak\n|-damage|p2b: Marowak|102/262\n|\n|-heal|p2a: Tentacruel|101/364|[from] item: Black Sludge\n|upkeep\n|turn|8\n|\n|t:|1735007096\n|switch|p2a: Dodrio|Dodrio, M|135/262\n|switch|p1a: Pogo Jr|Porygon|64/272\n|-ability|p1a: Pogo Jr|Battle Armor|[from] ability: Trace|[of] p2b: Marowak\n|move|p2b: Marowak|Earthquake|p1a: Pogo Jr|[spread] p1a,p1b\n|-immune|p2a: Dodrio\n|debug|Spread modifier: 0.75\n|debug|Friend Guard weaken\n|debug|Spread modifier: 0.75\n|-damage|p1a: Pogo Jr|0 fnt\n|-damage|p1b: Clifford|0 fnt\n|faint|p1a: Pogo Jr\n|faint|p1b: Clifford\n|\n|upkeep\n|\n|t:|1735007108\n|switch|p1a: Victor|Victreebel, M|364/364\n|switch|p1b: Snax|Snorlax, M|247/461\n|turn|9\n|\n|t:|1735007126\n|move|p1a: Victor|Sucker Punch|p2b: Marowak\n|-damage|p2b: Marowak|6/262\n|-damage|p1a: Victor|328/364|[from] item: Life Orb\n|move|p2a: Dodrio|Brave Bird|p1a: Victor\n|-supereffective|p1a: Victor\n|-damage|p1a: Victor|0 fnt\n|faint|p1a: Victor\n|-damage|p2a: Dodrio|27/262|[from] Recoil\n|move|p2b: Marowak|Earthquake|p1b: Snax|[spread] p1b\n|-immune|p2a: Dodrio\n|debug|Spread modifier: 0.75\n|-damage|p1b: Snax|34/461\n|move|p1b: Snax|Ice Punch|p2a: Dodrio\n|-supereffective|p2a: Dodrio\n|-damage|p2a: Dodrio|0 fnt\n|debug|Covert Cloak prevent secondary\n|faint|p2a: Dodrio\n|\n|upkeep\n|\n|t:|1735007139\n|switch|p2a: Gengar|Gengar, M|138/262\n|turn|10\n|-message|mistermoscow forfeited.\n|\n|win|Mattmandaman\n","uploadtime":1735007146,"views":"41","formatid":"gen9doublescustomgame","rating":null,"private":0,"password":null}