{"id":"gen9doublescustomgame-2298968330","format":"[Gen 9] Doubles Custom Game","players":["Mango Meloetta","mistermoscow"],"log":"|j|☆Mango Meloetta\n|j|☆mistermoscow\n|t:|1739313304\n|gametype|doubles\n|player|p1|Mango Meloetta|li|\n|player|p2|mistermoscow|alder|\n|teamsize|p1|6\n|teamsize|p2|6\n|gen|9\n|tier|[Gen 9] Doubles Custom Game\n|clearpoke\n|poke|p1|Snorlax, M|\n|poke|p1|Cloyster, M|\n|poke|p1|Parasect, F|\n|poke|p1|Arcanine, F|\n|poke|p1|Weezing, F|\n|poke|p1|Golduck, F|\n|poke|p2|Primeape, M|\n|poke|p2|Dewgong, M|\n|poke|p2|Exeggutor, M|\n|poke|p2|Mr. Mime, F|\n|poke|p2|Jolteon, M|\n|poke|p2|Dragonite, M|\n|teampreview\n|\n|t:|1739313349\n|start\n|switch|p1a: Too High|Golduck, F|301/301\n|switch|p1b: Woof Burn|Arcanine, F|321/321\n|switch|p2a: Dewey|Dewgong, M|353/353\n|switch|p2b: Puff Daddy|Dragonite, M|355/355\n|-ability|p1b: Woof Burn|Intimidate|boost\n|-unboost|p2a: Dewey|atk|1\n|-unboost|p2b: Puff Daddy|atk|1\n|-ability|p1a: Too High|Cloud Nine\n|turn|1\n|\n|t:|1739313371\n|move|p1b: Woof Burn|Play Rough|p2b: Puff Daddy\n|-supereffective|p2b: Puff Daddy\n|debug|Multiscale weaken\n|-damage|p2b: Puff Daddy|203/355\n|debug|Covert Cloak prevent secondary\n|move|p1a: Too High|Ice Beam|p2b: Puff Daddy\n|-supereffective|p2b: Puff Daddy\n|-damage|p2b: Puff Daddy|0 fnt\n|debug|Covert Cloak prevent secondary\n|faint|p2b: Puff Daddy\n|move|p2a: Dewey|Icy Wind|p1a: Too High|[spread] p1a,p1b\n|debug|Spread modifier: 0.75\n|-resisted|p1a: Too High\n|debug|Spread modifier: 0.75\n|-resisted|p1b: Woof Burn\n|-damage|p1a: Too High|280/301\n|-damage|p1b: Woof Burn|303/321\n|-unboost|p1a: Too High|spe|1\n|-unboost|p1b: Woof Burn|spe|1\n|\n|upkeep\n|\n|t:|1739313397\n|switch|p2b: Apollo|Primeape, M|334/334\n|turn|2\n|\n|t:|1739313437\n|switch|p1b: Aroma Boy|Parasect, F|324/324\n|switch|p1a: Too Dank|Weezing, F|334/334\n|-ability|p1a: Too Dank|Neutralizing Gas\n|move|p2a: Dewey|Frost Breath|p2b: Apollo\n|-crit|p2b: Apollo\n|-damage|p2b: Apollo|286/334\n|debug|Hit handler suppressed by Gastro Acid or Neutralizing Gas\n|move|p2b: Apollo|Bulk Up|p2b: Apollo\n|-boost|p2b: Apollo|atk|1\n|-boost|p2b: Apollo|def|1\n|debug|Hit handler suppressed by Gastro Acid or Neutralizing Gas\n|\n|upkeep\n|turn|3\n|c|☆mistermoscow|omg\n|c|☆mistermoscow|fuck weezing lol\n|\n|t:|1739313482\n|move|p2a: Dewey|Helping Hand|p2b: Apollo\n|-singleturn|p2b: Apollo|Helping Hand|[of] p2a: Dewey\n|debug|Hit handler suppressed by Gastro Acid or Neutralizing Gas\n|move|p2b: Apollo|Rage Fist|p1a: Too Dank\n|debug|Boosting from Helping Hand: 1.5\n|-damage|p1a: Too Dank|194/334\n|move|p1a: Too Dank|Will-O-Wisp|p2b: Apollo\n|-status|p2b: Apollo|brn\n|debug|Hit handler suppressed by Gastro Acid or Neutralizing Gas\n|move|p1b: Aroma Boy|Spore|p2a: Dewey\n|-status|p2a: Dewey|slp|[from] move: Spore\n|\n|-damage|p2b: Apollo|266/334 brn|[from] brn\n|upkeep\n|turn|4\n|c|☆Mango Meloetta|hehehe\n|c|☆Mango Meloetta|Jesse wanted Weezing earlier and I was like...that means it is good haha\n|\n|t:|1739313515\n|cant|p2a: Dewey|slp\n|move|p2b: Apollo|Bulk Up|p2b: Apollo\n|-boost|p2b: Apollo|atk|1\n|-boost|p2b: Apollo|def|1\n|debug|Hit handler suppressed by Gastro Acid or Neutralizing Gas\n|move|p1a: Too Dank|Taunt|p2b: Apollo\n|-start|p2b: Apollo|move: Taunt\n|debug|Hit handler suppressed by Gastro Acid or Neutralizing Gas\n|move|p1b: Aroma Boy|Reflect|p1b: Aroma Boy\n|-sidestart|p1: Mango Meloetta|Reflect\n|\n|-damage|p2b: Apollo|246/334 brn|[from] brn\n|upkeep\n|turn|5\n|\n|t:|1739313559\n|debug|CheckShow handler suppressed by Gastro Acid or Neutralizing Gas\n|switch|p2a: Mrs. Mr. Mime|Mr. Mime, F|284/284\n|move|p2b: Apollo|Rage Fist|p1b: Aroma Boy\n|debug|Reflect weaken\n|-damage|p1b: Aroma Boy|264/324\n|debug|DamagingHit handler suppressed by Gastro Acid or Neutralizing Gas\n|move|p1a: Too Dank|Clear Smog|p2b: Apollo\n|-damage|p2b: Apollo|212/334 brn\n|-clearboost|p2b: Apollo\n|debug|Hit handler suppressed by Gastro Acid or Neutralizing Gas\n|move|p1b: Aroma Boy|Light Screen|p1b: Aroma Boy\n|-sidestart|p1: Mango Meloetta|move: Light Screen\n|\n|-heal|p1b: Aroma Boy|284/324|[from] item: Leftovers\n|-damage|p2b: Apollo|192/334 brn|[from] brn\n|upkeep\n|turn|6\n|\n|t:|1739313607\n|debug|CheckShow handler suppressed by Gastro Acid or Neutralizing Gas\n|switch|p2b: Eggman|Exeggutor, M|363/363\n|debug|ModifySpe handler suppressed by Gastro Acid or Neutralizing Gas\n|debug|ModifySpe handler suppressed by Gastro Acid or Neutralizing Gas\n|debug|ModifySpe handler suppressed by Gastro Acid or Neutralizing Gas\n|move|p2a: Mrs. Mr. Mime|Psychic Terrain|p2a: Mrs. Mr. Mime\n|-fieldstart|move: Psychic Terrain\n|debug|ModifySpe handler suppressed by Gastro Acid or Neutralizing Gas\n|move|p1a: Too Dank|Taunt|p2a: Mrs. Mr. Mime\n|-start|p2a: Mrs. Mr. Mime|move: Taunt\n|debug|ModifySpe handler suppressed by Gastro Acid or Neutralizing Gas\n|move|p1b: Aroma Boy|Spore|p2a: Mrs. Mr. Mime\n|-status|p2a: Mrs. Mr. Mime|slp|[from] move: Spore\n|\n|debug|ModifySpe handler suppressed by Gastro Acid or Neutralizing Gas\n|-heal|p1b: Aroma Boy|304/324|[from] item: Leftovers\n|upkeep\n|turn|7\n|debug|ModifySpe handler suppressed by Gastro Acid or Neutralizing Gas\n|debug|ModifySpe handler suppressed by Gastro Acid or Neutralizing Gas\n|\n|t:|1739313640\n|debug|CheckShow handler suppressed by Gastro Acid or Neutralizing Gas\n|switch|p2a: Sparky|Jolteon, M|271/271\n|debug|ModifySpe handler suppressed by Gastro Acid or Neutralizing Gas\n|debug|ModifySpe handler suppressed by Gastro Acid or Neutralizing Gas\n|-end|p1a: Too Dank|ability: Neutralizing Gas\n|switch|p1a: Snack Lax|Snorlax, M|524/524\n|switch|p1b: The Cloisters|Cloyster, M|282/282\n|move|p2b: Eggman|Expanding Force|p1a: Snack Lax|[spread] p1a,p1b\n|debug|psychic terrain boost\n|debug|terrain buff\n|debug|Spread modifier: 0.75\n|debug|Light Screen weaken\n|debug|psychic terrain boost\n|debug|terrain buff\n|debug|Spread modifier: 0.75\n|debug|Light Screen weaken\n|-damage|p1a: Snack Lax|342/524\n|-damage|p1b: The Cloisters|0 fnt\n|faint|p1b: The Cloisters\n|-damage|p2b: Eggman|327/363|[from] item: Life Orb\n|\n|-status|p2a: Sparky|brn|[from] item: Flame Orb\n|upkeep\n|c|☆Mango Meloetta|ugh expanding force is op lol\n|\n|t:|1739313662\n|switch|p1b: Too High|Golduck, F|280/301\n|-ability|p1b: Too High|Cloud Nine\n|turn|8\n|c|☆mistermoscow|lol a lil bit\n|\n|t:|1739313721\n|move|p2a: Sparky|Electroweb|p1a: Snack Lax|[spread] p1a,p1b\n|debug|Spread modifier: 0.75\n|debug|Light Screen weaken\n|debug|Spread modifier: 0.75\n|-supereffective|p1b: Too High\n|debug|Light Screen weaken\n|-damage|p1a: Snack Lax|295/524\n|-damage|p1b: Too High|164/301\n|-unboost|p1a: Snack Lax|spe|1\n|-unboost|p1b: Too High|spe|1\n|move|p1b: Too High|Ice Beam|p2b: Eggman\n|-supereffective|p2b: Eggman\n|-damage|p2b: Eggman|80/363\n|move|p2b: Eggman|Expanding Force|p1b: Too High|[spread] p1a,p1b\n|debug|psychic terrain boost\n|debug|terrain buff\n|debug|Spread modifier: 0.75\n|debug|Light Screen weaken\n|debug|psychic terrain boost\n|debug|terrain buff\n|debug|Spread modifier: 0.75\n|debug|Light Screen weaken\n|-damage|p1a: Snack Lax|130/524\n|-damage|p1b: Too High|0 fnt\n|-enditem|p1a: Snack Lax|Aguav Berry|[eat]\n|-heal|p1a: Snack Lax|304/524|[from] item: Aguav Berry\n|faint|p1b: Too High\n|-damage|p2b: Eggman|44/363|[from] item: Life Orb\n|move|p1a: Snack Lax|Body Slam|p2b: Eggman\n|-damage|p2b: Eggman|0 fnt\n|faint|p2b: Eggman\n|\n|-damage|p2a: Sparky|255/271 brn|[from] brn\n|-sideend|p1: Mango Meloetta|Reflect\n|upkeep\n|\n|t:|1739313750\n|switch|p1b: Aroma Boy|Parasect, F|304/324\n|switch|p2b: Mrs. Mr. Mime|Mr. Mime, F|284/284 slp\n|turn|9\n|\n|t:|1739313772\n|switch|p1b: Woof Burn|Arcanine, F|303/321\n|-ability|p1b: Woof Burn|Intimidate|boost\n|-unboost|p2a: Sparky|atk|1\n|-unboost|p2b: Mrs. Mr. Mime|atk|1\n|move|p2a: Sparky|Sunny Day|p2a: Sparky\n|-weather|SunnyDay\n|cant|p2b: Mrs. Mr. Mime|slp\n|move|p1a: Snack Lax|Body Slam|p2a: Sparky\n|-damage|p2a: Sparky|33/271 brn\n|\n|-weather|SunnyDay|[upkeep]\n|-damage|p2a: Sparky|17/271 brn|[from] brn\n|-sideend|p1: Mango Meloetta|move: Light Screen\n|upkeep\n|turn|10\n|\n|t:|1739313810\n|move|p2a: Sparky|Electroweb|p1a: Snack Lax|[spread] p1a,p1b\n|debug|Spread modifier: 0.75\n|-crit|p1a: Snack Lax\n|debug|Spread modifier: 0.75\n|-damage|p1a: Snack Lax|210/524\n|-damage|p1b: Woof Burn|215/321\n|-unboost|p1a: Snack Lax|spe|1\n|-unboost|p1b: Woof Burn|spe|1\n|cant|p2b: Mrs. Mr. Mime|slp\n|move|p1b: Woof Burn|Flame Charge|p2b: Mrs. Mr. Mime\n|debug|Sunny Day fire boost\n|-damage|p2b: Mrs. Mr. Mime|116/284 slp\n|-boost|p1b: Woof Burn|spe|1\n|move|p1a: Snack Lax|Body Slam|p2a: Sparky\n|-damage|p2a: Sparky|0 fnt\n|faint|p2a: Sparky\n|\n|-weather|SunnyDay|[upkeep]\n|upkeep\n|\n|t:|1739313829\n|switch|p2a: Apollo|Primeape, M|192/334 brn\n|turn|11\n|\n|t:|1739313910\n|switch|p1b: Too Dank|Weezing, F|194/334\n|-ability|p1b: Too Dank|Neutralizing Gas\n|switch|p1a: Aroma Boy|Parasect, F|304/324\n|move|p2a: Apollo|Bulk Up|p2a: Apollo\n|-boost|p2a: Apollo|atk|1\n|-boost|p2a: Apollo|def|1\n|debug|Hit handler suppressed by Gastro Acid or Neutralizing Gas\n|cant|p2b: Mrs. Mr. Mime|slp\n|\n|-weather|SunnyDay|[upkeep]\n|-heal|p1a: Aroma Boy|324/324|[from] item: Leftovers\n|-damage|p2a: Apollo|172/334 brn|[from] brn\n|upkeep\n|turn|12\n|\n|t:|1739313931\n|move|p2a: Apollo|Bulk Up|p2a: Apollo\n|-boost|p2a: Apollo|atk|1\n|-boost|p2a: Apollo|def|1\n|debug|Hit handler suppressed by Gastro Acid or Neutralizing Gas\n|-curestatus|p2b: Mrs. Mr. Mime|slp|[msg]\n|move|p2b: Mrs. Mr. Mime|Expanding Force|p1a: Aroma Boy|[spread] p1a,p1b\n|debug|psychic terrain boost\n|debug|terrain buff\n|debug|Spread modifier: 0.75\n|debug|psychic terrain boost\n|debug|terrain buff\n|debug|Spread modifier: 0.75\n|-supereffective|p1b: Too Dank\n|-damage|p1a: Aroma Boy|195/324\n|-damage|p1b: Too Dank|0 fnt\n|debug|DamagingHit handler suppressed by Gastro Acid or Neutralizing Gas\n|faint|p1b: Too Dank\n|-end|p1b: Too Dank|ability: Neutralizing Gas\n|move|p1a: Aroma Boy|Reflect|p1a: Aroma Boy\n|-sidestart|p1: Mango Meloetta|Reflect\n|\n|-weather|SunnyDay|[upkeep]\n|-heal|p1a: Aroma Boy|215/324|[from] item: Leftovers\n|-damage|p2a: Apollo|152/334 brn|[from] brn\n|upkeep\n|\n|t:|1739313970\n|switch|p1b: Woof Burn|Arcanine, F|215/321\n|-ability|p1b: Woof Burn|Intimidate|boost\n|-unboost|p2a: Apollo|atk|1\n|-unboost|p2b: Mrs. Mr. Mime|atk|1\n|turn|13\n|\n|t:|1739313989\n|move|p2b: Mrs. Mr. Mime|Follow Me|p2b: Mrs. Mr. Mime\n|-singleturn|p2b: Mrs. Mr. Mime|move: Follow Me\n|move|p1b: Woof Burn|Play Rough|p2b: Mrs. Mr. Mime\n|debug|Follow Me redirected target of move\n|-damage|p2b: Mrs. Mr. Mime|0 fnt\n|faint|p2b: Mrs. Mr. Mime\n|move|p2a: Apollo|Bulk Up|p2a: Apollo\n|-boost|p2a: Apollo|atk|1\n|-boost|p2a: Apollo|def|1\n|move|p1a: Aroma Boy|Spore||[still]\n|-fail|p1a: Aroma Boy\n|debug|move failed because it did nothing\n|\n|-weather|none\n|-heal|p1a: Aroma Boy|235/324|[from] item: Leftovers\n|-damage|p2a: Apollo|132/334 brn|[from] brn\n|-fieldend|move: Psychic Terrain\n|upkeep\n|\n|t:|1739314002\n|switch|p2b: Dewey|Dewgong, M|353/353 slp\n|turn|14\n|\n|t:|1739314024\n|move|p2a: Apollo|Protect|p2a: Apollo\n|-singleturn|p2a: Apollo|Protect\n|move|p1b: Woof Burn|Play Rough|p2a: Apollo\n|-activate|p2a: Apollo|move: Protect\n|-curestatus|p2b: Dewey|slp|[msg]\n|move|p2b: Dewey|Icy Wind|p1b: Woof Burn|[spread] p1b\n|-miss|p2b: Dewey|p1a: Aroma Boy\n|debug|Spread modifier: 0.75\n|-resisted|p1b: Woof Burn\n|-damage|p1b: Woof Burn|195/321\n|-unboost|p1b: Woof Burn|spe|1\n|move|p1a: Aroma Boy|Light Screen|p1a: Aroma Boy\n|-sidestart|p1: Mango Meloetta|move: Light Screen\n|\n|-heal|p1a: Aroma Boy|255/324|[from] item: Leftovers\n|-damage|p2a: Apollo|112/334 brn|[from] brn\n|upkeep\n|turn|15\n|\n|t:|1739314064\n|move|p2b: Dewey|Frost Breath|p2a: Apollo\n|-crit|p2a: Apollo\n|-damage|p2a: Apollo|69/334 brn\n|-setboost|p2a: Apollo|atk|6|[from] ability: Anger Point\n|move|p2a: Apollo|Drain Punch|p1b: Woof Burn\n|debug|Reflect weaken\n|-damage|p1b: Woof Burn|38/321\n|-heal|p2a: Apollo|148/334 brn|[from] drain|[of] p1b: Woof Burn\n|move|p1b: Woof Burn|Play Rough|p2a: Apollo|[miss]\n|-miss|p1b: Woof Burn|p2a: Apollo\n|move|p1a: Aroma Boy|Spore|p2b: Dewey\n|-status|p2b: Dewey|slp|[from] move: Spore\n|\n|-heal|p1a: Aroma Boy|275/324|[from] item: Leftovers\n|-damage|p2a: Apollo|128/334 brn|[from] brn\n|upkeep\n|turn|16\n|c|☆Mango Meloetta|omg lol\n|\n|t:|1739314156\n|switch|p1a: Snack Lax|Snorlax, M|210/524\n|cant|p2b: Dewey|slp\n|move|p2a: Apollo|Drain Punch|p1b: Woof Burn\n|debug|Reflect weaken\n|-damage|p1b: Woof Burn|0 fnt\n|-heal|p2a: Apollo|147/334 brn|[from] drain|[of] p1b: Woof Burn\n|faint|p1b: Woof Burn\n|\n|-damage|p2a: Apollo|127/334 brn|[from] brn\n|-sideend|p1: Mango Meloetta|Reflect\n|upkeep\n|\n|t:|1739314166\n|switch|p1b: Aroma Boy|Parasect, F|275/324\n|turn|17\n|\n|t:|1739314177\n|-curestatus|p2b: Dewey|slp|[msg]\n|move|p2b: Dewey|Helping Hand|p2a: Apollo\n|-singleturn|p2a: Apollo|Helping Hand|[of] p2b: Dewey\n|move|p2a: Apollo|Drain Punch|p1a: Snack Lax\n|debug|Boosting from Helping Hand: 1.5\n|-supereffective|p1a: Snack Lax\n|-damage|p1a: Snack Lax|0 fnt\n|-heal|p2a: Apollo|232/334 brn|[from] drain|[of] p1a: Snack Lax\n|faint|p1a: Snack Lax\n|move|p1b: Aroma Boy|Reflect|p1b: Aroma Boy\n|-sidestart|p1: Mango Meloetta|Reflect\n|\n|-heal|p1b: Aroma Boy|295/324|[from] item: Leftovers\n|-damage|p2a: Apollo|212/334 brn|[from] brn\n|upkeep\n|turn|18\n|c|☆Mango Meloetta|ah gg haha\n|\n|t:|1739314207\n|move|p2b: Dewey|Helping Hand|p2a: Apollo\n|-singleturn|p2a: Apollo|Helping Hand|[of] p2b: Dewey\n|move|p2a: Apollo|Rage Fist|p1b: Aroma Boy\n|debug|Boosting from Helping Hand: 1.5\n|debug|Reflect weaken\n|-damage|p1b: Aroma Boy|0 fnt\n|faint|p1b: Aroma Boy\n|\n|win|mistermoscow\n|c|☆mistermoscow|gg\n|c|☆Mango Meloetta|gggg\n|c|☆Mango Meloetta|alright i gotta go make dinner but I'll upload this\n","uploadtime":1739314225,"views":"11","formatid":"gen9doublescustomgame","rating":null,"private":0,"password":null}