{"id":"gen9doublescustomgame-2311114326","format":"[Gen 9] Doubles Custom Game","players":["mistermoscow","mattmandaman"],"log":"|j|☆mistermoscow\n|j|☆mattmandaman\n|t:|1740948229\n|gametype|doubles\n|player|p1|mistermoscow|alder|\n|player|p2|mattmandaman|giovanni|\n|teamsize|p1|6\n|teamsize|p2|6\n|gen|9\n|tier|[Gen 9] Doubles Custom Game\n|clearpoke\n|poke|p1|Primeape, M|\n|poke|p1|Dewgong, M|\n|poke|p1|Exeggutor, M|\n|poke|p1|Mr. Mime, F|\n|poke|p1|Jolteon, M|\n|poke|p1|Dragonite, M|\n|poke|p2|Machamp, M|\n|poke|p2|Starmie|\n|poke|p2|Chansey, F|\n|poke|p2|Nidoking, M|\n|poke|p2|Gengar, M|\n|poke|p2|Muk, F|\n|teampreview\n|\n|t:|1740948276\n|start\n|switch|p1a: Sparky|Jolteon, M|271/271\n|switch|p1b: Apollo|Primeape, M|334/334\n|switch|p2a: Gengar|Gengar, M|262/262\n|switch|p2b: Nidoking|Nidoking, M|304/304\n|turn|1\n|\n|t:|1740948307\n|switch|p1a: Dewey|Dewgong, M|353/353\n|move|p2b: Nidoking|Earth Power|p1a: Dewey\n|-damage|p1a: Dewey|188/353\n|move|p2a: Gengar|Will-O-Wisp|p1b: Apollo\n|-status|p1b: Apollo|brn\n|move|p1b: Apollo|Bulk Up|p1b: Apollo\n|-boost|p1b: Apollo|atk|1\n|-boost|p1b: Apollo|def|1\n|\n|-damage|p1b: Apollo|314/334 brn|[from] brn\n|upkeep\n|turn|2\n|\n|t:|1740948381\n|move|p2b: Nidoking|Earth Power|p1a: Dewey\n|-damage|p1a: Dewey|0 fnt\n|faint|p1a: Dewey\n|move|p2a: Gengar|Psychic|p1b: Apollo\n|-supereffective|p1b: Apollo\n|-damage|p1b: Apollo|182/334 brn\n|move|p1b: Apollo|Rage Fist|p2b: Nidoking\n|-damage|p2b: Nidoking|226/304\n|\n|-damage|p1b: Apollo|162/334 brn|[from] brn\n|upkeep\n|\n|t:|1740948396\n|switch|p1a: Eggman|Exeggutor, M|363/363\n|turn|3\n|\n|t:|1740948444\n|switch|p2b: Starmie|Starmie|262/262\n|switch|p1a: Sparky|Jolteon, M|271/271\n|move|p2a: Gengar|Psychic|p1b: Apollo\n|-supereffective|p1b: Apollo\n|-damage|p1b: Apollo|30/334 brn\n|move|p1b: Apollo|Rage Fist|p2a: Gengar\n|-supereffective|p2a: Gengar\n|-enditem|p2a: Gengar|Focus Sash\n|-damage|p2a: Gengar|1/262\n|\n|-damage|p1b: Apollo|10/334 brn|[from] brn\n|-status|p1a: Sparky|brn|[from] item: Flame Orb\n|upkeep\n|turn|4\n|\n|t:|1740948463\n|move|p2a: Gengar|Protect|p2a: Gengar\n|-singleturn|p2a: Gengar|Protect\n|move|p1a: Sparky|Electroweb|p2a: Gengar|[spread] p2b\n|-activate|p2a: Gengar|move: Protect\n|debug|Spread modifier: 0.75\n|-supereffective|p2b: Starmie\n|-damage|p2b: Starmie|152/262\n|-unboost|p2b: Starmie|spe|1\n|move|p2b: Starmie|Icy Wind|p1b: Apollo|[spread] p1a,p1b\n|debug|Spread modifier: 0.75\n|debug|Spread modifier: 0.75\n|-damage|p1a: Sparky|225/271 brn\n|-damage|p1b: Apollo|0 fnt\n|-unboost|p1a: Sparky|spe|1\n|faint|p1b: Apollo\n|\n|-damage|p1a: Sparky|209/271 brn|[from] brn\n|upkeep\n|\n|t:|1740948492\n|switch|p1b: Mrs. Mr. Mime|Mr. Mime, F|284/284\n|turn|5\n|\n|t:|1740948508\n|switch|p2b: Chansey|Chansey, F|704/704\n|move|p1a: Sparky|Electroweb|p2a: Gengar|[spread] p2a,p2b\n|debug|Spread modifier: 0.75\n|debug|Spread modifier: 0.75\n|-damage|p2a: Gengar|0 fnt\n|-damage|p2b: Chansey|670/704\n|-unboost|p2b: Chansey|spe|1\n|faint|p2a: Gengar\n|move|p1b: Mrs. Mr. Mime|Psychic Terrain|p1b: Mrs. Mr. Mime\n|-fieldstart|move: Psychic Terrain\n|\n|-damage|p1a: Sparky|193/271 brn|[from] brn\n|upkeep\n|\n|t:|1740948524\n|switch|p2a: Starmie|Starmie|152/262\n|turn|6\n|\n|t:|1740948538\n|move|p1a: Sparky|Volt Switch|p2a: Starmie\n|-supereffective|p2a: Starmie\n|-damage|p2a: Starmie|0 fnt\n|faint|p2a: Starmie\n|\n|t:|1740948546\n|switch|p1a: Eggman|Exeggutor, M|363/363|[from] Volt Switch\n|move|p1b: Mrs. Mr. Mime|Sunny Day|p1b: Mrs. Mr. Mime\n|-weather|SunnyDay\n|move|p2b: Chansey|Thunder Wave|p1b: Mrs. Mr. Mime\n|-status|p1b: Mrs. Mr. Mime|par\n|\n|-weather|SunnyDay|[upkeep]\n|upkeep\n|\n|t:|1740948569\n|switch|p2a: Machamp|Machamp, M|384/384\n|turn|7\n|\n|t:|1740948583\n|move|p2a: Machamp|Protect|p2a: Machamp\n|-singleturn|p2a: Machamp|Protect\n|cant|p1b: Mrs. Mr. Mime|par\n|move|p1a: Eggman|Expanding Force|p2b: Chansey|[spread] p2b\n|-activate|p2a: Machamp|move: Protect\n|debug|psychic terrain boost\n|debug|terrain buff\n|debug|Spread modifier: 0.75\n|-damage|p2b: Chansey|543/704\n|move|p2b: Chansey|Thunder Wave|p1a: Eggman\n|-status|p1a: Eggman|par\n|\n|-weather|SunnyDay|[upkeep]\n|upkeep\n|turn|8\n|\n|t:|1740948603\n|cant|p1b: Mrs. Mr. Mime|par\n|cant|p1a: Eggman|par\n|move|p2a: Machamp|Dynamic Punch|p1b: Mrs. Mr. Mime\n|debug|Punching Glove boost\n|-resisted|p1b: Mrs. Mr. Mime\n|-damage|p1b: Mrs. Mr. Mime|238/284 par\n|-start|p1b: Mrs. Mr. Mime|confusion\n|move|p2b: Chansey|Soft-Boiled|p2b: Chansey\n|-heal|p2b: Chansey|704/704\n|\n|-weather|SunnyDay|[upkeep]\n|upkeep\n|turn|9\n|c|☆mattmandaman|wow\n|\n|t:|1740948621\n|-activate|p1b: Mrs. Mr. Mime|confusion\n|move|p1b: Mrs. Mr. Mime|Follow Me|p1b: Mrs. Mr. Mime\n|-singleturn|p1b: Mrs. Mr. Mime|move: Follow Me\n|move|p1a: Eggman|Expanding Force|p2a: Machamp|[spread] p2a,p2b\n|debug|psychic terrain boost\n|debug|terrain buff\n|debug|Spread modifier: 0.75\n|-supereffective|p2a: Machamp\n|debug|psychic terrain boost\n|debug|terrain buff\n|debug|Spread modifier: 0.75\n|-damage|p2a: Machamp|0 fnt\n|-damage|p2b: Chansey|566/704\n|faint|p2a: Machamp\n|move|p2b: Chansey|Seismic Toss|p1b: Mrs. Mr. Mime\n|debug|Follow Me redirected target of move\n|-damage|p1b: Mrs. Mr. Mime|138/284 par\n|\n|-weather|SunnyDay|[upkeep]\n|upkeep\n|\n|t:|1740948643\n|switch|p2a: Nidoking|Nidoking, M|226/304\n|turn|10\n|c|☆mistermoscow|rnjesus hates me\n|\n|t:|1740948684\n|switch|p1a: Sparky|Jolteon, M|193/271 brn\n|move|p2a: Nidoking|Sludge Wave|p1a: Sparky|[spread] p2b,p1a,p1b\n|debug|Spread modifier: 0.75\n|debug|Spread modifier: 0.75\n|debug|Spread modifier: 0.75\n|-supereffective|p1b: Mrs. Mr. Mime\n|debug|Filter neutralize\n|-damage|p2b: Chansey|493/704\n|-damage|p1a: Sparky|61/271 brn\n|-damage|p1b: Mrs. Mr. Mime|0 fnt\n|faint|p1b: Mrs. Mr. Mime\n|move|p2b: Chansey|Soft-Boiled|p2b: Chansey\n|-heal|p2b: Chansey|704/704\n|\n|-weather|none\n|-damage|p1a: Sparky|45/271 brn|[from] brn\n|upkeep\n|\n|t:|1740948696\n|switch|p1b: Puff Daddy|Dragonite, M|355/355\n|turn|11\n|\n|t:|1740948719\n|move|p1a: Sparky|Sunny Day|p1a: Sparky\n|-weather|SunnyDay\n|move|p2a: Nidoking|Sludge Wave|p1a: Sparky|[spread] p2b,p1a,p1b\n|debug|Spread modifier: 0.75\n|debug|Spread modifier: 0.75\n|debug|Spread modifier: 0.75\n|-damage|p2b: Chansey|625/704\n|-damage|p1a: Sparky|0 fnt\n|-damage|p1b: Puff Daddy|211/355\n|faint|p1a: Sparky\n|move|p1b: Puff Daddy|Dragon Claw|p2a: Nidoking\n|-damage|p2a: Nidoking|0 fnt\n|faint|p2a: Nidoking\n|-damage|p1b: Puff Daddy|176/355|[from] item: Life Orb\n|move|p2b: Chansey|Thunder Wave|p1b: Puff Daddy\n|-status|p1b: Puff Daddy|par\n|\n|-weather|SunnyDay|[upkeep]\n|upkeep\n|\n|t:|1740948736\n|switch|p1a: Eggman|Exeggutor, M|363/363 par\n|switch|p2a: Muk|Muk, F|414/414\n|turn|12\n|\n|t:|1740948751\n|move|p2a: Muk|Protect|p2a: Muk\n|-singleturn|p2a: Muk|Protect\n|move|p1a: Eggman|Expanding Force|p2a: Muk|[spread] p2b\n|-activate|p2a: Muk|move: Protect\n|debug|psychic terrain boost\n|debug|terrain buff\n|debug|Spread modifier: 0.75\n|-damage|p2b: Chansey|486/704\n|move|p1b: Puff Daddy|Dragon Dance|p1b: Puff Daddy\n|-boost|p1b: Puff Daddy|atk|1\n|-boost|p1b: Puff Daddy|spe|1\n|move|p2b: Chansey|Seismic Toss|p1b: Puff Daddy\n|-damage|p1b: Puff Daddy|76/355 par\n|\n|-weather|SunnyDay|[upkeep]\n|-fieldend|move: Psychic Terrain\n|upkeep\n|turn|13\n|\n|t:|1740948800\n|move|p1a: Eggman|Psychic Terrain|p1a: Eggman\n|-fieldstart|move: Psychic Terrain\n|move|p1b: Puff Daddy|Dragon Claw|p2b: Chansey\n|-damage|p2b: Chansey|61/704\n|-damage|p1b: Puff Daddy|41/355 par|[from] item: Life Orb\n|move|p2a: Muk|Poison Jab|p1a: Eggman\n|-supereffective|p1a: Eggman\n|-damage|p1a: Eggman|63/363 par\n|debug|move failed because it did nothing\n|move|p2b: Chansey|Seismic Toss|p1b: Puff Daddy\n|-damage|p1b: Puff Daddy|0 fnt\n|faint|p1b: Puff Daddy\n|\n|-weather|SunnyDay|[upkeep]\n|-heal|p1a: Eggman|85/363 par|[from] item: Leftovers\n|upkeep\n|turn|14\n|\n|t:|1740948820\n|move|p1a: Eggman|Expanding Force|p2b: Chansey|[spread] p2a,p2b\n|debug|psychic terrain boost\n|debug|terrain buff\n|debug|Spread modifier: 0.75\n|-supereffective|p2a: Muk\n|debug|psychic terrain boost\n|debug|terrain buff\n|debug|Spread modifier: 0.75\n|-damage|p2a: Muk|0 fnt\n|-damage|p2b: Chansey|0 fnt\n|faint|p2a: Muk\n|faint|p2b: Chansey\n|\n|win|mistermoscow\n|c|☆mistermoscow|thank you rnjesus\n|c|☆mistermoscow|gg\n","uploadtime":1740948838,"views":"14","formatid":"gen9doublescustomgame","rating":null,"private":0,"password":null}