{"id":"gen9doublescustomgame-2352740884","format":"[Gen 9] Doubles Custom Game","players":["Mattmandaman","mistermoscow"],"log":"|j|☆Mattmandaman\n|j|☆mistermoscow\n|t:|1745874840\n|gametype|doubles\n|player|p1|Mattmandaman|giovanni|\n|player|p2|mistermoscow|alder|\n|teamsize|p1|6\n|teamsize|p2|6\n|gen|9\n|tier|[Gen 9] Doubles Custom Game\n|clearpoke\n|poke|p1|Gengar, M|\n|poke|p1|Starmie|\n|poke|p1|Chansey, F|\n|poke|p1|Nidoking, M|\n|poke|p1|Snorlax, F|\n|poke|p1|Pinsir, M|\n|poke|p2|Nidoking, M|\n|poke|p2|Primeape, M|\n|poke|p2|Dewgong, M|\n|poke|p2|Mr. Mime, M|\n|poke|p2|Jolteon, M|\n|poke|p2|Dragonite, F|\n|teampreview\n|\n|t:|1745874920\n|start\n|switch|p1a: Gengar|Gengar, M|262/262\n|switch|p1b: Starmie|Starmie|262/262\n|switch|p2a: Apollo|Primeape, M|334/334\n|switch|p2b: Mimsy|Mr. Mime, M|284/284\n|turn|1\n|\n|t:|1745874967\n|switch|p2a: Dewey|Dewgong, M|353/353\n|move|p1b: Starmie|Expanding Force|p2a: Dewey\n|-damage|p2a: Dewey|176/353\n|move|p1a: Gengar|Sludge Bomb|p2b: Mimsy\n|-supereffective|p2b: Mimsy\n|debug|Filter neutralize\n|-damage|p2b: Mimsy|71/284\n|-status|p2b: Mimsy|psn\n|move|p2b: Mimsy|Psyshock|p1a: Gengar\n|-supereffective|p1a: Gengar\n|-enditem|p1a: Gengar|Focus Sash\n|-damage|p1a: Gengar|1/262\n|\n|-heal|p2b: Mimsy|88/284 psn|[from] item: Leftovers\n|-damage|p2b: Mimsy|53/284 psn|[from] psn\n|upkeep\n|turn|2\n|\n|t:|1745875011\n|switch|p1b: Pinsir|Pinsir, M|334/334\n|move|p1a: Gengar|Protect|p1a: Gengar\n|-singleturn|p1a: Gengar|Protect\n|move|p2a: Dewey|Fake Out|p1b: Pinsir\n|-damage|p1b: Pinsir|298/334\n|move|p2b: Mimsy|Teleport|p2b: Mimsy\n|\n|t:|1745875040\n|switch|p2b: Sparky|Jolteon, M|272/272|[from] Teleport\n|\n|upkeep\n|turn|3\n|\n|t:|1745875057\n|switch|p1a: Chansey|Chansey, F|704/704\n|move|p2b: Sparky|Electroweb|p1b: Pinsir|[spread] p1a,p1b\n|debug|Spread modifier: 0.75\n|debug|Spread modifier: 0.75\n|-damage|p1a: Chansey|670/704\n|-damage|p1b: Pinsir|235/334\n|-unboost|p1a: Chansey|spe|1\n|-unboost|p1b: Pinsir|spe|1\n|move|p2a: Dewey|Ice Spinner|p1a: Chansey\n|-crit|p1a: Chansey\n|-damage|p1a: Chansey|430/704\n|move|p1b: Pinsir|Earthquake|p2a: Dewey|[spread] p1a,p2a,p2b\n|debug|Spread modifier: 0.75\n|debug|Spread modifier: 0.75\n|debug|Spread modifier: 0.75\n|-supereffective|p2b: Sparky\n|-damage|p1a: Chansey|284/704\n|-damage|p2a: Dewey|78/353\n|-damage|p2b: Sparky|0 fnt\n|faint|p2b: Sparky\n|-ability|p1b: Pinsir|Moxie|boost\n|-boost|p1b: Pinsir|atk|1\n|\n|upkeep\n|\n|t:|1745875084\n|switch|p2b: King Nido|Nidoking, M|303/303\n|turn|4\n|\n|t:|1745875095\n|switch|p2a: Apollo|Primeape, M|334/334\n|move|p2b: King Nido|Sludge Wave|p1b: Pinsir|[spread] p2a,p1a,p1b\n|debug|Spread modifier: 0.75\n|debug|Spread modifier: 0.75\n|debug|Spread modifier: 0.75\n|-damage|p2a: Apollo|256/334\n|-damage|p1a: Chansey|209/704\n|-damage|p1b: Pinsir|117/334\n|move|p1b: Pinsir|Earthquake|p2b: King Nido|[spread] p1a,p2a,p2b\n|debug|Spread modifier: 0.75\n|debug|Spread modifier: 0.75\n|debug|Spread modifier: 0.75\n|-supereffective|p2b: King Nido\n|-damage|p1a: Chansey|2/704\n|-damage|p2a: Apollo|101/334\n|-damage|p2b: King Nido|0 fnt\n|faint|p2b: King Nido\n|-ability|p1b: Pinsir|Moxie|boost\n|-boost|p1b: Pinsir|atk|1\n|move|p1a: Chansey|Soft-Boiled|p1a: Chansey\n|-heal|p1a: Chansey|354/704\n|\n|upkeep\n|\n|t:|1745875111\n|switch|p2b: Mimsy|Mr. Mime, M|53/284 psn\n|turn|5\n|\n|t:|1745875134\n|switch|p1a: Gengar|Gengar, M|1/262\n|move|p2b: Mimsy|Fake Out|p1b: Pinsir\n|-damage|p1b: Pinsir|100/334\n|move|p2a: Apollo|Rage Fist|p1b: Pinsir\n|-damage|p1b: Pinsir|0 fnt\n|faint|p1b: Pinsir\n|\n|-heal|p2b: Mimsy|70/284 psn|[from] item: Leftovers\n|-damage|p2b: Mimsy|35/284 psn|[from] psn\n|upkeep\n|\n|t:|1745875147\n|switch|p1b: Starmie|Starmie|262/262\n|turn|6\n|\n|t:|1745875162\n|move|p1b: Starmie|Ice Beam|p2b: Mimsy\n|-damage|p2b: Mimsy|0 fnt\n|faint|p2b: Mimsy\n|move|p1a: Gengar|Psychic|p2a: Apollo\n|-supereffective|p2a: Apollo\n|-damage|p2a: Apollo|0 fnt\n|faint|p2a: Apollo\n|\n|upkeep\n|\n|t:|1745875169\n|switch|p2a: Dewey|Dewgong, M|78/353\n|switch|p2b: Puff Daddy|Dragonite, F|386/386\n|turn|7\n|\n|t:|1745875201\n|switch|p1b: Chansey|Chansey, F|354/704\n|move|p2a: Dewey|Fake Out|p1b: Chansey\n|-damage|p1b: Chansey|300/704\n|move|p1a: Gengar|Sludge Bomb|p2a: Dewey\n|-crit|p2a: Dewey\n|-damage|p2a: Dewey|0 fnt\n|debug|Covert Cloak prevent secondary\n|faint|p2a: Dewey\n|move|p2b: Puff Daddy|Dragon Dance|p2b: Puff Daddy\n|-boost|p2b: Puff Daddy|atk|1\n|-boost|p2b: Puff Daddy|spe|1\n|\n|upkeep\n|turn|8\n|\n|t:|1745875218\n|move|p1a: Gengar|Sludge Bomb|p2b: Puff Daddy\n|debug|Multiscale weaken\n|-damage|p2b: Puff Daddy|302/386\n|move|p2b: Puff Daddy|Dragon Dance|p2b: Puff Daddy\n|-boost|p2b: Puff Daddy|atk|1\n|-boost|p2b: Puff Daddy|spe|1\n|move|p1b: Chansey|Thunder Wave|p2b: Puff Daddy\n|-status|p2b: Puff Daddy|par\n|\n|upkeep\n|turn|9\n|\n|t:|1745875231\n|move|p1a: Gengar|Sludge Bomb|p2b: Puff Daddy\n|-damage|p2b: Puff Daddy|133/386 par\n|cant|p2b: Puff Daddy|par\n|move|p1b: Chansey|Seismic Toss|p2b: Puff Daddy\n|-damage|p2b: Puff Daddy|33/386 par\n|\n|upkeep\n|turn|10\n|-message|mistermoscow forfeited.\n|\n|win|Mattmandaman\n|c|☆mistermoscow|gg\n","uploadtime":1745875241,"views":"12","formatid":"gen9doublescustomgame","rating":null,"private":0,"password":null}