{"id":"gen9doublescustomgame-2261344939","format":"[Gen 9] Doubles Custom Game","players":["mattmandaman","noli_cannoli10"],"log":"|badge|p1|silver|gen9doublesou|30-3\n|uhtml|medal-msg|<div class=\"broadcast-blue\">Curious what those medals under the avatar are? PS now has Ladder Seasons! For more information, check out the <a href=\"https://www.smogon.com/forums/threads/3740067/\">thread on Smogon.</a></div>\n|j|☆mattmandaman\n|j|☆noli_cannoli10\n|t:|1733964676\n|gametype|doubles\n|player|p1|mattmandaman|giovanni|\n|player|p2|noli_cannoli10|102|\n|teamsize|p1|6\n|teamsize|p2|6\n|gen|9\n|tier|[Gen 9] Doubles Custom Game\n|clearpoke\n|poke|p1|Porygon|\n|poke|p1|Marowak, M|\n|poke|p1|Pikachu, F|\n|poke|p1|Butterfree, M|\n|poke|p1|Cloyster, M|\n|poke|p1|Clefairy, F|\n|poke|p2|Machamp, F|\n|poke|p2|Moltres|\n|poke|p2|Slowbro, F|\n|poke|p2|Nidoking, M|\n|poke|p2|Lapras, M|\n|poke|p2|Hypno, M|\n|teampreview\n|\n|t:|1733964734\n|start\n|switch|p1a: Pikachu|Pikachu, F|211/211\n|switch|p1b: Cloyster|Cloyster, M|242/242\n|switch|p2a: King of Queens|Nidoking, M, shiny|303/303\n|switch|p2b: why you here?|Hypno, M|374/374\n|turn|1\n|\n|t:|1733964755\n|move|p1a: Pikachu|Fake Out|p2b: why you here?\n|-damage|p2b: why you here?|316/374\n|debug|add volatile [flinch] interrupted\n|debug|move failed because it did nothing\n|move|p2a: King of Queens|Sludge Wave|p1b: Cloyster|[spread] p2b,p1a,p1b\n|debug|Spread modifier: 0.75\n|debug|Spread modifier: 0.75\n|debug|Spread modifier: 0.75\n|-damage|p2b: why you here?|182/374\n|-damage|p1a: Pikachu|0 fnt\n|-damage|p1b: Cloyster|0 fnt\n|faint|p1a: Pikachu\n|faint|p1b: Cloyster\n|move|p2b: why you here?|Psychic Terrain|p2b: why you here?\n|-fieldstart|move: Psychic Terrain\n|\n|upkeep\n|c|☆mattmandaman|wow lol\n|c|☆noli_cannoli10|jeez\n|\n|t:|1733964783\n|switch|p1a: Butterfree|Butterfree, M|262/262\n|switch|p1b: Marowak|Marowak, M|324/324\n|turn|2\n|c|☆noli_cannoli10|this is the team i used with jesse last night\n|\n|t:|1733964807\n|move|p2a: King of Queens|Sludge Wave|p1a: Butterfree|[spread] p2b,p1a,p1b\n|debug|Spread modifier: 0.75\n|debug|Spread modifier: 0.75\n|debug|Spread modifier: 0.75\n|-resisted|p1b: Marowak\n|-damage|p2b: why you here?|49/374\n|-damage|p1a: Butterfree|55/262\n|-damage|p1b: Marowak|228/324\n|move|p1a: Butterfree|Sleep Powder|p2b: why you here?\n|debug|compoundeyes - enhancing accuracy\n|-status|p2b: why you here?|slp|[from] move: Sleep Powder\n|cant|p2b: why you here?|slp\n|move|p1b: Marowak|Earthquake|p2a: King of Queens|[spread] p2a,p2b\n|-immune|p1a: Butterfree\n|debug|Spread modifier: 0.75\n|-supereffective|p2a: King of Queens\n|debug|Spread modifier: 0.75\n|-damage|p2a: King of Queens|0 fnt\n|-damage|p2b: why you here?|0 fnt\n|faint|p2a: King of Queens\n|faint|p2b: why you here?\n|\n|upkeep\n|c|☆mattmandaman|wild power\n|c|☆noli_cannoli10|i totally forget about the friendly fire though\n|\n|t:|1733964840\n|switch|p2a: Stoner child|Slowbro, F|394/394\n|switch|p2b: 3rd bird|Moltres|321/321\n|turn|3\n|\n|t:|1733964855\n|move|p1a: Butterfree|Protect|p1a: Butterfree\n|-singleturn|p1a: Butterfree|Protect\n|move|p2b: 3rd bird|Fire Blast|p1a: Butterfree\n|-activate|p1a: Butterfree|move: Protect\n|move|p1b: Marowak|Rock Slide|p2b: 3rd bird|[spread] p2a,p2b\n|debug|Spread modifier: 0.75\n|debug|Spread modifier: 0.75\n|-supereffective|p2b: 3rd bird\n|-damage|p2a: Stoner child|320/394\n|-damage|p2b: 3rd bird|0 fnt\n|faint|p2b: 3rd bird\n|move|p2a: Stoner child|Psyshock|p1b: Marowak\n|debug|psychic terrain boost\n|-damage|p1b: Marowak|108/324\n|\n|-heal|p2a: Stoner child|344/394|[from] item: Leftovers\n|upkeep\n|\n|t:|1733964871\n|switch|p2b: People's Champ|Machamp, F|384/384\n|turn|4\n|\n|t:|1733964885\n|move|p1a: Butterfree|Sleep Powder|p2b: People's Champ\n|debug|compoundeyes - enhancing accuracy\n|-status|p2b: People's Champ|slp|[from] move: Sleep Powder\n|cant|p2b: People's Champ|slp\n|move|p1b: Marowak|Earthquake|p2b: People's Champ|[spread] p2a,p2b\n|-immune|p1a: Butterfree\n|debug|Spread modifier: 0.75\n|debug|Spread modifier: 0.75\n|-damage|p2a: Stoner child|202/394\n|-damage|p2b: People's Champ|144/384 slp\n|move|p2a: Stoner child|Psyshock|p1b: Marowak\n|debug|psychic terrain boost\n|-damage|p1b: Marowak|0 fnt\n|faint|p1b: Marowak\n|\n|-heal|p2a: Stoner child|226/394|[from] item: Leftovers\n|upkeep\n|c|☆noli_cannoli10|wake up\n|\n|t:|1733964900\n|switch|p1b: Porygon|Porygon|334/334\n|-ability|p1b: Porygon|Download|boost\n|-boost|p1b: Porygon|spa|1\n|turn|5\n|\n|t:|1733964924\n|move|p1a: Butterfree|Hurricane|p2b: People's Champ\n|debug|compoundeyes - enhancing accuracy\n|-supereffective|p2b: People's Champ\n|-damage|p2b: People's Champ|0 fnt\n|faint|p2b: People's Champ\n|move|p1b: Porygon|Thunderbolt|p2a: Stoner child\n|-supereffective|p2a: Stoner child\n|-damage|p2a: Stoner child|0 fnt\n|faint|p2a: Stoner child\n|\n|-fieldend|move: Psychic Terrain\n|upkeep\n|c|☆mattmandaman|sleep and freeze is the worst\n|\n|t:|1733964939\n|switch|p2a: Lap dat ass|Lapras, M|463/463\n|turn|6\n|c|☆noli_cannoli10|gg lol\n|\n|t:|1733964950\n|move|p1a: Butterfree|Hurricane|p2a: Lap dat ass\n|debug|compoundeyes - enhancing accuracy\n|-damage|p2a: Lap dat ass|274/463\n|move|p2a: Lap dat ass|Surf|p1b: Porygon|[spread] p1a,p1b\n|debug|Spread modifier: 0.75\n|debug|Spread modifier: 0.75\n|-damage|p1a: Butterfree|0 fnt\n|-damage|p1b: Porygon|265/334\n|faint|p1a: Butterfree\n|move|p1b: Porygon|Thunderbolt|p2a: Lap dat ass\n|-supereffective|p2a: Lap dat ass\n|-damage|p2a: Lap dat ass|52/463\n|-enditem|p2a: Lap dat ass|Aguav Berry|[eat]\n|-heal|p2a: Lap dat ass|206/463|[from] item: Aguav Berry\n|\n|upkeep\n|c|☆mattmandaman|gg\n|\n|t:|1733964958\n|switch|p1a: Clefairy|Clefairy, F|344/344\n|turn|7\n|\n|t:|1733964976\n|move|p1a: Clefairy|Helping Hand|p1b: Porygon\n|-singleturn|p1b: Porygon|Helping Hand|[of] p1a: Clefairy\n|move|p2a: Lap dat ass|Freeze-Dry|p1b: Porygon\n|debug|Friend Guard weaken\n|-damage|p1b: Porygon|209/334\n|move|p1b: Porygon|Thunderbolt|p2a: Lap dat ass\n|debug|Boosting from Helping Hand: 1.5\n|-supereffective|p2a: Lap dat ass\n|-damage|p2a: Lap dat ass|0 fnt\n|faint|p2a: Lap dat ass\n|\n|win|mattmandaman\n|c|☆noli_cannoli10|close so i have faith in this team\n|c|☆mattmandaman|yea it seems good for sure, if you kept nidoking safe from marowak i think i wouldve lost\n|c|☆mattmandaman|easier said then done tho\n|c|☆noli_cannoli10|yea, one less sludge wave wouldve kept hypno alive for one more attack probably too\n|c|☆mattmandaman|yea thats true for sure\n","uploadtime":1733965085,"views":"32","formatid":"gen9doublescustomgame","rating":null,"private":0,"password":null}