{"id":"gen9doublescustomgame-2437292925","format":"[Gen 9] Doubles Custom Game","players":["mistermoscow","je64"],"log":"|j|☆mistermoscow\n|j|☆je64\n|t:|1757298439\n|gametype|doubles\n|player|p1|mistermoscow|alder|\n|player|p2|je64|265|\n|gen|9\n|tier|[Gen 9] Doubles Custom Game\n|clearpoke\n|poke|p1|Nidoking, M|\n|poke|p1|Primeape, M|\n|poke|p1|Exeggutor, M|\n|poke|p1|Mr. Mime, M|\n|poke|p1|Jolteon, M|\n|poke|p1|Dragonite, M|\n|poke|p2|Dewgong|\n|poke|p2|Gengar|\n|poke|p2|Exeggutor|\n|poke|p2|Wigglytuff|\n|poke|p2|Kadabra|\n|poke|p2|Rhydon|\n|teampreview\n|\n|t:|1757298452\n|teamsize|p1|6\n|teamsize|p2|6\n|start\n|switch|p1a: Mimsy|Mr. Mime, M|284/284\n|switch|p1b: Puff Daddy|Dragonite, M|355/355\n|switch|p2a: K.Dot|Kadabra|221/221\n|switch|p2b: Dewgongeroar|Dewgong|384/384\n|turn|1\n|\n|t:|1757298574\n|move|p1a: Mimsy|Fake Out|p2b: Dewgongeroar\n|-damage|p2b: Dewgongeroar|366/384\n|move|p1b: Puff Daddy|Iron Head|p2a: K.Dot\n|-enditem|p2a: K.Dot|Focus Sash\n|-damage|p2a: K.Dot|1/221\n|debug|add volatile [flinch] interrupted\n|debug|move failed because it did nothing\n|cant|p2b: Dewgongeroar|flinch\n|move|p2a: K.Dot|Trick Room|p2a: K.Dot\n|-fieldstart|move: Trick Room|[of] p2a: K.Dot\n|\n|upkeep\n|turn|2\n|\n|t:|1757298646\n|move|p2a: K.Dot|Protect|p2a: K.Dot\n|-singleturn|p2a: K.Dot|Protect\n|move|p1a: Mimsy|Follow Me|p1a: Mimsy\n|-singleturn|p1a: Mimsy|move: Follow Me\n|move|p2b: Dewgongeroar|Triple Axel|p1a: Mimsy\n|debug|Follow Me redirected target of move\n|-damage|p1a: Mimsy|260/284\n|-damage|p1a: Mimsy|208/284\n|-damage|p1a: Mimsy|133/284\n|-hitcount|p1a: Mimsy|3\n|move|p1b: Puff Daddy|Iron Head|p2b: Dewgongeroar\n|-damage|p2b: Dewgongeroar|233/384\n|\n|-heal|p1a: Mimsy|150/284|[from] item: Leftovers\n|upkeep\n|turn|3\n|\n|t:|1757298701\n|switch|p1a: Apollo|Primeape, M|271/271\n|switch|p2a: Wiggleluna|Wigglytuff|421/421\n|move|p2b: Dewgongeroar|Triple Axel|p1b: Puff Daddy\n|-supereffective|p1b: Puff Daddy\n|debug|Multiscale weaken\n|-damage|p1b: Puff Daddy|295/355\n|-supereffective|p1b: Puff Daddy\n|-damage|p1b: Puff Daddy|79/355\n|-supereffective|p1b: Puff Daddy\n|-damage|p1b: Puff Daddy|0 fnt\n|faint|p1b: Puff Daddy\n|-hitcount|p1: Puff Daddy|3\n|\n|upkeep\n|\n|t:|1757298721\n|switch|p1b: Mimsy|Mr. Mime, M|150/284\n|turn|4\n|\n|t:|1757298744\n|move|p1b: Mimsy|Fake Out|p2b: Dewgongeroar\n|-damage|p2b: Dewgongeroar|213/384\n|move|p2a: Wiggleluna|Hyper Voice|p1b: Mimsy|[spread] p1a,p1b\n|debug|Spread modifier: 0.75\n|debug|Spread modifier: 0.75\n|-damage|p1a: Apollo|196/271\n|-damage|p1b: Mimsy|71/284\n|-enditem|p2a: Wiggleluna|Throat Spray\n|-boost|p2a: Wiggleluna|spa|1|[from] item: Throat Spray\n|cant|p2b: Dewgongeroar|flinch\n|move|p1a: Apollo|Bulk Up|p1a: Apollo\n|-boost|p1a: Apollo|atk|1\n|-boost|p1a: Apollo|def|1\n|\n|-heal|p1b: Mimsy|88/284|[from] item: Leftovers\n|upkeep\n|turn|5\n|\n|t:|1757298778\n|switch|p1b: King Nido|Nidoking, M|366/366\n|move|p2a: Wiggleluna|Dazzling Gleam|p1a: Apollo|[spread] p1a,p1b\n|debug|Spread modifier: 0.75\n|-supereffective|p1a: Apollo\n|debug|Spread modifier: 0.75\n|-resisted|p1b: King Nido\n|-damage|p1a: Apollo|0 fnt\n|-damage|p1b: King Nido|279/366\n|faint|p1a: Apollo\n|move|p2b: Dewgongeroar|Flip Turn|p1b: King Nido\n|-supereffective|p1b: King Nido\n|-damage|p1b: King Nido|73/366\n|\n|t:|1757298815\n|switch|p2b: La Don|Rhydon|352/352|[from] Flip Turn\n|\n|-fieldend|move: Trick Room\n|upkeep\n|\n|t:|1757298830\n|switch|p1a: Sparky|Jolteon, M|272/272\n|turn|6\n|\n|t:|1757298895\n|move|p1a: Sparky|Reflect|p1a: Sparky\n|-sidestart|p1: mistermoscow|Reflect\n|move|p1b: King Nido|Earth Power|p2a: Wiggleluna\n|-damage|p2a: Wiggleluna|82/421\n|move|p2a: Wiggleluna|Hyper Voice|p1b: King Nido|[spread] p1a,p1b\n|debug|Spread modifier: 0.75\n|debug|Spread modifier: 0.75\n|-damage|p1a: Sparky|116/272\n|-damage|p1b: King Nido|0 fnt\n|faint|p1b: King Nido\n|move|p2b: La Don|Rock Slide|p1a: Sparky\n|debug|Reflect weaken\n|-damage|p1a: Sparky|0 fnt\n|debug|move failed because it did nothing\n|faint|p1a: Sparky\n|\n|upkeep\n|\n|t:|1757298907\n|switch|p1a: Mimsy|Mr. Mime, M|88/284\n|switch|p1b: Eggman|Exeggutor, M|332/332\n|turn|7\n|\n|t:|1757298934\n|switch|p2b: San Ti Ren 三体人|Exeggutor|331/331\n|move|p1a: Mimsy|Fake Out|p2a: Wiggleluna\n|-damage|p2a: Wiggleluna|59/421\n|move|p1b: Eggman|Giga Drain|p2b: San Ti Ren 三体人\n|-resisted|p2b: San Ti Ren 三体人\n|-damage|p2b: San Ti Ren 三体人|256/331\n|cant|p2a: Wiggleluna|flinch\n|\n|-heal|p1a: Mimsy|105/284|[from] item: Leftovers\n|upkeep\n|turn|8\n|\n|t:|1757298970\n|move|p2a: Wiggleluna|Protect|p2a: Wiggleluna\n|-singleturn|p2a: Wiggleluna|Protect\n|move|p1a: Mimsy|Psychic Terrain|p1a: Mimsy\n|-fieldstart|move: Psychic Terrain\n|move|p1b: Eggman|Expanding Force|p2b: San Ti Ren 三体人|[spread] p2b\n|-activate|p2a: Wiggleluna|move: Protect\n|debug|psychic terrain boost\n|debug|terrain buff\n|debug|Spread modifier: 0.75\n|-resisted|p2b: San Ti Ren 三体人\n|-damage|p2b: San Ti Ren 三体人|150/331\n|-enditem|p2b: San Ti Ren 三体人|Sitrus Berry|[eat]\n|-heal|p2b: San Ti Ren 三体人|232/331|[from] item: Sitrus Berry\n|move|p2b: San Ti Ren 三体人|Trick Room|p2b: San Ti Ren 三体人\n|-fieldstart|move: Trick Room|[of] p2b: San Ti Ren 三体人\n|\n|-heal|p1a: Mimsy|122/284|[from] item: Leftovers\n|-item|p2b: San Ti Ren 三体人|Sitrus Berry|[from] ability: Harvest\n|upkeep\n|turn|9\n|\n|t:|1757299033\n|move|p2a: Wiggleluna|Hyper Voice|p1a: Mimsy|[spread] p1a,p1b\n|debug|Spread modifier: 0.75\n|debug|Spread modifier: 0.75\n|-damage|p1a: Mimsy|5/284\n|-damage|p1b: Eggman|217/332\n|move|p2b: San Ti Ren 三体人|Expanding Force|p1b: Eggman|[spread] p1a,p1b\n|debug|psychic terrain boost\n|debug|terrain buff\n|debug|Spread modifier: 0.75\n|-resisted|p1a: Mimsy\n|debug|psychic terrain boost\n|debug|terrain buff\n|debug|Spread modifier: 0.75\n|-resisted|p1b: Eggman\n|-damage|p1a: Mimsy|0 fnt\n|-damage|p1b: Eggman|122/332\n|faint|p1a: Mimsy\n|move|p1b: Eggman|Expanding Force|p2a: Wiggleluna|[spread] p2a,p2b\n|debug|psychic terrain boost\n|debug|terrain buff\n|debug|Spread modifier: 0.75\n|debug|psychic terrain boost\n|debug|terrain buff\n|debug|Spread modifier: 0.75\n|-resisted|p2b: San Ti Ren 三体人\n|-damage|p2a: Wiggleluna|0 fnt\n|-damage|p2b: San Ti Ren 三体人|108/331\n|-enditem|p2b: San Ti Ren 三体人|Sitrus Berry|[eat]\n|-heal|p2b: San Ti Ren 三体人|190/331|[from] item: Sitrus Berry\n|faint|p2a: Wiggleluna\n|\n|upkeep\n|\n|t:|1757299052\n|switch|p2a: Dewgongeroar|Dewgong|213/384\n|turn|10\n|\n|t:|1757299064\n|move|p2a: Dewgongeroar|Fake Out|p1b: Eggman\n|-activate|p1b: Eggman|move: Psychic Terrain\n|move|p2b: San Ti Ren 三体人|Expanding Force|p1b: Eggman\n|debug|psychic terrain boost\n|debug|terrain buff\n|-resisted|p1b: Eggman\n|-damage|p1b: Eggman|0 fnt\n|faint|p1b: Eggman\n|\n|win|je64\n","uploadtime":1757299076,"views":"12","formatid":"gen9doublescustomgame","rating":null,"private":0,"password":null}