{"id":"gen9doublescustomgame-2007078028","format":"[Gen 9] Doubles Custom Game","players":["Mango Meloetta","noli_cannoli10"],"log":"|j|☆Mango Meloetta\n|j|☆noli_cannoli10\n|t:|1701996065\n|gametype|doubles\n|player|p1|Mango Meloetta|ghetsis-gen5bw|\n|player|p2|noli_cannoli10|102|\n|teamsize|p1|6\n|teamsize|p2|6\n|gen|9\n|tier|[Gen 9] Doubles Custom Game\n|clearpoke\n|poke|p1|Annihilape, F|\n|poke|p1|Oranguru, F|\n|poke|p1|Diancie|\n|poke|p1|Melmetal|\n|poke|p1|Moltres-Galar|\n|poke|p1|Garganacl, M|\n|poke|p2|Garchomp, F|\n|poke|p2|Mienshao, F|\n|poke|p2|Gholdengo|\n|poke|p2|Amoonguss, F|\n|poke|p2|Murkrow, M|\n|poke|p2|Latias, F|\n|teampreview\n|c|☆Mango Meloetta|ITS AWN\n|c|☆noli_cannoli10|gl\n|j| je64\n|c|☆Mango Meloetta|LETS GOOO\n|c|☆noli_cannoli10|now im nervous, the whole gym is watching\n|c|☆Mango Meloetta|hahaha\n|c| je64|Oh its awwwwwn!!!\n|c| je64|Lolol\n|c| je64|dude you have no idea, fucking showdown defaults to having the sound on\n|c| je64|everyone knows its on\n|c|☆Mango Meloetta|lmaoooooooooooooooooooooo\n|c|☆noli_cannoli10|lmao thats too funny there has to be at least a few people who knew instantly\n|\n|t:|1701996260\n|start\n|switch|p1a: Garganacl|Garganacl, M|404/404\n|switch|p1b: Moltres|Moltres-Galar|321/321\n|switch|p2a: Mukdek boi|Murkrow, M, shiny|324/324\n|switch|p2b: Mike Tyson|Mienshao, F|271/271\n|turn|1\n|\n|t:|1701996298\n|move|p2b: Mike Tyson|Fake Out|p1a: Garganacl\n|-resisted|p1a: Garganacl\n|-damage|p1a: Garganacl|384/404\n|move|p2a: Mukdek boi|Tailwind|p2a: Mukdek boi\n|-sidestart|p2: noli_cannoli10|move: Tailwind\n|move|p1b: Moltres|Hurricane|p2b: Mike Tyson|[miss]\n|-miss|p1b: Moltres|p2b: Mike Tyson\n|cant|p1a: Garganacl|flinch\n|\n|upkeep\n|turn|2\n|c|☆Mango Meloetta|ooof\n|\n|t:|1701996359\n|switch|p2b: Chompy|Garchomp, F|357/357\n|switch|p2a: How does it poop|Latias, F|340/340\n|move|p1b: Moltres|Agility|p1b: Moltres\n|-boost|p1b: Moltres|spe|2\n|move|p1a: Garganacl|Iron Defense|p1a: Garganacl\n|-boost|p1a: Garganacl|def|2\n|\n|upkeep\n|turn|3\n|\n|t:|1701996404\n|move|p2b: Chompy|Earthquake|p1b: Moltres|[spread] p1a\n|-immune|p2a: How does it poop|[from] ability: Levitate\n|-immune|p1b: Moltres\n|debug|Spread modifier: 0.75\n|-supereffective|p1a: Garganacl\n|-damage|p1a: Garganacl|257/404\n|-damage|p2b: Chompy|322/357|[from] item: Life Orb\n|move|p2a: How does it poop|Psychic|p1b: Moltres\n|-immune|p1b: Moltres\n|move|p1b: Moltres|Nasty Plot|p1b: Moltres\n|-boost|p1b: Moltres|spa|2\n|move|p1a: Garganacl|Iron Defense|p1a: Garganacl\n|-boost|p1a: Garganacl|def|2\n|\n|upkeep\n|turn|4\n|\n|t:|1701996523\n|switch|p2a: Mike Tyson|Mienshao, F|271/271\n|move|p2b: Chompy|Scale Shot|p1a: Garganacl\n|-damage|p1a: Garganacl|240/404\n|-damage|p1a: Garganacl|221/404\n|-damage|p1a: Garganacl|205/404\n|-damage|p1a: Garganacl|188/404\n|-damage|p1a: Garganacl|169/404\n|-hitcount|p1a: Garganacl|5\n|-unboost|p2b: Chompy|def|1\n|-boost|p2b: Chompy|spe|1\n|-damage|p2b: Chompy|287/357|[from] item: Life Orb\n|move|p1b: Moltres|Fiery Wrath|p2b: Chompy|[spread] p2a,p2b\n|debug|Spread modifier: 0.75\n|-resisted|p2a: Mike Tyson\n|debug|Spread modifier: 0.75\n|-damage|p2a: Mike Tyson|102/271\n|-damage|p2b: Chompy|19/357\n|move|p1a: Garganacl|Recover|p1a: Garganacl\n|-heal|p1a: Garganacl|371/404\n|\n|-sideend|p2: noli_cannoli10|move: Tailwind\n|upkeep\n|turn|5\n|\n|t:|1701996571\n|switch|p2b: Mukdek boi|Murkrow, M, shiny|324/324\n|move|p2a: Mike Tyson|Fake Out|p1b: Moltres\n|-damage|p1b: Moltres|265/321\n|cant|p1b: Moltres|flinch\n|move|p1a: Garganacl|Iron Defense|p1a: Garganacl\n|-boost|p1a: Garganacl|def|2\n|\n|upkeep\n|turn|6\n|\n|t:|1701996598\n|-terastallize|p1b: Moltres|Dark\n|move|p2a: Mike Tyson|Quick Guard|p2a: Mike Tyson\n|-singleturn|p2a: Mike Tyson|Quick Guard\n|move|p2b: Mukdek boi|Tailwind|p2b: Mukdek boi\n|-sidestart|p2: noli_cannoli10|move: Tailwind\n|move|p1b: Moltres|Fiery Wrath|p2b: Mukdek boi|[spread] p2a,p2b\n|debug|Spread modifier: 0.75\n|-resisted|p2a: Mike Tyson\n|debug|Spread modifier: 0.75\n|-resisted|p2b: Mukdek boi\n|-damage|p2a: Mike Tyson|0 fnt\n|-damage|p2b: Mukdek boi|198/324\n|faint|p2a: Mike Tyson\n|move|p1a: Garganacl|Salt Cure|p2b: Mukdek boi\n|-supereffective|p2b: Mukdek boi\n|-damage|p2b: Mukdek boi|94/324\n|-start|p2b: Mukdek boi|Salt Cure\n|\n|-damage|p2b: Mukdek boi|54/324|[from] Salt Cure\n|upkeep\n|\n|t:|1701996615\n|switch|p2a: golden boi|Gholdengo|316/316\n|turn|7\n|c| je64|Jesus moltres\n|c|☆noli_cannoli10|im in trouble\n|c|☆Mango Meloetta|oh nooo haha\n|\n|t:|1701996684\n|switch|p2b: How does it poop|Latias, F|340/340\n|move|p2a: golden boi|Make It Rain|p1a: Garganacl|[spread] p1a,p1b\n|debug|Spread modifier: 0.75\n|-supereffective|p1a: Garganacl\n|debug|Spread modifier: 0.75\n|-damage|p1a: Garganacl|95/404\n|-damage|p1b: Moltres|115/321\n|-unboost|p2a: golden boi|spa|1\n|-ability|p1b: Moltres|Berserk|boost\n|-boost|p1b: Moltres|spa|1\n|move|p1b: Moltres|Fiery Wrath|p2a: golden boi|[spread] p2a,p2b\n|debug|Spread modifier: 0.75\n|-supereffective|p2a: golden boi\n|debug|Spread modifier: 0.75\n|-supereffective|p2b: How does it poop\n|-damage|p2a: golden boi|0 fnt\n|-damage|p2b: How does it poop|0 fnt\n|debug|move failed because it did nothing\n|faint|p2a: golden boi\n|faint|p2b: How does it poop\n|move|p1a: Garganacl|Salt Cure|p2: golden boi|[notarget]\n|-fail|p1a: Garganacl\n|\n|upkeep\n|c|☆noli_cannoli10|this line up still has murkrow with old moves\n|c|☆noli_cannoli10|i never changed it\n|c|☆Mango Meloetta|oh nooooo haha\n|\n|t:|1701996703\n|switch|p2a: Sussy Baka|Amoonguss, F|432/432\n|switch|p2b: Mukdek boi|Murkrow, M, shiny|54/324\n|turn|8\n|c|☆Mango Meloetta|we can redo if you want to change murkrow's moves\n|\n|t:|1701996737\n|move|p1b: Moltres|Fiery Wrath|p2b: Mukdek boi|[spread] p2a,p2b\n|debug|Spread modifier: 0.75\n|debug|Spread modifier: 0.75\n|-resisted|p2b: Mukdek boi\n|-damage|p2a: Sussy Baka|20/432\n|-damage|p2b: Mukdek boi|0 fnt\n|-enditem|p2a: Sussy Baka|Wiki Berry|[eat]\n|-heal|p2a: Sussy Baka|164/432|[from] item: Wiki Berry\n|faint|p2b: Mukdek boi\n|move|p2a: Sussy Baka|Spore|p1b: Moltres\n|-status|p1b: Moltres|slp|[from] move: Spore\n|move|p1a: Garganacl|Salt Cure|p2a: Sussy Baka\n|-damage|p2a: Sussy Baka|113/432\n|-start|p2a: Sussy Baka|Salt Cure\n|\n|-damage|p2a: Sussy Baka|59/432|[from] Salt Cure\n|upkeep\n|\n|t:|1701996750\n|switch|p2b: Chompy|Garchomp, F|19/357\n|turn|9\n|c|☆noli_cannoli10|gg\n|c|☆Mango Meloetta|ggg\n|c|☆Mango Meloetta|well actually maybe not\n|c|☆Mango Meloetta|my bird is asleep\n|c|☆noli_cannoli10|i have a total of 20% you got this\n|\n|t:|1701996802\n|switch|p1b: Annihilape|Annihilape, F|424/424\n|switch|p1a: Oranguru|Oranguru, F|384/384\n|move|p2a: Sussy Baka|Rage Powder|p2a: Sussy Baka\n|-singleturn|p2a: Sussy Baka|move: Rage Powder\n|move|p2b: Chompy|Earthquake|p1b: Annihilape|[spread] p2a,p1a,p1b\n|debug|Spread modifier: 0.75\n|debug|Spread modifier: 0.75\n|debug|Spread modifier: 0.75\n|-damage|p2a: Sussy Baka|0 fnt\n|-damage|p1a: Oranguru|231/384\n|-damage|p1b: Annihilape|221/424\n|faint|p2a: Sussy Baka\n|-damage|p2b: Chompy|0 fnt|[from] item: Life Orb\n|faint|p2b: Chompy\n|\n|win|Mango Meloetta\n|c|☆Mango Meloetta|hahaha\n|c|☆Mango Meloetta|gg\n|c|☆Mango Meloetta|well played\n|c|☆noli_cannoli10|gg\n|c|☆noli_cannoli10|back to fortnite\n|l|☆noli_cannoli10\n","uploadtime":1701996834,"views":"30","formatid":"gen9doublescustomgame","rating":null,"private":0,"password":null}