{"id":"gen9doublescustomgame-2254089567","format":"[Gen 9] Doubles Custom Game","players":["Mattmandaman","smokeydabearrr"],"log":"|badge|p1|silver|gen9doublesou|30-3\n|uhtml|medal-msg|<div class=\"broadcast-blue\">Curious what those medals under the avatar are? PS now has Ladder Seasons! For more information, check out the <a href=\"https://www.smogon.com/forums/threads/3740067/\">thread on Smogon.</a></div>\n|j|☆Mattmandaman\n|j|☆smokeydabearrr\n|t:|1732989962\n|gametype|doubles\n|player|p1|Mattmandaman|giovanni|\n|player|p2|smokeydabearrr|101|\n|teamsize|p1|6\n|teamsize|p2|6\n|gen|9\n|tier|[Gen 9] Doubles Custom Game\n|clearpoke\n|poke|p1|Deoxys-Attack|\n|poke|p1|Indeedee-F, F|\n|poke|p1|Diancie|\n|poke|p1|Volcanion|\n|poke|p1|Grimmsnarl, M|\n|poke|p1|Venusaur, M|\n|poke|p2|Charizard, M|\n|poke|p2|Blastoise, F|\n|poke|p2|Whimsicott, M|\n|poke|p2|Cresselia, F|\n|poke|p2|Raging Bolt|\n|poke|p2|Walking Wake|\n|teampreview\n|j| je64\n|\n|t:|1732990009\n|start\n|switch|p1a: Grimmsnarl|Grimmsnarl, M|394/394\n|switch|p1b: Diancie|Diancie|304/304\n|switch|p2a: Scott Tennerman|Whimsicott, M|261/261\n|switch|p2b: PSA 10 Shadowless|Charizard, M|297/297\n|turn|1\n|j| mistermoscow\n|j| Noli_cannoli\n|\n|t:|1732990078\n|switch|p2a: Raging B0ner|Raging Bolt|454/454\n|detailschange|p2b: PSA 10 Shadowless|Charizard-Mega-Y, M\n|-mega|p2b: PSA 10 Shadowless|Charizard|Charizardite Y\n|-weather|SunnyDay|[from] ability: Drought|[of] p2b: PSA 10 Shadowless\n|-activate|p2a: Raging B0ner|ability: Protosynthesis\n|-start|p2a: Raging B0ner|protosynthesisspa\n|move|p2b: PSA 10 Shadowless|Protect|p2b: PSA 10 Shadowless\n|-singleturn|p2b: PSA 10 Shadowless|Protect\n|move|p1a: Grimmsnarl|Light Screen|p1a: Grimmsnarl\n|-sidestart|p1: Mattmandaman|move: Light Screen\n|move|p1b: Diancie|Stealth Rock|p2a: Raging B0ner\n|-sidestart|p2: smokeydabearrr|move: Stealth Rock\n|\n|-weather|SunnyDay|[upkeep]\n|upkeep\n|turn|2\n|\n|t:|1732990235\n|move|p1b: Diancie|Protect|p1b: Diancie\n|-singleturn|p1b: Diancie|Protect\n|move|p2a: Raging B0ner|Thunderclap||[still]\n|-fail|p2a: Raging B0ner\n|move|p2b: PSA 10 Shadowless|Heat Wave|p1b: Diancie|[spread] p1a\n|-activate|p1b: Diancie|move: Protect\n|debug|Spread modifier: 0.75\n|debug|Sunny Day fire boost\n|debug|Light Screen weaken\n|-damage|p1a: Grimmsnarl|241/394\n|move|p1a: Grimmsnarl|Spirit Break|p2a: Raging B0ner\n|-supereffective|p2a: Raging B0ner\n|-damage|p2a: Raging B0ner|266/454\n|-unboost|p2a: Raging B0ner|spa|1\n|\n|-weather|SunnyDay|[upkeep]\n|upkeep\n|turn|3\n|l| Noli_cannoli\n|\n|t:|1732990288\n|move|p1a: Grimmsnarl|Parting Shot|p2b: PSA 10 Shadowless\n|-unboost|p2b: PSA 10 Shadowless|atk|1\n|-unboost|p2b: PSA 10 Shadowless|spa|1\n|\n|t:|1732990306\n|switch|p1a: Volcanion|Volcanion|364/364|[from] Parting Shot\n|move|p2b: PSA 10 Shadowless|Heat Wave|p1b: Diancie|[spread] p1b\n|-miss|p2b: PSA 10 Shadowless|p1a: Volcanion\n|debug|Spread modifier: 0.75\n|debug|Sunny Day fire boost\n|-resisted|p1b: Diancie\n|debug|Light Screen weaken\n|-damage|p1b: Diancie|267/304\n|move|p2a: Raging B0ner|Thunderbolt|p1b: Diancie\n|debug|Protosynthesis spa boost\n|debug|Light Screen weaken\n|-damage|p1b: Diancie|191/304\n|-status|p1b: Diancie|par\n|cant|p1b: Diancie|par\n|\n|-weather|SunnyDay|[upkeep]\n|-heal|p1b: Diancie|210/304 par|[from] item: Leftovers\n|upkeep\n|turn|4\n|\n|t:|1732990360\n|move|p2b: PSA 10 Shadowless|Solar Beam||[still]\n|-prepare|p2b: PSA 10 Shadowless|Solar Beam\n|-anim|p2b: PSA 10 Shadowless|Solar Beam|p1b: Diancie\n|-supereffective|p1b: Diancie\n|debug|Light Screen weaken\n|-damage|p1b: Diancie|105/304 par\n|move|p2a: Raging B0ner|Electroweb|p1a: Volcanion|[spread] p1a,p1b\n|debug|Protosynthesis spa boost\n|debug|Spread modifier: 0.75\n|-supereffective|p1a: Volcanion\n|debug|Light Screen weaken\n|debug|Protosynthesis spa boost\n|debug|Spread modifier: 0.75\n|debug|Light Screen weaken\n|-damage|p1a: Volcanion|271/364\n|-damage|p1b: Diancie|72/304 par\n|-unboost|p1a: Volcanion|spe|1\n|debug|move failed because it did nothing\n|move|p1a: Volcanion|Heat Wave|p2b: PSA 10 Shadowless|[spread] p2a,p2b\n|debug|Spread modifier: 0.75\n|debug|Sunny Day fire boost\n|-resisted|p2a: Raging B0ner\n|debug|Spread modifier: 0.75\n|debug|Sunny Day fire boost\n|-resisted|p2b: PSA 10 Shadowless\n|-damage|p2a: Raging B0ner|185/454\n|-damage|p2b: PSA 10 Shadowless|198/297\n|cant|p1b: Diancie|par\n|\n|-weather|SunnyDay|[upkeep]\n|-heal|p1b: Diancie|91/304 par|[from] item: Leftovers\n|upkeep\n|turn|5\n|\n|t:|1732990450\n|switch|p1a: Grimmsnarl|Grimmsnarl, M|241/394\n|move|p1b: Diancie|Protect|p1b: Diancie\n|-singleturn|p1b: Diancie|Protect\n|move|p2b: PSA 10 Shadowless|Heat Wave|p1a: Grimmsnarl|[spread] p1a\n|-activate|p1b: Diancie|move: Protect\n|debug|Spread modifier: 0.75\n|debug|Sunny Day fire boost\n|debug|Light Screen weaken\n|-damage|p1a: Grimmsnarl|135/394\n|move|p2a: Raging B0ner|Electroweb|p1b: Diancie|[spread] p1a\n|-activate|p1b: Diancie|move: Protect\n|debug|Protosynthesis spa boost\n|debug|Spread modifier: 0.75\n|debug|Light Screen weaken\n|-damage|p1a: Grimmsnarl|87/394\n|-unboost|p1a: Grimmsnarl|spe|1\n|\n|-weather|none\n|-end|p2a: Raging B0ner|Protosynthesis\n|-heal|p1b: Diancie|110/304 par|[from] item: Leftovers\n|upkeep\n|turn|6\n|\n|t:|1732990536\n|move|p2b: PSA 10 Shadowless|Heat Wave|p1a: Grimmsnarl|[spread] p1a\n|-miss|p2b: PSA 10 Shadowless|p1b: Diancie\n|debug|Spread modifier: 0.75\n|debug|Light Screen weaken\n|-damage|p1a: Grimmsnarl|18/394\n|move|p2a: Raging B0ner|Electroweb|p1a: Grimmsnarl|[spread] p1a\n|-miss|p2a: Raging B0ner|p1b: Diancie\n|debug|Spread modifier: 0.75\n|debug|Light Screen weaken\n|-damage|p1a: Grimmsnarl|0 fnt\n|faint|p1a: Grimmsnarl\n|move|p1b: Diancie|Diamond Storm|p2a: Raging B0ner|[spread] p2a,p2b\n|debug|Spread modifier: 0.75\n|debug|Spread modifier: 0.75\n|-supereffective|p2b: PSA 10 Shadowless\n|-damage|p2a: Raging B0ner|61/454\n|-damage|p2b: PSA 10 Shadowless|0 fnt\n|faint|p2b: PSA 10 Shadowless\n|\n|-heal|p1b: Diancie|129/304 par|[from] item: Leftovers\n|upkeep\n|\n|t:|1732990578\n|switch|p2b: Yurtle the Turtle?|Blastoise, F|362/362\n|switch|p1a: Venusaur|Venusaur, M|364/364\n|-damage|p2b: Yurtle the Turtle?|317/362|[from] Stealth Rock\n|turn|7\n|\n|t:|1732990605\n|switch|p1b: Indeedee|Indeedee-F, F|344/344\n|-fieldstart|move: Psychic Terrain|[from] ability: Psychic Surge|[of] p1b: Indeedee\n|detailschange|p1a: Venusaur|Venusaur-Mega, M\n|-mega|p1a: Venusaur|Venusaur|Venusaurite\n|move|p2b: Yurtle the Turtle?|Fake Out|p1a: Venusaur\n|-activate|p1a: Venusaur|move: Psychic Terrain\n|move|p1a: Venusaur|Giga Drain|p2b: Yurtle the Turtle?\n|-supereffective|p2b: Yurtle the Turtle?\n|-crit|p2b: Yurtle the Turtle?\n|-damage|p2b: Yurtle the Turtle?|0 fnt\n|faint|p2b: Yurtle the Turtle?\n|move|p2a: Raging B0ner|Electroweb|p1a: Venusaur|[spread] p1a\n|-miss|p2a: Raging B0ner|p1b: Indeedee\n|debug|Negating (sp)atk boost/penalty.\n|debug|Spread modifier: 0.75\n|-resisted|p1a: Venusaur\n|-crit|p1a: Venusaur\n|-damage|p1a: Venusaur|315/364\n|-unboost|p1a: Venusaur|spe|1\n|\n|upkeep\n|\n|t:|1732990634\n|switch|p2b: Scott Tennerman|Whimsicott, M|261/261\n|-damage|p2b: Scott Tennerman|229/261|[from] Stealth Rock\n|turn|8\n|\n|t:|1732990656\n|move|p2b: Scott Tennerman|Tailwind|p2b: Scott Tennerman\n|-sidestart|p2: smokeydabearrr|move: Tailwind\n|move|p2a: Raging B0ner|Electroweb|p1b: Indeedee|[spread] p1b\n|-miss|p2a: Raging B0ner|p1a: Venusaur\n|debug|Spread modifier: 0.75\n|debug|Light Screen weaken\n|-damage|p1b: Indeedee|310/344\n|-unboost|p1b: Indeedee|spe|1\n|move|p1b: Indeedee|Dazzling Gleam|p2a: Raging B0ner|[spread] p2a,p2b\n|debug|Spread modifier: 0.75\n|-supereffective|p2a: Raging B0ner\n|debug|Spread modifier: 0.75\n|-damage|p2a: Raging B0ner|0 fnt\n|-damage|p2b: Scott Tennerman|167/261\n|faint|p2a: Raging B0ner\n|-end|p2a: Raging B0ner|Protosynthesis|[silent]\n|move|p1a: Venusaur|Sludge Bomb|p2b: Scott Tennerman\n|-supereffective|p2b: Scott Tennerman\n|-damage|p2b: Scott Tennerman|0 fnt\n|debug|move failed because it did nothing\n|faint|p2b: Scott Tennerman\n|\n|-sideend|p1: Mattmandaman|move: Light Screen\n|upkeep\n|\n|t:|1732990671\n|switch|p2b: WAKE ME UP INSIDE|Walking Wake|339/339\n|switch|p2a: Cresselia|Cresselia, F|444/444\n|-damage|p2b: WAKE ME UP INSIDE|297/339|[from] Stealth Rock\n|-damage|p2a: Cresselia|389/444|[from] Stealth Rock\n|turn|9\n|\n|t:|1732990705\n|move|p2b: WAKE ME UP INSIDE|Flamethrower|p1a: Venusaur\n|debug|Thick Fat weaken\n|-supereffective|p1a: Venusaur\n|-damage|p1a: Venusaur|203/364\n|-damage|p2b: WAKE ME UP INSIDE|264/339|[from] item: Life Orb\n|move|p2a: Cresselia|Calm Mind|p2a: Cresselia\n|-boost|p2a: Cresselia|spa|1\n|-boost|p2a: Cresselia|spd|1\n|move|p1b: Indeedee|Dazzling Gleam|p2b: WAKE ME UP INSIDE|[spread] p2a,p2b\n|debug|Spread modifier: 0.75\n|debug|Spread modifier: 0.75\n|-supereffective|p2b: WAKE ME UP INSIDE\n|-damage|p2a: Cresselia|366/444\n|-damage|p2b: WAKE ME UP INSIDE|160/339\n|move|p1a: Venusaur|Leech Seed|p2a: Cresselia\n|-start|p2a: Cresselia|move: Leech Seed\n|\n|-damage|p2a: Cresselia|311/444|[from] Leech Seed|[of] p1a: Venusaur\n|-heal|p1a: Venusaur|258/364|[silent]\n|upkeep\n|turn|10\n|j| Mango Meloetta\n|\n|t:|1732990763\n|move|p2b: WAKE ME UP INSIDE|Flamethrower|p1a: Venusaur\n|debug|Thick Fat weaken\n|-supereffective|p1a: Venusaur\n|-damage|p1a: Venusaur|146/364\n|-damage|p2b: WAKE ME UP INSIDE|127/339|[from] item: Life Orb\n|move|p2a: Cresselia|Lunar Blessing|p2a: Cresselia|[spread] p2a,p2b\n|-heal|p2a: Cresselia|422/444\n|-heal|p2b: WAKE ME UP INSIDE|212/339\n|move|p1b: Indeedee|Dazzling Gleam|p2b: WAKE ME UP INSIDE|[spread] p2a,p2b\n|debug|Negating (sp)def boost/penalty.\n|debug|Spread modifier: 0.75\n|-crit|p2a: Cresselia\n|debug|Spread modifier: 0.75\n|-supereffective|p2b: WAKE ME UP INSIDE\n|-damage|p2a: Cresselia|375/444\n|-damage|p2b: WAKE ME UP INSIDE|106/339\n|move|p1a: Venusaur|Sludge Bomb|p2a: Cresselia\n|-damage|p2a: Cresselia|299/444\n|debug|Covert Cloak prevent secondary\n|\n|-damage|p2a: Cresselia|244/444|[from] Leech Seed|[of] p1a: Venusaur\n|-heal|p1a: Venusaur|201/364|[silent]\n|upkeep\n|turn|11\n|\n|t:|1732990789\n|move|p2b: WAKE ME UP INSIDE|Flamethrower|p1a: Venusaur\n|debug|Thick Fat weaken\n|-supereffective|p1a: Venusaur\n|-damage|p1a: Venusaur|92/364\n|-damage|p2b: WAKE ME UP INSIDE|73/339|[from] item: Life Orb\n|move|p2a: Cresselia|Icy Wind|p1a: Venusaur|[spread] p1a,p1b\n|debug|Thick Fat weaken\n|debug|Spread modifier: 0.75\n|-supereffective|p1a: Venusaur\n|debug|Spread modifier: 0.75\n|-damage|p1a: Venusaur|56/364\n|-damage|p1b: Indeedee|277/344\n|-unboost|p1a: Venusaur|spe|1\n|-unboost|p1b: Indeedee|spe|1\n|move|p1b: Indeedee|Dazzling Gleam|p2b: WAKE ME UP INSIDE|[spread] p2a,p2b\n|debug|Spread modifier: 0.75\n|debug|Spread modifier: 0.75\n|-supereffective|p2b: WAKE ME UP INSIDE\n|-damage|p2a: Cresselia|222/444\n|-damage|p2b: WAKE ME UP INSIDE|0 fnt\n|faint|p2b: WAKE ME UP INSIDE\n|-end|p2b: WAKE ME UP INSIDE|Protosynthesis|[silent]\n|move|p1a: Venusaur|Giga Drain|p2a: Cresselia\n|-damage|p2a: Cresselia|158/444\n|-heal|p1a: Venusaur|88/364|[from] drain|[of] p2a: Cresselia\n|\n|-damage|p2a: Cresselia|103/444|[from] Leech Seed|[of] p1a: Venusaur\n|-heal|p1a: Venusaur|143/364|[silent]\n|-sideend|p2: smokeydabearrr|move: Tailwind\n|-fieldend|move: Psychic Terrain\n|upkeep\n|turn|12\n|\n|t:|1732990811\n|switch|p1b: Diancie|Diancie|129/304 par\n|move|p2a: Cresselia|Icy Wind|p1b: Diancie|[spread] p1a,p1b\n|debug|Thick Fat weaken\n|debug|Spread modifier: 0.75\n|-supereffective|p1a: Venusaur\n|debug|Spread modifier: 0.75\n|-damage|p1a: Venusaur|109/364\n|-damage|p1b: Diancie|99/304 par\n|-unboost|p1a: Venusaur|spe|1\n|debug|move failed because it did nothing\n|move|p1a: Venusaur|Sludge Bomb|p2a: Cresselia\n|-damage|p2a: Cresselia|27/444\n|debug|Covert Cloak prevent secondary\n|\n|-heal|p1b: Diancie|118/304 par|[from] item: Leftovers\n|-damage|p2a: Cresselia|0 fnt|[from] Leech Seed|[of] p1a: Venusaur\n|-heal|p1a: Venusaur|136/364|[silent]\n|faint|p2a: Cresselia\n|\n|win|Mattmandaman\n|upkeep\n","uploadtime":1732990825,"views":"28","formatid":"gen9doublescustomgame","rating":null,"private":0,"password":null}