{"id":"gen9doublescustomgame-2290148372","format":"[Gen 9] Doubles Custom Game","players":["mistermoscow","Mattmandaman"],"log":"|j|☆mistermoscow\n|j|☆Mattmandaman\n|t:|1738103921\n|gametype|doubles\n|player|p1|mistermoscow|alder|\n|player|p2|Mattmandaman|giovanni|\n|teamsize|p1|6\n|teamsize|p2|6\n|gen|9\n|tier|[Gen 9] Doubles Custom Game\n|clearpoke\n|poke|p1|Flareon, M|\n|poke|p1|Gengar, M|\n|poke|p1|Victreebel, M|\n|poke|p1|Jolteon, M|\n|poke|p1|Dragonite, M|\n|poke|p1|Snorlax, M|\n|poke|p2|Electrode|\n|poke|p2|Dodrio, F|\n|poke|p2|Gengar, M|\n|poke|p2|Nidoking, M|\n|poke|p2|Wartortle, F|\n|poke|p2|Starmie|\n|teampreview\n|\n|t:|1738103959\n|start\n|switch|p1a: Sparky|Jolteon, M|271/271\n|switch|p1b: Puff Daddy|Dragonite, M|386/386\n|switch|p2a: Wartortle|Wartortle, F|322/322\n|switch|p2b: Gengar|Gengar, M|262/262\n|turn|1\n|\n|t:|1738103992\n|move|p2a: Wartortle|Fake Out|p1a: Sparky\n|-damage|p1a: Sparky|239/271\n|debug|Covert Cloak prevent secondary\n|move|p1a: Sparky|Thunder Wave|p2a: Wartortle\n|-status|p2a: Wartortle|par\n|move|p2b: Gengar|Icy Wind|p1b: Puff Daddy|[spread] p1a,p1b\n|debug|Spread modifier: 0.75\n|debug|Spread modifier: 0.75\n|-supereffective|p1b: Puff Daddy\n|-damage|p1a: Sparky|190/271\n|-damage|p1b: Puff Daddy|170/386\n|debug|Covert Cloak prevent secondary\n|-unboost|p1b: Puff Daddy|spe|1\n|move|p1b: Puff Daddy|Dragon Dance|p1b: Puff Daddy\n|-boost|p1b: Puff Daddy|atk|1\n|-boost|p1b: Puff Daddy|spe|1\n|\n|upkeep\n|turn|2\n|\n|t:|1738104058\n|move|p2b: Gengar|Protect|p2b: Gengar\n|-singleturn|p2b: Gengar|Protect\n|move|p1a: Sparky|Electroweb|p2b: Gengar|[spread] p2a\n|-activate|p2b: Gengar|move: Protect\n|debug|Spread modifier: 0.75\n|-supereffective|p2a: Wartortle\n|-damage|p2a: Wartortle|250/322 par\n|-unboost|p2a: Wartortle|spe|1\n|move|p1b: Puff Daddy|Dragon Claw|p2b: Gengar\n|-activate|p2b: Gengar|move: Protect\n|move|p2a: Wartortle|Flip Turn|p1a: Sparky\n|-damage|p1a: Sparky|118/271\n|\n|t:|1738104112\n|switch|p2a: Nidoking|Nidoking, M|304/304|[from] Flip Turn\n|\n|upkeep\n|turn|3\n|\n|t:|1738104136\n|switch|p1b: Snax|Snorlax, M|462/462\n|move|p1a: Sparky|Electroweb|p2a: Nidoking|[spread] p2b\n|-immune|p2a: Nidoking\n|debug|Spread modifier: 0.75\n|-damage|p2b: Gengar|183/262\n|-unboost|p2b: Gengar|spe|1\n|move|p2a: Nidoking|Ice Beam|p1b: Snax\n|-damage|p1b: Snax|327/462\n|move|p2b: Gengar|Sludge Bomb|p1a: Sparky\n|-damage|p1a: Sparky|0 fnt\n|debug|Covert Cloak prevent secondary\n|faint|p1a: Sparky\n|\n|-heal|p1b: Snax|355/462|[from] item: Leftovers\n|upkeep\n|\n|t:|1738104155\n|switch|p1a: Gang Gang|Gengar, M|262/262\n|turn|4\n|\n|t:|1738104171\n|switch|p2b: Dodrio|Dodrio, F|324/324\n|move|p1a: Gang Gang|Protect|p1a: Gang Gang\n|-singleturn|p1a: Gang Gang|Protect\n|move|p2a: Nidoking|Earth Power|p1a: Gang Gang\n|-activate|p1a: Gang Gang|move: Protect\n|move|p1b: Snax|Ice Punch|p2a: Nidoking\n|-supereffective|p2a: Nidoking\n|-damage|p2a: Nidoking|90/304\n|-status|p2a: Nidoking|frz\n|\n|-heal|p1b: Snax|383/462|[from] item: Leftovers\n|upkeep\n|turn|5\n|\n|t:|1738104205\n|move|p2b: Dodrio|Protect|p2b: Dodrio\n|-singleturn|p2b: Dodrio|Protect\n|move|p1a: Gang Gang|Icy Wind|p2b: Dodrio|[spread] p2a\n|-activate|p2b: Dodrio|move: Protect\n|debug|Spread modifier: 0.75\n|-supereffective|p2a: Nidoking\n|-damage|p2a: Nidoking|0 fnt\n|faint|p2a: Nidoking\n|move|p1b: Snax|Double-Edge|p2b: Dodrio\n|-activate|p2b: Dodrio|move: Protect\n|\n|-heal|p1b: Snax|411/462|[from] item: Leftovers\n|upkeep\n|\n|t:|1738104215\n|switch|p2a: Starmie|Starmie|262/262\n|turn|6\n|\n|t:|1738104225\n|move|p1a: Gang Gang|Protect|p1a: Gang Gang\n|-singleturn|p1a: Gang Gang|Protect\n|move|p2a: Starmie|Psychic|p1a: Gang Gang\n|-activate|p1a: Gang Gang|move: Protect\n|move|p2b: Dodrio|Brave Bird|p1a: Gang Gang\n|-activate|p1a: Gang Gang|move: Protect\n|move|p1b: Snax|Ice Punch|p2b: Dodrio\n|-supereffective|p2b: Dodrio\n|-damage|p2b: Dodrio|76/324\n|debug|Covert Cloak prevent secondary\n|\n|-heal|p1b: Snax|439/462|[from] item: Leftovers\n|upkeep\n|turn|7\n|\n|t:|1738104255\n|move|p2a: Starmie|Psychic|p1a: Gang Gang\n|-supereffective|p1a: Gang Gang\n|-enditem|p1a: Gang Gang|Focus Sash\n|-damage|p1a: Gang Gang|1/262\n|move|p2b: Dodrio|Endeavor|p1b: Snax\n|-damage|p1b: Snax|76/462\n|move|p1a: Gang Gang|Icy Wind|p2b: Dodrio|[spread] p2a,p2b\n|debug|Spread modifier: 0.75\n|-resisted|p2a: Starmie\n|debug|Spread modifier: 0.75\n|-supereffective|p2b: Dodrio\n|-damage|p2a: Starmie|232/262\n|-damage|p2b: Dodrio|0 fnt\n|-unboost|p2a: Starmie|spe|1\n|debug|Covert Cloak prevent secondary\n|faint|p2b: Dodrio\n|move|p1b: Snax|Double-Edge|p2a: Starmie\n|-damage|p2a: Starmie|0 fnt\n|faint|p2a: Starmie\n|-damage|p1b: Snax|0 fnt|[from] Recoil\n|faint|p1b: Snax\n|\n|upkeep\n|\n|t:|1738104279\n|switch|p2a: Electrode|Electrode|324/324\n|switch|p2b: Gengar|Gengar, M|183/262\n|switch|p1b: Puff Daddy|Dragonite, M|170/386\n|turn|8\n|\n|t:|1738104325\n|switch|p1a: Bernie|Flareon, M|271/271\n|move|p1b: Puff Daddy|Extreme Speed|p2a: Electrode\n|-damage|p2a: Electrode|139/324\n|-damage|p1b: Puff Daddy|132/386|[from] item: Life Orb\n|move|p2a: Electrode|Electroweb|p1a: Bernie|[spread] p1a,p1b\n|debug|Spread modifier: 0.75\n|debug|Spread modifier: 0.75\n|-damage|p1a: Bernie|235/271\n|-damage|p1b: Puff Daddy|87/386\n|-unboost|p1a: Bernie|spe|1\n|-unboost|p1b: Puff Daddy|spe|1\n|move|p2b: Gengar|Icy Wind|p1b: Puff Daddy|[spread] p1a,p1b\n|debug|Spread modifier: 0.75\n|-resisted|p1a: Bernie\n|debug|Spread modifier: 0.75\n|-supereffective|p1b: Puff Daddy\n|-damage|p1a: Bernie|213/271\n|-damage|p1b: Puff Daddy|0 fnt\n|-unboost|p1a: Bernie|spe|1\n|faint|p1b: Puff Daddy\n|\n|-status|p1a: Bernie|tox|[from] item: Toxic Orb\n|upkeep\n|\n|t:|1738104349\n|switch|p1b: Victor|Victreebel, M|333/333\n|turn|9\n|\n|t:|1738104366\n|move|p1b: Victor|Protect|p1b: Victor\n|-singleturn|p1b: Victor|Protect\n|move|p2a: Electrode|Metal Sound|p1b: Victor\n|-activate|p1b: Victor|move: Protect\n|move|p2b: Gengar|Sludge Bomb|p1b: Victor\n|-activate|p1b: Victor|move: Protect\n|move|p1a: Bernie|Trailblaze|p2a: Electrode\n|-damage|p2a: Electrode|5/324\n|-boost|p1a: Bernie|spe|1\n|\n|-damage|p1a: Bernie|197/271 tox|[from] psn\n|upkeep\n|turn|10\n|\n|t:|1738104461\n|move|p2a: Electrode|Metal Sound|p1b: Victor\n|-unboost|p1b: Victor|spd|2\n|move|p2b: Gengar|Sludge Bomb|p1b: Victor\n|-damage|p1b: Victor|0 fnt\n|debug|move failed because it did nothing\n|faint|p1b: Victor\n|move|p1a: Bernie|Flare Blitz|p2b: Gengar\n|-damage|p2b: Gengar|0 fnt\n|faint|p2b: Gengar\n|-damage|p1a: Bernie|137/271 tox|[from] Recoil\n|\n|-damage|p1a: Bernie|105/271 tox|[from] psn\n|upkeep\n|\n|t:|1738104472\n|switch|p2b: Wartortle|Wartortle, F|250/322 par\n|switch|p1b: Gang Gang|Gengar, M|1/262\n|turn|11\n|\n|t:|1738104492\n|move|p1b: Gang Gang|Protect|p1b: Gang Gang\n|-singleturn|p1b: Gang Gang|Protect\n|move|p2b: Wartortle|Fake Out|p1a: Bernie\n|-damage|p1a: Bernie|82/271 tox\n|move|p2a: Electrode|Electroweb|p1a: Bernie|[spread] p1a\n|-activate|p1b: Gang Gang|move: Protect\n|debug|Spread modifier: 0.75\n|-damage|p1a: Bernie|46/271 tox\n|-unboost|p1a: Bernie|spe|1\n|cant|p1a: Bernie|flinch\n|\n|-damage|p1a: Bernie|0 fnt|[from] psn\n|faint|p1a: Bernie\n|upkeep\n|turn|12\n|c|☆mistermoscow|fuck, needed a para there\n|\n|t:|1738104512\n|move|p1b: Gang Gang|Protect||[still]\n|debug|Success chance: 33%\n|-fail|p1b: Gang Gang\n|move|p2a: Electrode|Electroweb|p1b: Gang Gang\n|-damage|p1b: Gang Gang|0 fnt\n|faint|p1b: Gang Gang\n|\n|win|Mattmandaman\n|c|☆Mattmandaman|yea for real\n|c|☆mistermoscow|gg\n","uploadtime":1738104527,"views":"24","formatid":"gen9doublescustomgame","rating":null,"private":0,"password":null}