{"id":"gen9doublescustomgame-2127186255","format":"[Gen 9] Doubles Custom Game","players":["mistermoscow","Mango Meloetta"],"log":"|j|☆mistermoscow\n|j|☆Mango Meloetta\n|t:|1716258768\n|gametype|doubles\n|player|p1|mistermoscow|alder|\n|player|p2|Mango Meloetta|li|\n|teamsize|p1|6\n|teamsize|p2|6\n|gen|9\n|tier|[Gen 9] Doubles Custom Game\n|clearpoke\n|poke|p1|Ninetales-Alola, F|\n|poke|p1|Tapu Koko|\n|poke|p1|Iron Bundle|\n|poke|p1|Landorus, M|\n|poke|p1|Incineroar, F|\n|poke|p1|Gholdengo|\n|poke|p2|Lucario, F|\n|poke|p2|Wo-Chien|\n|poke|p2|Chien-Pao|\n|poke|p2|Iron Hands|\n|poke|p2|Genesect|\n|poke|p2|Porygon2|\n|teampreview\n|j| je64\n|\n|t:|1716258867\n|start\n|switch|p1a: Princess Buttercup|Ninetales-Alola, F|350/350\n|switch|p1b: Cindy|Incineroar, F|363/363\n|switch|p2a: Akbar|Chien-Pao, shiny|301/301\n|switch|p2b: Young Jabba|Iron Hands, shiny|511/511\n|-ability|p2a: Akbar|Sword of Ruin\n|-weather|Snow|[from] ability: Snow Warning|[of] p1a: Princess Buttercup\n|-ability|p1b: Cindy|Intimidate|boost\n|-unboost|p2a: Akbar|atk|1\n|-unboost|p2b: Young Jabba|atk|1\n|-enditem|p2b: Young Jabba|Booster Energy\n|-activate|p2b: Young Jabba|ability: Quark Drive|[fromitem]\n|-start|p2b: Young Jabba|quarkdriveatk\n|turn|1\n|\n|t:|1716258897\n|switch|p2a: Jabba|Wo-Chien, shiny|374/374\n|-ability|p2a: Jabba|Tablets of Ruin\n|-end|p2b: Young Jabba|Quark Drive|[silent]\n|switch|p2b: BWEEEEP|Porygon2, shiny|374/374\n|-ability|p2b: BWEEEEP|Download|boost\n|-boost|p2b: BWEEEEP|atk|1\n|move|p1a: Princess Buttercup|Protect|p1a: Princess Buttercup\n|-singleturn|p1a: Princess Buttercup|Protect\n|move|p1b: Cindy|Flare Blitz|p2a: Jabba\n|debug|Tablets of Ruin Atk drop\n|-supereffective|p2a: Jabba\n|-damage|p2a: Jabba|78/374\n|-damage|p1b: Cindy|265/363|[from] Recoil\n|\n|-weather|Snow|[upkeep]\n|-heal|p2a: Jabba|101/374|[from] item: Leftovers\n|upkeep\n|turn|2\n|\n|t:|1716258933\n|move|p1a: Princess Buttercup|Aurora Veil|p1a: Princess Buttercup\n|-sidestart|p1: mistermoscow|move: Aurora Veil\n|move|p1b: Cindy|Parting Shot|p2a: Jabba\n|-unboost|p2a: Jabba|atk|1\n|-unboost|p2a: Jabba|spa|1\n|\n|t:|1716258943\n|switch|p1b: Iron Bunduru|Iron Bundle|253/253|[from] Parting Shot\n|move|p2a: Jabba|Taunt|p1a: Princess Buttercup\n|-start|p1a: Princess Buttercup|move: Taunt\n|move|p2b: BWEEEEP|Reflect|p2b: BWEEEEP\n|-sidestart|p2: Mango Meloetta|Reflect\n|\n|-weather|Snow|[upkeep]\n|-heal|p2a: Jabba|124/374|[from] item: Leftovers\n|upkeep\n|turn|3\n|\n|t:|1716259002\n|switch|p1a: Cindy|Incineroar, F|265/363\n|-ability|p1a: Cindy|Intimidate|boost\n|-unboost|p2a: Jabba|atk|1\n|-unboost|p2b: BWEEEEP|atk|1\n|move|p1b: Iron Bunduru|Blizzard|p2b: BWEEEEP|[spread] p2a,p2b\n|debug|Spread modifier: 0.75\n|-supereffective|p2a: Jabba\n|debug|Spread modifier: 0.75\n|-damage|p2a: Jabba|0 fnt\n|-damage|p2b: BWEEEEP|299/374\n|faint|p2a: Jabba\n|move|p2b: BWEEEEP|Icy Wind|p1a: Cindy|[spread] p1a,p1b\n|debug|Spread modifier: 0.75\n|-resisted|p1a: Cindy\n|debug|Aurora Veil weaken\n|debug|Spread modifier: 0.75\n|-resisted|p1b: Iron Bunduru\n|debug|Aurora Veil weaken\n|-damage|p1a: Cindy|254/363\n|-damage|p1b: Iron Bunduru|246/253\n|-unboost|p1a: Cindy|spe|1\n|debug|Covert Cloak prevent secondary\n|\n|-weather|Snow|[upkeep]\n|upkeep\n|\n|t:|1716259035\n|switch|p2a: Young Jabba|Iron Hands, shiny|511/511\n|turn|4\n|\n|t:|1716259051\n|-end|p1b: Iron Bunduru|Quark Drive|[silent]\n|switch|p1b: God|Landorus, M|319/319\n|move|p2a: Young Jabba|Fake Out|p1b: God\n|debug|Aurora Veil weaken\n|-damage|p1b: God|278/319\n|move|p2b: BWEEEEP|Toxic|p1a: Cindy\n|-status|p1a: Cindy|tox\n|move|p1a: Cindy|Parting Shot|p2a: Young Jabba\n|-unboost|p2a: Young Jabba|atk|1\n|-unboost|p2a: Young Jabba|spa|1\n|\n|t:|1716259085\n|switch|p1a: Static|Tapu Koko|344/344|[from] Parting Shot\n|-fieldstart|move: Electric Terrain|[from] ability: Electric Surge|[of] p1a: Static\n|-activate|p2a: Young Jabba|ability: Quark Drive\n|-start|p2a: Young Jabba|quarkdriveatk\n|\n|-weather|Snow|[upkeep]\n|upkeep\n|turn|5\n|\n|t:|1716259106\n|-terastallize|p1b: God|Ground\n|move|p1a: Static|Nature's Madness|p2b: BWEEEEP\n|-damage|p2b: BWEEEEP|150/374\n|move|p1b: God|Sandsear Storm|p2a: Young Jabba|[spread] p2a,p2b\n|debug|Spread modifier: 0.75\n|-supereffective|p2a: Young Jabba\n|debug|Spread modifier: 0.75\n|-damage|p2a: Young Jabba|0 fnt\n|-damage|p2b: BWEEEEP|4/374\n|faint|p2a: Young Jabba\n|-end|p2a: Young Jabba|Quark Drive|[silent]\n|move|p2b: BWEEEEP|Icy Wind|p1b: God|[spread] p1a,p1b\n|debug|Spread modifier: 0.75\n|debug|Aurora Veil weaken\n|debug|Spread modifier: 0.75\n|-supereffective|p1b: God\n|debug|Aurora Veil weaken\n|-damage|p1a: Static|315/344\n|-damage|p1b: God|226/319\n|-unboost|p1a: Static|spe|1\n|-unboost|p1b: God|spe|1\n|\n|-weather|none\n|upkeep\n|\n|t:|1716259128\n|switch|p2a: Akbar|Chien-Pao, shiny|301/301\n|-ability|p2a: Akbar|Sword of Ruin\n|turn|6\n|\n|t:|1716259155\n|switch|p1a: Cindy|Incineroar, F|254/363 tox\n|-ability|p1a: Cindy|Intimidate|boost\n|-unboost|p2a: Akbar|atk|1\n|-unboost|p2b: BWEEEEP|atk|1\n|-terastallize|p2a: Akbar|Dark\n|move|p2a: Akbar|Crunch|p1b: God\n|debug|Sword of Ruin Def drop\n|debug|Aurora Veil weaken\n|-damage|p1b: God|45/319\n|move|p1b: God|Sandsear Storm|p2b: BWEEEEP|[spread] p2a\n|-miss|p1b: God|p2b: BWEEEEP\n|debug|Spread modifier: 0.75\n|-damage|p2a: Akbar|0 fnt\n|faint|p2a: Akbar\n|move|p2b: BWEEEEP|Toxic|p1a: Cindy\n|-fail|p1a: Cindy|tox\n|debug|move failed because it did nothing\n|\n|-damage|p1a: Cindy|232/363 tox|[from] psn\n|-sideend|p2: Mango Meloetta|Reflect\n|upkeep\n|\n|t:|1716259172\n|switch|p2a: Roger Roger|Genesect, shiny|283/283\n|-ability|p2a: Roger Roger|Download|boost\n|-boost|p2a: Roger Roger|spa|1\n|turn|7\n|\n|t:|1716259231\n|move|p1a: Cindy|Fake Out|p2a: Roger Roger\n|-resisted|p2a: Roger Roger\n|-damage|p2a: Roger Roger|254/283\n|cant|p2a: Roger Roger|flinch\n|move|p1b: God|Sandsear Storm|p2a: Roger Roger|[spread] p2a\n|-miss|p1b: God|p2b: BWEEEEP\n|debug|Spread modifier: 0.75\n|-damage|p2a: Roger Roger|0 fnt\n|faint|p2a: Roger Roger\n|move|p2b: BWEEEEP|Recover|p2b: BWEEEEP\n|-heal|p2b: BWEEEEP|191/374\n|\n|-damage|p1a: Cindy|188/363 tox|[from] psn\n|upkeep\n|\n|t:|1716259250\n|switch|p2a: Luke Skywalker|Lucario, F, shiny|344/344\n|turn|8\n|\n|t:|1716259325\n|switch|p1b: Goldi|Gholdengo|378/378\n|detailschange|p2a: Luke Skywalker|Lucario-Mega, F, shiny\n|-mega|p2a: Luke Skywalker|Lucario|Lucarionite\n|move|p2a: Luke Skywalker|Vacuum Wave|p1b: Goldi\n|-immune|p1b: Goldi\n|move|p1a: Cindy|Flare Blitz|p2a: Luke Skywalker\n|-supereffective|p2a: Luke Skywalker\n|-damage|p2a: Luke Skywalker|0 fnt\n|faint|p2a: Luke Skywalker\n|-damage|p1a: Cindy|74/363 tox|[from] Recoil\n|move|p2b: BWEEEEP|Recover|p2b: BWEEEEP\n|-heal|p2b: BWEEEEP|374/374\n|\n|-damage|p1a: Cindy|8/363 tox|[from] psn\n|-fieldend|move: Electric Terrain\n|upkeep\n|turn|9\n|\n|t:|1716259342\n|move|p1b: Goldi|Nasty Plot|p1b: Goldi\n|-boost|p1b: Goldi|spa|2\n|move|p1a: Cindy|Knock Off|p2b: BWEEEEP\n|-damage|p2b: BWEEEEP|254/374\n|-enditem|p2b: BWEEEEP|Eviolite|[from] move: Knock Off|[of] p1a: Cindy\n|move|p2b: BWEEEEP|Icy Wind|p1b: Goldi|[spread] p1a,p1b\n|debug|Spread modifier: 0.75\n|-resisted|p1a: Cindy\n|debug|Aurora Veil weaken\n|debug|Spread modifier: 0.75\n|-resisted|p1b: Goldi\n|debug|Aurora Veil weaken\n|-damage|p1a: Cindy|0 fnt\n|-damage|p1b: Goldi|367/378\n|-unboost|p1b: Goldi|spe|1\n|faint|p1a: Cindy\n|\n|-heal|p1b: Goldi|378/378|[from] item: Leftovers\n|-sideend|p1: mistermoscow|move: Aurora Veil\n|upkeep\n|\n|t:|1716259363\n|switch|p1a: Princess Buttercup|Ninetales-Alola, F|350/350\n|-weather|Snow|[from] ability: Snow Warning|[of] p1a: Princess Buttercup\n|turn|10\n|\n|t:|1716259400\n|move|p1a: Princess Buttercup|Fake Tears|p2b: BWEEEEP\n|-unboost|p2b: BWEEEEP|spd|2\n|move|p2b: BWEEEEP|Icy Wind|p1b: Goldi|[spread] p1a,p1b\n|debug|Spread modifier: 0.75\n|-resisted|p1a: Princess Buttercup\n|debug|Spread modifier: 0.75\n|-resisted|p1b: Goldi\n|-damage|p1a: Princess Buttercup|334/350\n|-damage|p1b: Goldi|361/378\n|-unboost|p1a: Princess Buttercup|spe|1\n|-unboost|p1b: Goldi|spe|1\n|move|p1b: Goldi|Make It Rain|p2b: BWEEEEP\n|-damage|p2b: BWEEEEP|0 fnt\n|-unboost|p1b: Goldi|spa|1\n|faint|p2b: BWEEEEP\n|\n|win|mistermoscow\n|l|☆Mango Meloetta\n|player|p2|\n|j|☆Mango Meloetta\n|player|p2|Mango Meloetta|li|\n","uploadtime":1716259410,"views":"17","formatid":"gen9doublescustomgame","rating":null,"private":0,"password":null}