{"id":"gen9doublescustomgame-2359320105","format":"[Gen 9] Doubles Custom Game","players":["Mango Meloetta","mistermoscow"],"log":"|j|☆Mango Meloetta\n|j|☆mistermoscow\n|t:|1746671392\n|gametype|doubles\n|player|p1|Mango Meloetta|li|\n|player|p2|mistermoscow|alder|\n|teamsize|p1|6\n|teamsize|p2|6\n|gen|9\n|tier|[Gen 9] Doubles Custom Game\n|clearpoke\n|poke|p1|Electabuzz, F|\n|poke|p1|Arcanine, F|\n|poke|p1|Weezing, F|\n|poke|p1|Snorlax, F|\n|poke|p1|Persian, M|\n|poke|p1|Parasect, M|\n|poke|p2|Clefairy, M|\n|poke|p2|Primeape, M|\n|poke|p2|Exeggutor, M|\n|poke|p2|Mr. Mime, M|\n|poke|p2|Jolteon, M|\n|poke|p2|Dragonite, M|\n|teampreview\n|\n|t:|1746671425\n|start\n|switch|p1a: Snorlax|Snorlax, F|524/524\n|switch|p1b: Persian|Persian, M|272/272\n|switch|p2a: Sparky|Jolteon, M|271/271\n|switch|p2b: Apollo|Primeape, M|271/271\n|turn|1\n|\n|t:|1746671455\n|move|p1b: Persian|Fake Out|p2a: Sparky\n|debug|Base Power: 40\n|debug|Technician boost\n|-damage|p2a: Sparky|192/271\n|cant|p2a: Sparky|flinch\n|move|p2b: Apollo|Bulk Up|p2b: Apollo\n|-boost|p2b: Apollo|atk|1\n|-boost|p2b: Apollo|def|1\n|move|p1a: Snorlax|Return|p2b: Apollo\n|-damage|p2b: Apollo|198/271\n|\n|upkeep\n|turn|2\n|\n|t:|1746671483\n|switch|p1a: Parasect|Parasect, M|324/324\n|move|p1b: Persian|Thunder Wave|p2b: Apollo\n|-status|p2b: Apollo|par\n|move|p2a: Sparky|Reflect|p2a: Sparky\n|-sidestart|p2: mistermoscow|Reflect\n|move|p2b: Apollo|Bulk Up|p2b: Apollo\n|-boost|p2b: Apollo|atk|1\n|-boost|p2b: Apollo|def|1\n|\n|upkeep\n|turn|3\n|\n|t:|1746671513\n|move|p1b: Persian|U-turn|p2b: Apollo\n|debug|Base Power: 70\n|-resisted|p2b: Apollo\n|debug|Reflect weaken\n|-damage|p2b: Apollo|191/271 par\n|\n|t:|1746671527\n|switch|p1b: Snorlax|Snorlax, F|524/524|[from] U-turn\n|move|p2a: Sparky|Electroweb|p1a: Parasect|[spread] p1a,p1b\n|debug|Spread modifier: 0.75\n|-resisted|p1a: Parasect\n|debug|Spread modifier: 0.75\n|-damage|p1a: Parasect|299/324\n|-damage|p1b: Snorlax|476/524\n|-unboost|p1a: Parasect|spe|1\n|-unboost|p1b: Snorlax|spe|1\n|cant|p2b: Apollo|par\n|move|p1a: Parasect|Spore|p2a: Sparky\n|-status|p2a: Sparky|slp|[from] move: Spore\n|\n|-heal|p1a: Parasect|319/324|[from] item: Leftovers\n|upkeep\n|turn|4\n|\n|t:|1746671574\n|switch|p1b: Persian|Persian, M|272/272\n|cant|p2a: Sparky|slp\n|move|p2b: Apollo|Drain Punch|p1b: Persian\n|-supereffective|p1b: Persian\n|-enditem|p1b: Persian|Focus Sash\n|-damage|p1b: Persian|1/272\n|-heal|p2b: Apollo|271/271 par|[from] drain|[of] p1b: Persian\n|move|p1a: Parasect|Reflect|p1a: Parasect\n|-sidestart|p1: Mango Meloetta|Reflect\n|\n|-heal|p1a: Parasect|324/324|[from] item: Leftovers\n|upkeep\n|turn|5\n|\n|t:|1746671617\n|move|p1b: Persian|Fake Out|p2b: Apollo\n|debug|Base Power: 40\n|debug|Technician boost\n|debug|Reflect weaken\n|-damage|p2b: Apollo|250/271 par\n|cant|p2a: Sparky|slp\n|cant|p2b: Apollo|flinch\n|move|p1a: Parasect|Leech Seed|p2b: Apollo\n|-start|p2b: Apollo|move: Leech Seed\n|\n|-damage|p2b: Apollo|217/271 par|[from] Leech Seed|[of] p1a: Parasect\n|upkeep\n|turn|6\n|\n|t:|1746671633\n|move|p1b: Persian|U-turn|p2b: Apollo\n|debug|Base Power: 70\n|-resisted|p2b: Apollo\n|debug|Reflect weaken\n|-damage|p2b: Apollo|209/271 par\n|\n|t:|1746671643\n|switch|p1b: Weezing|Weezing, F|334/334|[from] U-turn\n|cant|p2a: Sparky|slp\n|move|p2b: Apollo|Rage Fist|p1a: Parasect\n|debug|Reflect weaken\n|-damage|p1a: Parasect|0 fnt\n|faint|p1a: Parasect\n|\n|debug|Nothing to leech into\n|upkeep\n|\n|t:|1746671652\n|switch|p1a: Electabuzz|Electabuzz, F|334/334\n|turn|7\n|\n|t:|1746671671\n|-curestatus|p2a: Sparky|slp|[msg]\n|move|p2a: Sparky|Electroweb|p1b: Weezing|[spread] p1a,p1b\n|debug|Spread modifier: 0.75\n|-resisted|p1a: Electabuzz\n|debug|Spread modifier: 0.75\n|-damage|p1a: Electabuzz|313/334\n|-damage|p1b: Weezing|285/334\n|-unboost|p1a: Electabuzz|spe|1\n|-unboost|p1b: Weezing|spe|1\n|move|p1a: Electabuzz|Electroweb|p2b: Apollo|[spread] p2b\n|-heal|p2a: Sparky|259/271|[from] ability: Volt Absorb|[of] p1a: Electabuzz\n|debug|Spread modifier: 0.75\n|-damage|p2b: Apollo|172/271 par\n|-unboost|p2b: Apollo|spe|1\n|-ability|p2b: Apollo|Defiant|boost\n|-boost|p2b: Apollo|atk|2\n|move|p1b: Weezing|Heat Wave|p2a: Sparky|[spread] p2a,p2b\n|debug|Spread modifier: 0.75\n|debug|Spread modifier: 0.75\n|-damage|p2a: Sparky|205/271\n|-damage|p2b: Apollo|136/271 par\n|move|p2b: Apollo|Rage Fist|p1a: Electabuzz\n|debug|Reflect weaken\n|-damage|p1a: Electabuzz|0 fnt\n|faint|p1a: Electabuzz\n|\n|-heal|p1b: Weezing|305/334|[from] item: Black Sludge\n|debug|Nothing to leech into\n|upkeep\n|c|☆Mango Meloetta|sheeet haha\n|\n|t:|1746671693\n|switch|p1a: Persian|Persian, M|1/272\n|turn|8\n|\n|t:|1746671704\n|move|p1a: Persian|Fake Out|p2b: Apollo\n|debug|Base Power: 40\n|debug|Technician boost\n|debug|Reflect weaken\n|-damage|p2b: Apollo|116/271 par\n|move|p2a: Sparky|Electroweb|p1a: Persian|[spread] p1a,p1b\n|debug|Spread modifier: 0.75\n|debug|Spread modifier: 0.75\n|-damage|p1a: Persian|0 fnt\n|-damage|p1b: Weezing|259/334\n|-unboost|p1b: Weezing|spe|1\n|faint|p1a: Persian\n|move|p1b: Weezing|Heat Wave|p2b: Apollo|[spread] p2a,p2b\n|debug|Spread modifier: 0.75\n|debug|Spread modifier: 0.75\n|-damage|p2a: Sparky|155/271\n|-damage|p2b: Apollo|78/271 par\n|cant|p2b: Apollo|flinch\n|\n|-heal|p1b: Weezing|279/334|[from] item: Black Sludge\n|debug|Nothing to leech into\n|-sideend|p1: Mango Meloetta|Reflect\n|upkeep\n|\n|t:|1746671718\n|switch|p1a: Arcanine|Arcanine, F|321/321\n|-ability|p1a: Arcanine|Intimidate|boost\n|-unboost|p2a: Sparky|atk|1\n|-unboost|p2b: Apollo|atk|1\n|-ability|p2b: Apollo|Defiant|boost\n|-boost|p2b: Apollo|atk|2\n|turn|9\n|\n|t:|1746671748\n|move|p1a: Arcanine|Protect|p1a: Arcanine\n|-singleturn|p1a: Arcanine|Protect\n|move|p2a: Sparky|Electroweb|p1a: Arcanine|[spread] p1b\n|-activate|p1a: Arcanine|move: Protect\n|debug|Spread modifier: 0.75\n|-damage|p1b: Weezing|234/334\n|-unboost|p1b: Weezing|spe|1\n|cant|p2b: Apollo|par\n|move|p1b: Weezing|Heat Wave|p2b: Apollo|[spread] p2a,p2b\n|debug|Spread modifier: 0.75\n|debug|Spread modifier: 0.75\n|-damage|p2a: Sparky|109/271\n|-damage|p2b: Apollo|42/271 par\n|\n|-heal|p1b: Weezing|254/334|[from] item: Black Sludge\n|-damage|p2b: Apollo|9/271 par|[from] Leech Seed|[of] p1a: Arcanine\n|-sideend|p2: mistermoscow|Reflect\n|upkeep\n|turn|10\n|\n|t:|1746671774\n|move|p1a: Arcanine|Extreme Speed|p2b: Apollo\n|-damage|p2b: Apollo|0 fnt\n|faint|p2b: Apollo\n|move|p2a: Sparky|Electroweb|p1b: Weezing|[spread] p1a,p1b\n|debug|Spread modifier: 0.75\n|debug|Spread modifier: 0.75\n|-damage|p1a: Arcanine|255/321\n|-damage|p1b: Weezing|206/334\n|-unboost|p1a: Arcanine|spe|1\n|-unboost|p1b: Weezing|spe|1\n|move|p1b: Weezing|Poison Gas|p2a: Sparky\n|-status|p2a: Sparky|psn\n|\n|-heal|p1b: Weezing|226/334|[from] item: Black Sludge\n|-damage|p2a: Sparky|76/271 psn|[from] psn\n|upkeep\n|\n|t:|1746671789\n|switch|p2b: Mimsy|Mr. Mime, M|284/284\n|turn|11\n|\n|t:|1746671799\n|move|p1a: Arcanine|Extreme Speed|p2a: Sparky\n|-damage|p2a: Sparky|0 fnt\n|faint|p2a: Sparky\n|move|p2b: Mimsy|Psychic Terrain|p2b: Mimsy\n|-fieldstart|move: Psychic Terrain\n|move|p1b: Weezing|Stockpile|p1b: Weezing\n|-start|p1b: Weezing|stockpile1\n|-boost|p1b: Weezing|def|1\n|-boost|p1b: Weezing|spd|1\n|\n|-heal|p1b: Weezing|246/334|[from] item: Black Sludge\n|upkeep\n|\n|t:|1746671810\n|switch|p2a: Clifford|Clefairy, M|282/282\n|turn|12\n|\n|t:|1746671830\n|move|p1a: Arcanine|Protect|p1a: Arcanine\n|-singleturn|p1a: Arcanine|Protect\n|move|p2b: Mimsy|Expanding Force|p1b: Weezing|[spread] p1b\n|-activate|p1a: Arcanine|move: Protect\n|debug|psychic terrain boost\n|debug|terrain buff\n|debug|Spread modifier: 0.75\n|-supereffective|p1b: Weezing\n|-damage|p1b: Weezing|90/334\n|move|p2a: Clifford|Seismic Toss|p1a: Arcanine\n|-activate|p1a: Arcanine|move: Protect\n|move|p1b: Weezing|Poison Gas|p2b: Mimsy|[spread] p2a,p2b\n|-status|p2a: Clifford|psn\n|-status|p2b: Mimsy|psn\n|\n|-heal|p1b: Weezing|110/334|[from] item: Black Sludge\n|-damage|p2b: Mimsy|249/284 psn|[from] psn\n|-damage|p2a: Clifford|247/282 psn|[from] psn\n|upkeep\n|turn|13\n|\n|t:|1746671878\n|move|p1b: Weezing|Protect|p1b: Weezing\n|-singleturn|p1b: Weezing|Protect\n|move|p2b: Mimsy|Expanding Force|p1a: Arcanine|[spread] p1a\n|-activate|p1b: Weezing|move: Protect\n|debug|psychic terrain boost\n|debug|terrain buff\n|debug|Spread modifier: 0.75\n|-damage|p1a: Arcanine|102/321\n|-enditem|p1a: Arcanine|Sitrus Berry|[eat]\n|-heal|p1a: Arcanine|182/321|[from] item: Sitrus Berry\n|move|p1a: Arcanine|Flare Blitz|p2b: Mimsy\n|debug|Friend Guard weaken\n|-damage|p2b: Mimsy|116/284 psn\n|-damage|p1a: Arcanine|138/321|[from] Recoil\n|move|p2a: Clifford|Sunny Day|p2a: Clifford\n|-weather|SunnyDay\n|\n|-weather|SunnyDay|[upkeep]\n|-heal|p1b: Weezing|130/334|[from] item: Black Sludge\n|-damage|p2b: Mimsy|81/284 psn|[from] psn\n|-damage|p2a: Clifford|212/282 psn|[from] psn\n|upkeep\n|turn|14\n|\n|t:|1746671911\n|move|p1a: Arcanine|Protect|p1a: Arcanine\n|-singleturn|p1a: Arcanine|Protect\n|move|p2b: Mimsy|Expanding Force|p1b: Weezing|[spread] p1b\n|-activate|p1a: Arcanine|move: Protect\n|debug|psychic terrain boost\n|debug|terrain buff\n|debug|Spread modifier: 0.75\n|-supereffective|p1b: Weezing\n|-damage|p1b: Weezing|0 fnt\n|faint|p1b: Weezing\n|move|p2a: Clifford|Heal Pulse|p2b: Mimsy\n|-heal|p2b: Mimsy|223/284 psn\n|\n|-weather|SunnyDay|[upkeep]\n|-damage|p2b: Mimsy|188/284 psn|[from] psn\n|-damage|p2a: Clifford|177/282 psn|[from] psn\n|upkeep\n|\n|t:|1746671919\n|switch|p1b: Snorlax|Snorlax, F|476/524\n|turn|15\n|\n|t:|1746671934\n|switch|p2b: Eggman|Exeggutor, M|332/332\n|move|p2a: Clifford|Follow Me|p2a: Clifford\n|-singleturn|p2a: Clifford|move: Follow Me\n|move|p1a: Arcanine|Flare Blitz|p2a: Clifford\n|debug|Follow Me redirected target of move\n|debug|Sunny Day fire boost\n|-damage|p2a: Clifford|0 fnt\n|faint|p2a: Clifford\n|-damage|p1a: Arcanine|80/321|[from] Recoil\n|move|p1b: Snorlax|Return|p2b: Eggman\n|-damage|p2b: Eggman|187/332\n|\n|-weather|SunnyDay|[upkeep]\n|-fieldend|move: Psychic Terrain\n|upkeep\n|\n|t:|1746671948\n|switch|p2a: Mimsy|Mr. Mime, M|188/284 psn\n|turn|16\n|\n|t:|1746671964\n|move|p2b: Eggman|Protect|p2b: Eggman\n|-singleturn|p2b: Eggman|Protect\n|move|p2a: Mimsy|Psychic Terrain|p2a: Mimsy\n|-fieldstart|move: Psychic Terrain\n|move|p1a: Arcanine|Flare Blitz|p2b: Eggman\n|-activate|p2b: Eggman|move: Protect\n|move|p1b: Snorlax|Belly Drum|p1b: Snorlax\n|-damage|p1b: Snorlax|214/524\n|-setboost|p1b: Snorlax|atk|6|[from] move: Belly Drum\n|-enditem|p1b: Snorlax|Figy Berry|[eat]\n|-heal|p1b: Snorlax|388/524|[from] item: Figy Berry\n|\n|-weather|SunnyDay|[upkeep]\n|-damage|p2a: Mimsy|153/284 psn|[from] psn\n|upkeep\n|turn|17\n|\n|t:|1746671987\n|move|p2a: Mimsy|Follow Me|p2a: Mimsy\n|-singleturn|p2a: Mimsy|move: Follow Me\n|move|p2b: Eggman|Expanding Force|p1a: Arcanine|[spread] p1a,p1b\n|debug|psychic terrain boost\n|debug|terrain buff\n|debug|Spread modifier: 0.75\n|debug|psychic terrain boost\n|debug|terrain buff\n|debug|Spread modifier: 0.75\n|-damage|p1a: Arcanine|0 fnt\n|-damage|p1b: Snorlax|162/524\n|faint|p1a: Arcanine\n|-damage|p2b: Eggman|154/332|[from] item: Life Orb\n|move|p1b: Snorlax|Return|p2a: Mimsy\n|debug|Follow Me redirected target of move\n|-damage|p2a: Mimsy|0 fnt\n|faint|p2a: Mimsy\n|\n|-weather|none\n|upkeep\n|\n|t:|1746671997\n|switch|p2a: Puff Daddy|Dragonite, M|324/324\n|turn|18\n|\n|t:|1746672002\n|move|p2a: Puff Daddy|Dragon Dance|p2a: Puff Daddy\n|-boost|p2a: Puff Daddy|atk|1\n|-boost|p2a: Puff Daddy|spe|1\n|move|p2b: Eggman|Expanding Force|p1b: Snorlax\n|debug|psychic terrain boost\n|debug|terrain buff\n|-damage|p1b: Snorlax|0 fnt\n|faint|p1b: Snorlax\n|-damage|p2b: Eggman|121/332|[from] item: Life Orb\n|\n|win|mistermoscow\n|c|☆Mango Meloetta|gggg\n|c|☆mistermoscow|gg\n|c|☆Mango Meloetta|good game haha\n","uploadtime":1746672010,"views":"10","formatid":"gen9doublescustomgame","rating":null,"private":0,"password":null}