{"id":"gen9doublescustomgame-2414839356","format":"[Gen 9] Doubles Custom Game","players":["mistermoscow","mango meloetta"],"log":"|j|☆mistermoscow\n|j|☆mango meloetta\n|t:|1754268246\n|gametype|doubles\n|player|p1|mistermoscow|alder|\n|player|p2|mango meloetta|li|\n|gen|9\n|tier|[Gen 9] Doubles Custom Game\n|clearpoke\n|poke|p1|Clefairy, M|\n|poke|p1|Dugtrio, M|\n|poke|p1|Primeape, M|\n|poke|p1|Dewgong, M|\n|poke|p1|Jolteon, M|\n|poke|p1|Dragonite, M|\n|poke|p2|Electabuzz|\n|poke|p2|Arcanine|\n|poke|p2|Weezing|\n|poke|p2|Snorlax|\n|poke|p2|Persian|\n|poke|p2|Parasect|\n|teampreview\n|c|☆mistermoscow|yooooooo\n|c|☆mango meloetta|ayyyy!!\n|c|☆mango meloetta|wazzzzup\n|c|☆mistermoscow|official?\n|c|☆mango meloetta|hell yea!\n|c|☆mistermoscow|sick\n|\n|t:|1754268347\n|teamsize|p1|6\n|teamsize|p2|6\n|start\n|switch|p1a: Cliffoord|Clefairy, M|281/281\n|switch|p1b: Sparky|Jolteon, M|272/272\n|switch|p2a: Snorlax|Snorlax|524/524\n|switch|p2b: Persian|Persian|272/272\n|turn|1\n|\n|t:|1754268406\n|move|p2a: Snorlax|Protect|p2a: Snorlax\n|-singleturn|p2a: Snorlax|Protect\n|move|p2b: Persian|Fake Out|p1b: Sparky\n|debug|Base Power: 40\n|debug|Technician boost\n|-damage|p1b: Sparky|164/272\n|cant|p1b: Sparky|flinch\n|move|p1a: Cliffoord|Cosmic Power|p1a: Cliffoord\n|-boost|p1a: Cliffoord|def|1\n|-boost|p1a: Cliffoord|spd|1\n|\n|upkeep\n|turn|2\n|\n|t:|1754268430\n|move|p1a: Cliffoord|Follow Me|p1a: Cliffoord\n|-singleturn|p1a: Cliffoord|move: Follow Me\n|move|p1b: Sparky|Reflect|p1b: Sparky\n|-sidestart|p1: mistermoscow|Reflect\n|move|p2b: Persian|Thunder Wave|p1a: Cliffoord\n|debug|Follow Me redirected target of move\n|-status|p1a: Cliffoord|par\n|move|p2a: Snorlax|Belly Drum|p2a: Snorlax\n|-damage|p2a: Snorlax|262/524\n|-setboost|p2a: Snorlax|atk|6|[from] move: Belly Drum\n|-enditem|p2a: Snorlax|Figy Berry|[eat]\n|-heal|p2a: Snorlax|436/524|[from] item: Figy Berry\n|\n|upkeep\n|turn|3\n|\n|t:|1754268457\n|move|p1b: Sparky|Light Screen|p1b: Sparky\n|-sidestart|p1: mistermoscow|move: Light Screen\n|move|p2b: Persian|U-turn|p1b: Sparky\n|debug|Base Power: 70\n|debug|Reflect weaken\n|-damage|p1b: Sparky|107/272\n|\n|t:|1754268475\n|switch|p2b: Electabuzz|Electabuzz|334/334|[from] U-turn\n|move|p2a: Snorlax|Recycle|p2a: Snorlax\n|-item|p2a: Snorlax|Figy Berry|[from] move: Recycle\n|move|p1a: Cliffoord|Minimize|p1a: Cliffoord\n|-boost|p1a: Cliffoord|evasion|2\n|\n|upkeep\n|turn|4\n|\n|t:|1754268519\n|switch|p1b: Douggie|Dugtrio, M|212/212\n|move|p2b: Electabuzz|Light Screen|p2b: Electabuzz\n|-sidestart|p2: mango meloetta|move: Light Screen\n|move|p2a: Snorlax|Return|p1b: Douggie\n|debug|Reflect weaken\n|-enditem|p1b: Douggie|Focus Sash\n|-damage|p1b: Douggie|1/212\n|move|p1a: Cliffoord|Cosmic Power|p1a: Cliffoord\n|-boost|p1a: Cliffoord|def|1\n|-boost|p1a: Cliffoord|spd|1\n|\n|upkeep\n|turn|5\n|\n|t:|1754268572\n|move|p1b: Douggie|Endeavor|p2a: Snorlax\n|-damage|p2a: Snorlax|1/524\n|-enditem|p2a: Snorlax|Figy Berry|[eat]\n|-heal|p2a: Snorlax|175/524|[from] item: Figy Berry\n|move|p2b: Electabuzz|Volt Switch|p1a: Cliffoord|[miss]\n|-miss|p2b: Electabuzz|p1a: Cliffoord\n|move|p2a: Snorlax|Return|p1a: Cliffoord\n|debug|Negating (sp)def boost/penalty.\n|-crit|p1a: Cliffoord\n|-damage|p1a: Cliffoord|0 fnt\n|faint|p1a: Cliffoord\n|\n|upkeep\n|c|☆mistermoscow|wow\n|c|☆mango meloetta|ooof damn\n|c|☆mango meloetta|that crit was insane\n|\n|t:|1754268604\n|switch|p1a: Apollo|Primeape, M|272/272\n|turn|6\n|c|☆mistermoscow|yeah lol\n|\n|t:|1754268626\n|move|p2a: Snorlax|Protect|p2a: Snorlax\n|-singleturn|p2a: Snorlax|Protect\n|move|p1b: Douggie|High Horsepower|p2b: Electabuzz\n|-supereffective|p2b: Electabuzz\n|-damage|p2b: Electabuzz|146/334\n|move|p2b: Electabuzz|Volt Switch|p1a: Apollo\n|debug|Light Screen weaken\n|-damage|p1a: Apollo|234/272\n|\n|t:|1754268635\n|switch|p2b: Parasect|Parasect|324/324|[from] Volt Switch\n|move|p1a: Apollo|Drain Punch|p2a: Snorlax\n|-activate|p2a: Snorlax|move: Protect\n|\n|upkeep\n|turn|7\n|\n|t:|1754268683\n|move|p1a: Apollo|Protect|p1a: Apollo\n|-singleturn|p1a: Apollo|Protect\n|move|p1b: Douggie|Endeavor|p2b: Parasect\n|-damage|p2b: Parasect|1/324\n|move|p2a: Snorlax|Return|p1a: Apollo\n|-activate|p1a: Apollo|move: Protect\n|move|p2b: Parasect|Spore|p1a: Apollo\n|-activate|p1a: Apollo|move: Protect\n|\n|-heal|p2b: Parasect|21/324|[from] item: Leftovers\n|upkeep\n|turn|8\n|\n|t:|1754268732\n|move|p1b: Douggie|Rock Slide|p2a: Snorlax|[spread] p2a,p2b\n|debug|Spread modifier: 0.75\n|-crit|p2a: Snorlax\n|debug|Spread modifier: 0.75\n|-supereffective|p2b: Parasect\n|-damage|p2a: Snorlax|90/524\n|-damage|p2b: Parasect|0 fnt\n|faint|p2b: Parasect\n|move|p1a: Apollo|Drain Punch|p2a: Snorlax\n|-supereffective|p2a: Snorlax\n|-damage|p2a: Snorlax|0 fnt\n|-heal|p1a: Apollo|272/272|[from] drain|[of] p2a: Snorlax\n|faint|p2a: Snorlax\n|\n|-sideend|p2: mango meloetta|move: Light Screen\n|upkeep\n|\n|t:|1754268749\n|switch|p2a: Weezing|Weezing|334/334\n|switch|p2b: Persian|Persian|272/272\n|turn|9\n|\n|t:|1754268770\n|switch|p1b: Dewey|Dewgong, M|384/384\n|move|p2b: Persian|Fake Out|p1a: Apollo\n|debug|Base Power: 40\n|debug|Technician boost\n|debug|Reflect weaken\n|-damage|p1a: Apollo|237/272\n|cant|p1a: Apollo|flinch\n|move|p2a: Weezing|Poison Gas|p1a: Apollo|[spread] p1a,p1b\n|-status|p1a: Apollo|psn\n|-status|p1b: Dewey|psn\n|\n|-damage|p1a: Apollo|203/272 psn|[from] psn\n|-damage|p1b: Dewey|336/384 psn|[from] psn\n|-sideend|p1: mistermoscow|Reflect\n|upkeep\n|turn|10\n|\n|t:|1754268810\n|move|p1b: Dewey|Fake Out|p2a: Weezing\n|-damage|p2a: Weezing|303/334\n|move|p2b: Persian|U-turn|p1a: Apollo\n|debug|Base Power: 70\n|-resisted|p1a: Apollo\n|-damage|p1a: Apollo|183/272 psn\n|\n|t:|1754268869\n|switch|p2b: Electabuzz|Electabuzz|146/334|[from] U-turn\n|move|p1a: Apollo|Drain Punch|p2b: Electabuzz\n|-damage|p2b: Electabuzz|76/334\n|-heal|p1a: Apollo|218/272 psn|[from] drain|[of] p2b: Electabuzz\n|cant|p2a: Weezing|flinch\n|\n|-heal|p1b: Dewey|360/384 psn|[from] item: Leftovers\n|-heal|p2a: Weezing|323/334|[from] item: Black Sludge\n|-damage|p1a: Apollo|184/272 psn|[from] psn\n|-damage|p1b: Dewey|312/384 psn|[from] psn\n|-sideend|p1: mistermoscow|move: Light Screen\n|upkeep\n|turn|11\n|\n|t:|1754268899\n|move|p2b: Electabuzz|Electroweb|p1a: Apollo|[spread] p1a,p1b\n|debug|Spread modifier: 0.75\n|debug|Spread modifier: 0.75\n|-supereffective|p1b: Dewey\n|-crit|p1b: Dewey\n|-damage|p1a: Apollo|151/272 psn\n|-damage|p1b: Dewey|160/384 psn\n|-unboost|p1a: Apollo|spe|1\n|-unboost|p1b: Dewey|spe|1\n|move|p2a: Weezing|Heat Wave|p1a: Apollo|[spread] p1a,p1b\n|debug|Spread modifier: 0.75\n|debug|Thick Fat weaken\n|debug|Spread modifier: 0.75\n|-damage|p1a: Apollo|121/272 psn\n|-damage|p1b: Dewey|137/384 psn\n|move|p1a: Apollo|Rage Fist|p2a: Weezing\n|-damage|p2a: Weezing|96/334\n|move|p1b: Dewey|Frost Breath|p1a: Apollo\n|-crit|p1a: Apollo\n|-damage|p1a: Apollo|81/272 psn\n|-setboost|p1a: Apollo|atk|6|[from] ability: Anger Point\n|\n|-heal|p2a: Weezing|116/334|[from] item: Black Sludge\n|-heal|p1b: Dewey|161/384 psn|[from] item: Leftovers\n|-damage|p1a: Apollo|47/272 psn|[from] psn\n|-damage|p1b: Dewey|113/384 psn|[from] psn\n|upkeep\n|turn|12\n|\n|t:|1754268957\n|switch|p1b: Sparky|Jolteon, M|107/272\n|move|p1a: Apollo|Protect|p1a: Apollo\n|-singleturn|p1a: Apollo|Protect\n|move|p2b: Electabuzz|Electroweb|p1a: Apollo|[spread] \n|-activate|p1a: Apollo|move: Protect\n|-heal|p1b: Sparky|175/272|[from] ability: Volt Absorb|[of] p2b: Electabuzz\n|move|p2a: Weezing|Heat Wave|p1a: Apollo|[spread] p1b\n|-activate|p1a: Apollo|move: Protect\n|debug|Spread modifier: 0.75\n|-damage|p1b: Sparky|124/272\n|\n|-heal|p2a: Weezing|136/334|[from] item: Black Sludge\n|-damage|p1a: Apollo|13/272 psn|[from] psn\n|upkeep\n|turn|13\n|\n|t:|1754268978\n|move|p2a: Weezing|Protect|p2a: Weezing\n|-singleturn|p2a: Weezing|Protect\n|move|p1b: Sparky|Electroweb|p2a: Weezing|[spread] p2b\n|-activate|p2a: Weezing|move: Protect\n|debug|Spread modifier: 0.75\n|-resisted|p2b: Electabuzz\n|-crit|p2b: Electabuzz\n|-damage|p2b: Electabuzz|37/334\n|-unboost|p2b: Electabuzz|spe|1\n|move|p2b: Electabuzz|Light Screen|p2b: Electabuzz\n|-sidestart|p2: mango meloetta|move: Light Screen\n|move|p1a: Apollo|Drain Punch|p2b: Electabuzz\n|-damage|p2b: Electabuzz|0 fnt\n|-heal|p1a: Apollo|32/272 psn|[from] drain|[of] p2b: Electabuzz\n|faint|p2b: Electabuzz\n|\n|-heal|p2a: Weezing|156/334|[from] item: Black Sludge\n|-damage|p1a: Apollo|0 fnt|[from] psn\n|faint|p1a: Apollo\n|upkeep\n|\n|t:|1754268998\n|switch|p2b: Persian|Persian|272/272\n|switch|p1a: Puff Daddy|Dragonite, M|386/386\n|turn|14\n|\n|t:|1754269022\n|move|p1a: Puff Daddy|Protect|p1a: Puff Daddy\n|-singleturn|p1a: Puff Daddy|Protect\n|move|p2b: Persian|Fake Out|p1b: Sparky\n|debug|Base Power: 40\n|debug|Technician boost\n|-damage|p1b: Sparky|16/272\n|cant|p1b: Sparky|flinch\n|move|p2a: Weezing|Poison Gas|p1b: Sparky|[spread] p1b\n|-activate|p1a: Puff Daddy|move: Protect\n|-status|p1b: Sparky|psn\n|\n|-heal|p2a: Weezing|176/334|[from] item: Black Sludge\n|-damage|p1b: Sparky|0 fnt|[from] psn\n|faint|p1b: Sparky\n|upkeep\n|\n|t:|1754269039\n|switch|p1b: Douggie|Dugtrio, M|1/212\n|turn|15\n|\n|t:|1754269082\n|move|p1b: Douggie|Endeavor|p2a: Weezing\n|-damage|p2a: Weezing|1/334\n|move|p2b: Persian|Thunder Wave|p1a: Puff Daddy\n|-status|p1a: Puff Daddy|par\n|move|p2a: Weezing|Poison Gas||[still]|[spread] p1a,p1b\n|-fail|p2a: Weezing\n|-status|p1b: Douggie|psn\n|move|p1a: Puff Daddy|Dragon Claw|p2b: Persian\n|-enditem|p2b: Persian|Focus Sash\n|-damage|p2b: Persian|1/272\n|-damage|p1a: Puff Daddy|348/386 par|[from] item: Life Orb\n|\n|-heal|p2a: Weezing|21/334|[from] item: Black Sludge\n|-damage|p1b: Douggie|0 fnt|[from] psn\n|faint|p1b: Douggie\n|upkeep\n|\n|t:|1754269098\n|switch|p1b: Dewey|Dewgong, M|113/384 psn\n|turn|16\n|\n|t:|1754269136\n|switch|p2b: Arcanine|Arcanine|321/321\n|-ability|p2b: Arcanine|Intimidate|boost\n|-fail|p1a: Puff Daddy|unboost|Attack|[from] ability: Inner Focus|[of] p1a: Puff Daddy\n|-unboost|p1b: Dewey|atk|1\n|move|p2a: Weezing|Protect|p2a: Weezing\n|-singleturn|p2a: Weezing|Protect\n|move|p1a: Puff Daddy|Extreme Speed|p2b: Arcanine\n|-damage|p2b: Arcanine|162/321\n|-damage|p1a: Puff Daddy|310/386 par|[from] item: Life Orb\n|move|p1b: Dewey|Knock Off|p2a: Weezing\n|-activate|p2a: Weezing|move: Protect\n|\n|-heal|p1b: Dewey|137/384 psn|[from] item: Leftovers\n|-heal|p2a: Weezing|41/334|[from] item: Black Sludge\n|-damage|p1b: Dewey|89/384 psn|[from] psn\n|upkeep\n|turn|17\n|\n|t:|1754269175\n|move|p2b: Arcanine|Extreme Speed|p1a: Puff Daddy\n|-damage|p1a: Puff Daddy|214/386 par\n|cant|p1a: Puff Daddy|par\n|move|p1b: Dewey|Knock Off|p2a: Weezing\n|-damage|p2a: Weezing|0 fnt\n|-enditem|p2a: Weezing|Black Sludge|[from] move: Knock Off|[of] p1b: Dewey\n|faint|p2a: Weezing\n|\n|-heal|p1b: Dewey|113/384 psn|[from] item: Leftovers\n|-damage|p1b: Dewey|65/384 psn|[from] psn\n|-sideend|p2: mango meloetta|move: Light Screen\n|upkeep\n|\n|t:|1754269186\n|switch|p2a: Persian|Persian|1/272\n|turn|18\n|\n|t:|1754269192\n|move|p1a: Puff Daddy|Protect|p1a: Puff Daddy\n|-singleturn|p1a: Puff Daddy|Protect\n|move|p2a: Persian|Fake Out|p1a: Puff Daddy\n|-activate|p1a: Puff Daddy|move: Protect\n|move|p2b: Arcanine|Extreme Speed|p1a: Puff Daddy\n|-activate|p1a: Puff Daddy|move: Protect\n|move|p1b: Dewey|Ice Shard|p2a: Persian\n|debug|Negating (sp)atk boost/penalty.\n|-crit|p2a: Persian\n|-damage|p2a: Persian|0 fnt\n|faint|p2a: Persian\n|\n|-heal|p1b: Dewey|89/384 psn|[from] item: Leftovers\n|-damage|p1b: Dewey|41/384 psn|[from] psn\n|upkeep\n|turn|19\n|\n|t:|1754269213\n|move|p2b: Arcanine|Extreme Speed|p1b: Dewey\n|-damage|p1b: Dewey|0 fnt\n|faint|p1b: Dewey\n|move|p1a: Puff Daddy|Dragon Claw|p2b: Arcanine\n|-damage|p2b: Arcanine|0 fnt\n|faint|p2b: Arcanine\n|-damage|p1a: Puff Daddy|176/386 par|[from] item: Life Orb\n|\n|win|mistermoscow\n|c|☆mango meloetta|gg well played haha\n|c|☆mistermoscow|gg\n|c|☆mistermoscow|indeed\n","uploadtime":1754269226,"views":"13","formatid":"gen9doublescustomgame","rating":null,"private":0,"password":null}