{"id":"gen9doublescustomgame-2350087104","format":"[Gen 9] Doubles Custom Game","players":["mistermoscow","Mango Meloetta"],"log":"|j|☆mistermoscow\n|j|☆Mango Meloetta\n|t:|1745535709\n|gametype|doubles\n|player|p1|mistermoscow|alder|\n|player|p2|Mango Meloetta|li|\n|teamsize|p1|6\n|teamsize|p2|6\n|gen|9\n|tier|[Gen 9] Doubles Custom Game\n|clearpoke\n|poke|p1|Nidoking, M|\n|poke|p1|Primeape, M|\n|poke|p1|Dewgong, M|\n|poke|p1|Mr. Mime, M|\n|poke|p1|Jolteon, M|\n|poke|p1|Dragonite, M|\n|poke|p2|Electabuzz, M|\n|poke|p2|Arcanine, M|\n|poke|p2|Weezing, M|\n|poke|p2|Snorlax, M|\n|poke|p2|Persian, F|\n|poke|p2|Parasect, F|\n|teampreview\n|c|☆Mango Meloetta|official?\n|c|☆mistermoscow|yee\n|c|☆Mango Meloetta|yee\n|\n|t:|1745535788\n|start\n|switch|p1a: Sparky|Jolteon, M|272/272\n|switch|p1b: Mimsy|Mr. Mime, M|284/284\n|switch|p2a: Arcanine|Arcanine, M|321/321\n|switch|p2b: Persian|Persian, F|272/272\n|-ability|p2a: Arcanine|Intimidate|boost\n|-unboost|p1a: Sparky|atk|1\n|-unboost|p1b: Mimsy|atk|1\n|turn|1\n|\n|t:|1745535819\n|move|p2a: Arcanine|Protect|p2a: Arcanine\n|-singleturn|p2a: Arcanine|Protect\n|move|p2b: Persian|Fake Out|p1a: Sparky\n|debug|Base Power: 40\n|debug|Technician boost\n|-damage|p1a: Sparky|172/272\n|move|p1b: Mimsy|Fake Out|p2a: Arcanine\n|-activate|p2a: Arcanine|move: Protect\n|cant|p1a: Sparky|flinch\n|\n|upkeep\n|turn|2\n|\n|t:|1745535869\n|move|p2a: Arcanine|Extreme Speed|p1a: Sparky\n|-damage|p1a: Sparky|43/272\n|move|p1a: Sparky|Reflect|p1a: Sparky\n|-sidestart|p1: mistermoscow|Reflect\n|move|p2b: Persian|U-turn|p1b: Mimsy\n|debug|Base Power: 70\n|debug|Reflect weaken\n|-damage|p1b: Mimsy|234/284\n|\n|t:|1745535890\n|switch|p2b: Parasect|Parasect, F|324/324|[from] U-turn\n|move|p1b: Mimsy|Teleport|p1b: Mimsy\n|\n|t:|1745535914\n|switch|p1b: Dewey|Dewgong, M|353/353|[from] Teleport\n|\n|upkeep\n|turn|3\n|\n|t:|1745535937\n|move|p1b: Dewey|Fake Out|p2b: Parasect\n|-damage|p2b: Parasect|287/324\n|move|p2a: Arcanine|Extreme Speed|p1a: Sparky\n|debug|Reflect weaken\n|-damage|p1a: Sparky|0 fnt\n|faint|p1a: Sparky\n|cant|p2b: Parasect|flinch\n|\n|-heal|p2b: Parasect|307/324|[from] item: Leftovers\n|upkeep\n|\n|t:|1745535977\n|switch|p1a: King Nido|Nidoking, M|303/303\n|turn|4\n|\n|t:|1745536020\n|switch|p2a: Weezing|Weezing, M|334/334\n|move|p1a: King Nido|Fire Blast|p2b: Parasect\n|-supereffective|p2b: Parasect\n|-damage|p2b: Parasect|0 fnt\n|faint|p2b: Parasect\n|move|p1b: Dewey|Flip Turn|p2a: Weezing\n|-damage|p2a: Weezing|270/334\n|\n|t:|1745536046\n|switch|p1b: Mimsy|Mr. Mime, M|234/284|[from] Flip Turn\n|\n|-heal|p1b: Mimsy|251/284|[from] item: Leftovers\n|-heal|p2a: Weezing|290/334|[from] item: Black Sludge\n|upkeep\n|\n|t:|1745536075\n|switch|p2b: Snorlax|Snorlax, M|524/524\n|turn|5\n|\n|t:|1745536112\n|switch|p1a: Dewey|Dewgong, M|353/353\n|move|p2a: Weezing|Stockpile|p2a: Weezing\n|-start|p2a: Weezing|stockpile1\n|-boost|p2a: Weezing|def|1\n|-boost|p2a: Weezing|spd|1\n|move|p2b: Snorlax|Belly Drum|p2b: Snorlax\n|-damage|p2b: Snorlax|262/524\n|-setboost|p2b: Snorlax|atk|6|[from] move: Belly Drum\n|-enditem|p2b: Snorlax|Figy Berry|[eat]\n|-heal|p2b: Snorlax|436/524|[from] item: Figy Berry\n|move|p1b: Mimsy|Teleport|p1b: Mimsy\n|\n|t:|1745536128\n|switch|p1b: Apollo|Primeape, M|334/334|[from] Teleport\n|\n|-heal|p2a: Weezing|310/334|[from] item: Black Sludge\n|upkeep\n|turn|6\n|\n|t:|1745536171\n|move|p2b: Snorlax|Protect|p2b: Snorlax\n|-singleturn|p2b: Snorlax|Protect\n|move|p1a: Dewey|Fake Out|p2b: Snorlax\n|-activate|p2b: Snorlax|move: Protect\n|move|p1b: Apollo|Bulk Up|p1b: Apollo\n|-boost|p1b: Apollo|atk|1\n|-boost|p1b: Apollo|def|1\n|move|p2a: Weezing|Poison Gas|p1b: Apollo|[spread] p1a,p1b\n|-status|p1a: Dewey|psn\n|-status|p1b: Apollo|psn\n|\n|-heal|p2a: Weezing|330/334|[from] item: Black Sludge\n|-damage|p1b: Apollo|293/334 psn|[from] psn\n|-damage|p1a: Dewey|309/353 psn|[from] psn\n|upkeep\n|turn|7\n|\n|t:|1745536223\n|switch|p1a: King Nido|Nidoking, M|303/303\n|move|p1b: Apollo|Drain Punch|p2b: Snorlax\n|-supereffective|p2b: Snorlax\n|-damage|p2b: Snorlax|176/524\n|-heal|p1b: Apollo|334/334 psn|[from] drain|[of] p2b: Snorlax\n|move|p2a: Weezing|Heat Wave|p1b: Apollo|[spread] p1a,p1b\n|debug|Spread modifier: 0.75\n|debug|Spread modifier: 0.75\n|-damage|p1a: King Nido|245/303\n|-damage|p1b: Apollo|303/334 psn\n|debug|move failed because it did nothing\n|move|p2b: Snorlax|Return|p1b: Apollo\n|debug|Reflect weaken\n|-damage|p1b: Apollo|60/334 psn\n|\n|-heal|p2a: Weezing|334/334|[from] item: Black Sludge\n|-damage|p1b: Apollo|19/334 psn|[from] psn\n|upkeep\n|turn|8\n|\n|t:|1745536264\n|move|p2b: Snorlax|Protect|p2b: Snorlax\n|-singleturn|p2b: Snorlax|Protect\n|move|p1a: King Nido|Earth Power|p2b: Snorlax\n|-activate|p2b: Snorlax|move: Protect\n|move|p1b: Apollo|Rage Fist|p2a: Weezing\n|-damage|p2a: Weezing|220/334\n|move|p2a: Weezing|Heat Wave|p1a: King Nido|[spread] p1a,p1b\n|debug|Spread modifier: 0.75\n|debug|Spread modifier: 0.75\n|-damage|p1a: King Nido|185/303\n|-damage|p1b: Apollo|0 fnt\n|debug|move failed because it did nothing\n|faint|p1b: Apollo\n|\n|-heal|p2a: Weezing|240/334|[from] item: Black Sludge\n|upkeep\n|\n|t:|1745536293\n|switch|p1b: Mimsy|Mr. Mime, M|251/284\n|turn|9\n|\n|t:|1745536317\n|move|p1b: Mimsy|Fake Out|p2a: Weezing\n|-damage|p2a: Weezing|229/334\n|move|p1a: King Nido|Earth Power|p2b: Snorlax\n|-damage|p2b: Snorlax|38/524\n|cant|p2a: Weezing|flinch\n|move|p2b: Snorlax|Return|p1a: King Nido\n|debug|Reflect weaken\n|-damage|p1a: King Nido|0 fnt\n|faint|p1a: King Nido\n|\n|-heal|p1b: Mimsy|268/284|[from] item: Leftovers\n|-heal|p2a: Weezing|249/334|[from] item: Black Sludge\n|-sideend|p1: mistermoscow|Reflect\n|upkeep\n|\n|t:|1745536335\n|switch|p1a: Dewey|Dewgong, M|309/353 psn\n|turn|10\n|\n|t:|1745536371\n|move|p2b: Snorlax|Protect|p2b: Snorlax\n|-singleturn|p2b: Snorlax|Protect\n|move|p1a: Dewey|Fake Out|p2b: Snorlax\n|-activate|p2b: Snorlax|move: Protect\n|move|p1b: Mimsy|Psyshock|p2a: Weezing\n|-supereffective|p2a: Weezing\n|-damage|p2a: Weezing|85/334\n|move|p2a: Weezing|Heat Wave|p1b: Mimsy|[spread] p1a,p1b\n|debug|Thick Fat weaken\n|debug|Spread modifier: 0.75\n|debug|Spread modifier: 0.75\n|-damage|p1a: Dewey|285/353 psn\n|-damage|p1b: Mimsy|226/284\n|debug|Covert Cloak prevent secondary\n|\n|-heal|p1b: Mimsy|243/284|[from] item: Leftovers\n|-heal|p2a: Weezing|105/334|[from] item: Black Sludge\n|-damage|p1a: Dewey|241/353 psn|[from] psn\n|upkeep\n|turn|11\n|\n|t:|1745536399\n|move|p1b: Mimsy|Psyshock|p2a: Weezing\n|-supereffective|p2a: Weezing\n|-damage|p2a: Weezing|0 fnt\n|faint|p2a: Weezing\n|move|p1a: Dewey|Ice Spinner|p2b: Snorlax\n|-crit|p2b: Snorlax\n|-damage|p2b: Snorlax|0 fnt\n|faint|p2b: Snorlax\n|\n|-heal|p1b: Mimsy|260/284|[from] item: Leftovers\n|-damage|p1a: Dewey|197/353 psn|[from] psn\n|upkeep\n|\n|t:|1745536410\n|switch|p2a: Electabuzz|Electabuzz, M|334/334\n|switch|p2b: Persian|Persian, F|272/272\n|turn|12\n|\n|t:|1745536429\n|move|p2b: Persian|Fake Out|p1b: Mimsy\n|debug|Base Power: 40\n|debug|Technician boost\n|-damage|p1b: Mimsy|157/284\n|move|p2a: Electabuzz|Volt Switch|p1a: Dewey\n|-supereffective|p1a: Dewey\n|-damage|p1a: Dewey|39/353 psn\n|\n|t:|1745536435\n|switch|p2a: Arcanine|Arcanine, M|321/321|[from] Volt Switch\n|-ability|p2a: Arcanine|Intimidate|boost\n|-unboost|p1a: Dewey|atk|1\n|-unboost|p1b: Mimsy|atk|1\n|cant|p1b: Mimsy|flinch\n|move|p1a: Dewey|Flip Turn|p2b: Persian\n|-damage|p2b: Persian|185/272\n|\n|t:|1745536443\n|switch|p1a: Puff Daddy|Dragonite, M|386/386|[from] Flip Turn\n|\n|-heal|p1b: Mimsy|174/284|[from] item: Leftovers\n|upkeep\n|turn|13\n|\n|t:|1745536477\n|move|p2b: Persian|Thunder Wave|p1a: Puff Daddy\n|-status|p1a: Puff Daddy|par\n|move|p2a: Arcanine|Flare Blitz|p1b: Mimsy\n|-crit|p1b: Mimsy\n|-damage|p1b: Mimsy|0 fnt\n|faint|p1b: Mimsy\n|-damage|p2a: Arcanine|264/321|[from] Recoil\n|move|p1a: Puff Daddy|Dragon Dance|p1a: Puff Daddy\n|-boost|p1a: Puff Daddy|atk|1\n|-boost|p1a: Puff Daddy|spe|1\n|\n|upkeep\n|\n|t:|1745536492\n|switch|p1b: Dewey|Dewgong, M|39/353 psn\n|turn|14\n|\n|t:|1745536513\n|switch|p2b: Electabuzz|Electabuzz, M|334/334\n|move|p2a: Arcanine|Protect|p2a: Arcanine\n|-singleturn|p2a: Arcanine|Protect\n|move|p1b: Dewey|Fake Out|p2b: Electabuzz\n|-damage|p2b: Electabuzz|309/334\n|move|p1a: Puff Daddy|Dragon Dance|p1a: Puff Daddy\n|-boost|p1a: Puff Daddy|atk|1\n|-boost|p1a: Puff Daddy|spe|1\n|\n|-damage|p1b: Dewey|0 fnt|[from] psn\n|faint|p1b: Dewey\n|upkeep\n|turn|15\n|\n|t:|1745536533\n|move|p2a: Arcanine|Extreme Speed|p1a: Puff Daddy\n|debug|Multiscale weaken\n|-damage|p1a: Puff Daddy|342/386 par\n|move|p1a: Puff Daddy|Extreme Speed|p2a: Arcanine\n|-damage|p2a: Arcanine|0 fnt\n|faint|p2a: Arcanine\n|move|p2b: Electabuzz|Electroweb|p1a: Puff Daddy\n|-damage|p1a: Puff Daddy|278/386 par\n|debug|move failed because it did nothing\n|\n|upkeep\n|\n|t:|1745536542\n|switch|p2a: Persian|Persian, F|185/272\n|turn|16\n|\n|t:|1745536554\n|move|p2a: Persian|Fake Out|p1a: Puff Daddy\n|debug|Base Power: 40\n|debug|Technician boost\n|-damage|p1a: Puff Daddy|206/386 par\n|cant|p1a: Puff Daddy|flinch\n|move|p2b: Electabuzz|Electroweb|p1a: Puff Daddy\n|-damage|p1a: Puff Daddy|145/386 par\n|debug|move failed because it did nothing\n|\n|upkeep\n|turn|17\n|\n|t:|1745536575\n|move|p1a: Puff Daddy|Extreme Speed|p2a: Persian\n|-damage|p2a: Persian|0 fnt\n|faint|p2a: Persian\n|move|p2b: Electabuzz|Volt Switch|p1a: Puff Daddy\n|-damage|p1a: Puff Daddy|61/386 par\n|\n|upkeep\n|turn|18\n|\n|t:|1745536585\n|cant|p1a: Puff Daddy|par\n|move|p2b: Electabuzz|Volt Switch|p1a: Puff Daddy\n|-damage|p1a: Puff Daddy|0 fnt\n|faint|p1a: Puff Daddy\n|\n|win|Mango Meloetta\n|c|☆Mango Meloetta|whew that was close haha\n","uploadtime":1745536593,"views":"15","formatid":"gen9doublescustomgame","rating":null,"private":0,"password":null}