{"id":"gen9doublescustomgame-2254097703","format":"[Gen 9] Doubles Custom Game","players":["smokeydabearrr","Mattmandaman"],"log":"|badge|p2|silver|gen9doublesou|30-3\n|uhtml|medal-msg|<div class=\"broadcast-blue\">Curious what those medals under the avatar are? PS now has Ladder Seasons! For more information, check out the <a href=\"https://www.smogon.com/forums/threads/3740067/\">thread on Smogon.</a></div>\n|j|☆smokeydabearrr\n|j|☆Mattmandaman\n|t:|1732990974\n|gametype|doubles\n|player|p1|smokeydabearrr|101|\n|player|p2|Mattmandaman|giovanni|\n|teamsize|p1|6\n|teamsize|p2|6\n|gen|9\n|tier|[Gen 9] Doubles Custom Game\n|clearpoke\n|poke|p1|Blastoise, M|\n|poke|p1|Cresselia, F|\n|poke|p1|Dudunsparce-*, M|\n|poke|p1|Garganacl, F|\n|poke|p1|Whimsicott, M|\n|poke|p1|Toxapex, F|\n|poke|p2|Grimmsnarl, M|\n|poke|p2|Volcanion|\n|poke|p2|Diancie|\n|poke|p2|Kommo-o, F|\n|poke|p2|Indeedee-F, F|\n|poke|p2|Venusaur, F|\n|teampreview\n|j| je64\n|j| mistermoscow\n|\n|t:|1732991030\n|start\n|switch|p1a: Toxapex|Toxapex, F|304/304\n|switch|p1b: Garganacl|Garganacl, F|404/404\n|switch|p2a: Kommo-o|Kommo-o, F|354/354\n|switch|p2b: Indeedee|Indeedee-F, F|344/344\n|-fieldstart|move: Psychic Terrain|[from] ability: Psychic Surge|[of] p2b: Indeedee\n|turn|1\n|\n|t:|1732991071\n|-terastallize|p1b: Garganacl|Ghost\n|move|p2b: Indeedee|Follow Me|p2b: Indeedee\n|-singleturn|p2b: Indeedee|move: Follow Me\n|move|p2a: Kommo-o|Clangorous Soul|p2a: Kommo-o\n|-boost|p2a: Kommo-o|atk|1\n|-boost|p2a: Kommo-o|def|1\n|-boost|p2a: Kommo-o|spa|1\n|-boost|p2a: Kommo-o|spd|1\n|-boost|p2a: Kommo-o|spe|1\n|-damage|p2a: Kommo-o|238/354\n|move|p1a: Toxapex|Infestation|p2b: Indeedee\n|debug|Follow Me redirected target of move\n|-supereffective|p2b: Indeedee\n|-damage|p2b: Indeedee|326/344\n|-activate|p2b: Indeedee|move: Infestation|[of] p1a: Toxapex\n|move|p1b: Garganacl|Salt Cure|p2b: Indeedee\n|debug|Follow Me redirected target of move\n|-damage|p2b: Indeedee|278/344\n|-start|p2b: Indeedee|Salt Cure\n|\n|-heal|p2a: Kommo-o|260/354|[from] item: Leftovers\n|-damage|p2b: Indeedee|235/344|[from] move: Infestation|[partiallytrapped]\n|-damage|p2b: Indeedee|192/344|[from] Salt Cure\n|upkeep\n|turn|2\n|\n|t:|1732991114\n|move|p2a: Kommo-o|Clangorous Soul|p2a: Kommo-o\n|-boost|p2a: Kommo-o|atk|1\n|-boost|p2a: Kommo-o|def|1\n|-boost|p2a: Kommo-o|spa|1\n|-boost|p2a: Kommo-o|spd|1\n|-boost|p2a: Kommo-o|spe|1\n|-damage|p2a: Kommo-o|144/354\n|move|p2b: Indeedee|Psych Up|p2a: Kommo-o\n|-copyboost|p2b: Indeedee|p2a: Kommo-o|[from] move: Psych Up\n|move|p1a: Toxapex|Toxic|p2b: Indeedee\n|-status|p2b: Indeedee|tox\n|move|p1b: Garganacl|Stealth Rock|p2b: Indeedee\n|-sidestart|p2: Mattmandaman|move: Stealth Rock\n|\n|-heal|p2a: Kommo-o|166/354|[from] item: Leftovers\n|-damage|p2b: Indeedee|171/344 tox|[from] psn\n|-damage|p2b: Indeedee|128/344 tox|[from] Salt Cure\n|-damage|p2b: Indeedee|85/344 tox|[from] move: Infestation|[partiallytrapped]\n|upkeep\n|-enditem|p2b: Indeedee|Sitrus Berry|[eat]\n|-heal|p2b: Indeedee|171/344 tox|[from] item: Sitrus Berry\n|turn|3\n|\n|t:|1732991152\n|move|p2b: Indeedee|Baton Pass|p2b: Indeedee\n|\n|t:|1732991168\n|switch|p2b: Venusaur|Venusaur, F|364/364|[from] Baton Pass\n|-damage|p2b: Venusaur|319/364|[from] Stealth Rock\n|move|p2a: Kommo-o|Iron Head|p1b: Garganacl\n|-damage|p1b: Garganacl|295/404\n|move|p1a: Toxapex|Infestation|p2a: Kommo-o\n|-resisted|p2a: Kommo-o\n|-damage|p2a: Kommo-o|164/354\n|-activate|p2a: Kommo-o|move: Infestation|[of] p1a: Toxapex\n|move|p1b: Garganacl|Salt Cure|p2a: Kommo-o\n|-resisted|p2a: Kommo-o\n|-damage|p2a: Kommo-o|154/354\n|-start|p2a: Kommo-o|Salt Cure\n|\n|-heal|p2a: Kommo-o|176/354|[from] item: Leftovers\n|-heal|p1b: Garganacl|320/404|[from] item: Leftovers\n|-damage|p2a: Kommo-o|132/354|[from] move: Infestation|[partiallytrapped]\n|-damage|p2a: Kommo-o|88/354|[from] Salt Cure\n|-damage|p2b: Venusaur|274/364|[from] move: Infestation|[partiallytrapped]\n|upkeep\n|turn|4\n|\n|t:|1732991230\n|move|p1b: Garganacl|Protect|p1b: Garganacl\n|-singleturn|p1b: Garganacl|Protect\n|move|p1a: Toxapex|Baneful Bunker|p1a: Toxapex\n|-singleturn|p1a: Toxapex|move: Protect\n|move|p2a: Kommo-o|Clangorous Soul||[still]\n|-fail|p2a: Kommo-o\n|move|p2b: Venusaur|Earth Power|p1a: Toxapex\n|-activate|p1a: Toxapex|move: Protect\n|\n|-heal|p2a: Kommo-o|110/354|[from] item: Leftovers\n|-heal|p1b: Garganacl|345/404|[from] item: Leftovers\n|-damage|p2a: Kommo-o|66/354|[from] Salt Cure\n|-damage|p2a: Kommo-o|22/354|[from] move: Infestation|[partiallytrapped]\n|-damage|p2b: Venusaur|229/364|[from] move: Infestation|[partiallytrapped]\n|upkeep\n|turn|5\n|\n|t:|1732991277\n|switch|p1a: Scott Tennerman|Whimsicott, M|261/261\n|detailschange|p2b: Venusaur|Venusaur-Mega, F\n|-mega|p2b: Venusaur|Venusaur|Venusaurite\n|move|p2a: Kommo-o|Iron Head|p1b: Garganacl\n|-damage|p1b: Garganacl|228/404\n|move|p2b: Venusaur|Giga Drain|p1b: Garganacl\n|-damage|p1b: Garganacl|0 fnt\n|-heal|p2b: Venusaur|343/364|[from] drain|[of] p1b: Garganacl\n|faint|p1b: Garganacl\n|\n|-heal|p2a: Kommo-o|44/354|[from] item: Leftovers\n|-damage|p2a: Kommo-o|0 fnt|[from] Salt Cure\n|faint|p2a: Kommo-o\n|-end|p2b: Venusaur|Infestation|[partiallytrapped]\n|-fieldend|move: Psychic Terrain\n|upkeep\n|\n|t:|1732991359\n|switch|p2a: Indeedee|Indeedee-F, F|171/344 tox\n|switch|p1b: Cresselia|Cresselia, F|444/444\n|-damage|p2a: Indeedee|128/344 tox|[from] Stealth Rock\n|-fieldstart|move: Psychic Terrain|[from] ability: Psychic Surge|[of] p2a: Indeedee\n|turn|6\n|\n|t:|1732991374\n|move|p1a: Scott Tennerman|Tailwind|p1a: Scott Tennerman\n|-sidestart|p1: smokeydabearrr|move: Tailwind\n|move|p1b: Cresselia|Icy Wind|p2a: Indeedee|[spread] p2a,p2b\n|debug|Spread modifier: 0.75\n|debug|Thick Fat weaken\n|debug|Spread modifier: 0.75\n|-supereffective|p2b: Venusaur\n|-damage|p2a: Indeedee|104/344 tox\n|-damage|p2b: Venusaur|331/364\n|-unboost|p2a: Indeedee|spe|1\n|-unboost|p2b: Venusaur|spe|1\n|move|p2b: Venusaur|Sludge Bomb|p1a: Scott Tennerman\n|-supereffective|p1a: Scott Tennerman\n|-crit|p1a: Scott Tennerman\n|-enditem|p1a: Scott Tennerman|Focus Sash\n|-damage|p1a: Scott Tennerman|1/261\n|move|p2a: Indeedee|Psych Up|p2b: Venusaur\n|-copyboost|p2a: Indeedee|p2b: Venusaur|[from] move: Psych Up\n|\n|-damage|p2a: Indeedee|83/344 tox|[from] psn\n|upkeep\n|turn|7\n|\n|t:|1732991440\n|move|p1a: Scott Tennerman|Encore|p2a: Indeedee\n|-activate|p2a: Indeedee|move: Psychic Terrain\n|move|p1b: Cresselia|Calm Mind|p1b: Cresselia\n|-boost|p1b: Cresselia|spa|1\n|-boost|p1b: Cresselia|spd|1\n|move|p2a: Indeedee|Baton Pass|p2a: Indeedee\n|\n|t:|1732991462\n|switch|p2a: Volcanion|Volcanion|364/364|[from] Baton Pass\n|-damage|p2a: Volcanion|273/364|[from] Stealth Rock\n|move|p2b: Venusaur|Sludge Bomb|p1b: Cresselia\n|-damage|p1b: Cresselia|294/444\n|debug|Covert Cloak prevent secondary\n|\n|upkeep\n|turn|8\n|\n|t:|1732991492\n|move|p1a: Scott Tennerman|Dazzling Gleam|p2a: Volcanion|[spread] p2a,p2b\n|debug|Spread modifier: 0.75\n|-resisted|p2a: Volcanion\n|debug|Spread modifier: 0.75\n|-resisted|p2b: Venusaur\n|-damage|p2a: Volcanion|249/364\n|-damage|p2b: Venusaur|315/364\n|move|p1b: Cresselia|Icy Wind|p2b: Venusaur|[spread] p2a,p2b\n|debug|Spread modifier: 0.75\n|-resisted|p2a: Volcanion\n|debug|Thick Fat weaken\n|debug|Spread modifier: 0.75\n|-supereffective|p2b: Venusaur\n|-damage|p2a: Volcanion|244/364\n|-damage|p2b: Venusaur|297/364\n|-unboost|p2a: Volcanion|spe|1\n|-unboost|p2b: Venusaur|spe|1\n|move|p2b: Venusaur|Sludge Bomb|p1a: Scott Tennerman\n|-supereffective|p1a: Scott Tennerman\n|-damage|p1a: Scott Tennerman|0 fnt\n|faint|p1a: Scott Tennerman\n|move|p2a: Volcanion|Roar|p1b: Cresselia\n|drag|p1b: 2 for flinching|Dudunsparce-Three-Segment, M|401/401\n|\n|upkeep\n|\n|t:|1732991544\n|switch|p1a: Cresselia|Cresselia, F|294/444\n|turn|9\n|\n|t:|1732991570\n|move|p2b: Venusaur|Protect|p2b: Venusaur\n|-singleturn|p2b: Venusaur|Protect\n|move|p2a: Volcanion|Protect|p2a: Volcanion\n|-singleturn|p2a: Volcanion|Protect\n|move|p1a: Cresselia|Icy Wind|p2a: Volcanion|[spread] \n|-activate|p2a: Volcanion|move: Protect\n|-activate|p2b: Venusaur|move: Protect\n|debug|doubling secondary chance\n|move|p1b: 2 for flinching|Rock Slide|p2b: Venusaur|[spread] \n|-activate|p2a: Volcanion|move: Protect\n|-activate|p2b: Venusaur|move: Protect\n|\n|-sideend|p1: smokeydabearrr|move: Tailwind\n|upkeep\n|turn|10\n|\n|t:|1732991585\n|move|p1b: 2 for flinching|Protect|p1b: 2 for flinching\n|-singleturn|p1b: 2 for flinching|Protect\n|move|p1a: Cresselia|Icy Wind|p2b: Venusaur|[spread] p2a,p2b\n|debug|Spread modifier: 0.75\n|-resisted|p2a: Volcanion\n|debug|Thick Fat weaken\n|debug|Spread modifier: 0.75\n|-supereffective|p2b: Venusaur\n|-damage|p2a: Volcanion|241/364\n|-damage|p2b: Venusaur|285/364\n|-unboost|p2a: Volcanion|spe|1\n|-unboost|p2b: Venusaur|spe|1\n|move|p2b: Venusaur|Giga Drain|p1b: 2 for flinching\n|-activate|p1b: 2 for flinching|move: Protect\n|move|p2a: Volcanion|Heat Wave|p1b: 2 for flinching|[spread] p1a\n|-activate|p1b: 2 for flinching|move: Protect\n|debug|Spread modifier: 0.75\n|-damage|p1a: Cresselia|81/444\n|debug|Covert Cloak prevent secondary\n|\n|-fieldend|move: Psychic Terrain\n|upkeep\n|turn|11\n|\n|t:|1732991604\n|move|p1a: Cresselia|Icy Wind|p2a: Volcanion|[spread] p2b\n|-miss|p1a: Cresselia|p2a: Volcanion\n|debug|Thick Fat weaken\n|debug|Spread modifier: 0.75\n|-supereffective|p2b: Venusaur\n|-damage|p2b: Venusaur|273/364\n|-unboost|p2b: Venusaur|spe|1\n|debug|doubling secondary chance\n|move|p1b: 2 for flinching|Rock Slide|p2b: Venusaur|[spread] p2a,p2b\n|debug|Spread modifier: 0.75\n|-supereffective|p2a: Volcanion\n|debug|Spread modifier: 0.75\n|-damage|p2a: Volcanion|187/364\n|-damage|p2b: Venusaur|247/364\n|cant|p2a: Volcanion|flinch\n|move|p2b: Venusaur|Giga Drain|p1b: 2 for flinching\n|-damage|p1b: 2 for flinching|47/401\n|-heal|p2b: Venusaur|364/364|[from] drain|[of] p1b: 2 for flinching\n|-enditem|p1b: 2 for flinching|Aguav Berry|[eat]\n|-heal|p1b: 2 for flinching|180/401|[from] item: Aguav Berry\n|\n|upkeep\n|turn|12\n|\n|t:|1732991633\n|move|p1a: Cresselia|Lunar Blessing|p1a: Cresselia|[spread] p1a,p1b\n|-heal|p1a: Cresselia|192/444\n|-heal|p1b: 2 for flinching|280/401\n|debug|doubling secondary chance\n|move|p1b: 2 for flinching|Rock Slide|p2a: Volcanion|[spread] p2a,p2b\n|debug|Spread modifier: 0.75\n|-supereffective|p2a: Volcanion\n|debug|Spread modifier: 0.75\n|-damage|p2a: Volcanion|129/364\n|-damage|p2b: Venusaur|337/364\n|cant|p2a: Volcanion|flinch\n|move|p2b: Venusaur|Giga Drain|p1b: 2 for flinching\n|-damage|p1b: 2 for flinching|0 fnt\n|-heal|p2b: Venusaur|364/364|[from] drain|[of] p1b: 2 for flinching\n|faint|p1b: 2 for flinching\n|\n|upkeep\n|\n|t:|1732991654\n|switch|p1b: Toxapex|Toxapex, F|304/304\n|turn|13\n|\n|t:|1732991666\n|move|p1a: Cresselia|Icy Wind|p2b: Venusaur|[spread] p2a,p2b\n|debug|Spread modifier: 0.75\n|-resisted|p2a: Volcanion\n|debug|Thick Fat weaken\n|debug|Spread modifier: 0.75\n|-supereffective|p2b: Venusaur\n|-damage|p2a: Volcanion|125/364\n|-damage|p2b: Venusaur|352/364\n|-unboost|p2a: Volcanion|spe|1\n|-unboost|p2b: Venusaur|spe|1\n|move|p1b: Toxapex|Toxic|p2b: Venusaur\n|debug|natural status immunity\n|debug|immune to status\n|-immune|p2b: Venusaur\n|debug|move failed because it did nothing\n|move|p2a: Volcanion|Steam Eruption|p1a: Cresselia\n|-damage|p1a: Cresselia|0 fnt\n|debug|Covert Cloak prevent secondary\n|faint|p1a: Cresselia\n|move|p2b: Venusaur|Earth Power|p1b: Toxapex\n|-supereffective|p1b: Toxapex\n|-damage|p1b: Toxapex|12/304\n|-unboost|p1b: Toxapex|spd|1\n|\n|-heal|p1b: Toxapex|31/304|[from] item: Black Sludge\n|upkeep\n|\n|t:|1732991680\n|switch|p1a: Yurtle the Turtle?|Blastoise, M|362/362\n|turn|14\n|\n|t:|1732991687\n|move|p1a: Yurtle the Turtle?|Fake Out|p2b: Venusaur\n|-damage|p2b: Venusaur|340/364\n|move|p1b: Toxapex|Infestation|p2b: Venusaur\n|-damage|p2b: Venusaur|335/364\n|-activate|p2b: Venusaur|move: Infestation|[of] p1b: Toxapex\n|move|p2a: Volcanion|Steam Eruption|p1a: Yurtle the Turtle?\n|-resisted|p1a: Yurtle the Turtle?\n|-damage|p1a: Yurtle the Turtle?|149/362\n|-status|p1a: Yurtle the Turtle?|brn\n|cant|p2b: Venusaur|flinch\n|\n|-heal|p1b: Toxapex|50/304|[from] item: Black Sludge\n|-damage|p1a: Yurtle the Turtle?|127/362 brn|[from] brn\n|-damage|p2b: Venusaur|290/364|[from] move: Infestation|[partiallytrapped]\n|upkeep\n|turn|15\n|\n|t:|1732991704\n|move|p1a: Yurtle the Turtle?|Life Dew|p1a: Yurtle the Turtle?|[spread] p1a,p1b\n|-heal|p1a: Yurtle the Turtle?|218/362 brn\n|-heal|p1b: Toxapex|126/304\n|move|p1b: Toxapex|Recover|p1b: Toxapex\n|-heal|p1b: Toxapex|278/304\n|move|p2a: Volcanion|Heat Wave|p1a: Yurtle the Turtle?|[spread] p1a,p1b\n|debug|Spread modifier: 0.75\n|-resisted|p1a: Yurtle the Turtle?\n|debug|Spread modifier: 0.75\n|-resisted|p1b: Toxapex\n|-damage|p1a: Yurtle the Turtle?|74/362 brn\n|-damage|p1b: Toxapex|158/304\n|-enditem|p1a: Yurtle the Turtle?|Mago Berry|[eat]\n|-heal|p1a: Yurtle the Turtle?|194/362 brn|[from] item: Mago Berry\n|move|p2b: Venusaur|Giga Drain|p1a: Yurtle the Turtle?\n|-supereffective|p1a: Yurtle the Turtle?\n|-damage|p1a: Yurtle the Turtle?|0 fnt\n|-heal|p2b: Venusaur|364/364|[from] drain|[of] p1a: Yurtle the Turtle?\n|faint|p1a: Yurtle the Turtle?\n|\n|-heal|p1b: Toxapex|177/304|[from] item: Black Sludge\n|-damage|p2b: Venusaur|319/364|[from] move: Infestation|[partiallytrapped]\n|upkeep\n|turn|16\n|\n|t:|1732991729\n|move|p1b: Toxapex|Infestation|p2a: Volcanion\n|-resisted|p2a: Volcanion\n|-damage|p2a: Volcanion|122/364\n|-activate|p2a: Volcanion|move: Infestation|[of] p1b: Toxapex\n|move|p2a: Volcanion|Steam Eruption|p1b: Toxapex\n|-resisted|p1b: Toxapex\n|-damage|p1b: Toxapex|0 fnt\n|faint|p1b: Toxapex\n|\n|win|Mattmandaman\n","uploadtime":1732991740,"views":"42","formatid":"gen9doublescustomgame","rating":null,"private":0,"password":null}