{"id":"gen9doublescustomgame-2089963360","format":"[Gen 9] Doubles Custom Game","players":["smokeydabearrr","je64"],"log":"|j|☆smokeydabearrr\n|j|☆je64\n|t:|1711505009\n|gametype|doubles\n|player|p1|smokeydabearrr|265|\n|player|p2|je64|2|\n|teamsize|p1|6\n|teamsize|p2|6\n|gen|9\n|tier|[Gen 9] Doubles Custom Game\n|clearpoke\n|poke|p1|Cresselia, F|\n|poke|p1|Rillaboom, F|\n|poke|p1|Whimsicott, F|\n|poke|p1|Charizard, F|\n|poke|p1|Walking Wake|\n|poke|p1|Gouging Fire|\n|poke|p2|Mew|\n|poke|p2|Amoonguss, M|\n|poke|p2|Tornadus, M|\n|poke|p2|Zeraora|\n|poke|p2|Flutter Mane|\n|poke|p2|Chi-Yu|\n|teampreview\n|j| mistermoscow\n|j| mattmandaman\n|\n|t:|1711505122\n|start\n|switch|p1a: Scott|Whimsicott, F|261/261\n|switch|p1b: NOT a Dragon|Charizard, F|297/297\n|switch|p2a: Dragonball Durag|Zeraora|318/318\n|switch|p2b: Gucci Mane|Flutter Mane|252/252\n|turn|1\n|\n|t:|1711505140\n|detailschange|p1b: NOT a Dragon|Charizard-Mega-Y, F\n|-mega|p1b: NOT a Dragon|Charizard|Charizardite Y\n|-weather|SunnyDay|[from] ability: Drought|[of] p1b: NOT a Dragon\n|-activate|p2b: Gucci Mane|ability: Protosynthesis\n|-start|p2b: Gucci Mane|protosynthesisspe\n|-terastallize|p1a: Scott|Ghost\n|debug|Protosynthesis spe boost\n|debug|Protosynthesis spe boost\n|move|p1b: NOT a Dragon|Protect|p1b: NOT a Dragon\n|-singleturn|p1b: NOT a Dragon|Protect\n|debug|Protosynthesis spe boost\n|debug|Protosynthesis spe boost\n|move|p2a: Dragonball Durag|Fake Out|p1b: NOT a Dragon\n|-activate|p1b: NOT a Dragon|move: Protect\n|debug|Protosynthesis spe boost\n|debug|Protosynthesis spe boost\n|move|p1a: Scott|Tailwind|p1a: Scott\n|-sidestart|p1: smokeydabearrr|move: Tailwind\n|debug|Protosynthesis spe boost\n|debug|Protosynthesis spe boost\n|move|p2b: Gucci Mane|Calm Mind|p2b: Gucci Mane\n|-boost|p2b: Gucci Mane|spa|1\n|-boost|p2b: Gucci Mane|spd|1\n|\n|debug|Protosynthesis spe boost\n|-weather|SunnyDay|[upkeep]\n|upkeep\n|turn|2\n|debug|Protosynthesis spe boost\n|debug|Protosynthesis spe boost\n|\n|t:|1711505209\n|debug|Protosynthesis spe boost\n|debug|Protosynthesis spe boost\n|move|p1a: Scott|Protect|p1a: Scott\n|-singleturn|p1a: Scott|Protect\n|debug|Protosynthesis spe boost\n|debug|Protosynthesis spe boost\n|move|p2b: Gucci Mane|Protect|p2b: Gucci Mane\n|-singleturn|p2b: Gucci Mane|Protect\n|debug|Protosynthesis spe boost\n|move|p1b: NOT a Dragon|Scorching Sands|p2a: Dragonball Durag\n|-supereffective|p2a: Dragonball Durag\n|-damage|p2a: Dragonball Durag|72/318\n|-enditem|p2a: Dragonball Durag|Sitrus Berry|[eat]\n|-heal|p2a: Dragonball Durag|151/318|[from] item: Sitrus Berry\n|debug|Protosynthesis spe boost\n|move|p2a: Dragonball Durag|Electroweb|p1b: NOT a Dragon|[spread] p1b\n|-activate|p1a: Scott|move: Protect\n|debug|Spread modifier: 0.75\n|-supereffective|p1b: NOT a Dragon\n|-damage|p1b: NOT a Dragon|189/297\n|-unboost|p1b: NOT a Dragon|spe|1\n|\n|debug|Protosynthesis spe boost\n|-weather|SunnyDay|[upkeep]\n|upkeep\n|turn|3\n|debug|Protosynthesis spe boost\n|debug|Protosynthesis spe boost\n|\n|t:|1711505269\n|switch|p1a: WAKE ME UP INSIDE|Walking Wake|339/339\n|-activate|p1a: WAKE ME UP INSIDE|ability: Protosynthesis\n|-start|p1a: WAKE ME UP INSIDE|protosynthesisspe\n|debug|Protosynthesis spe boost\n|debug|Protosynthesis spe boost\n|debug|Protosynthesis spe boost\n|move|p2b: Gucci Mane|Dazzling Gleam|p1b: NOT a Dragon|[spread] p1a,p1b\n|debug|Spread modifier: 0.75\n|-supereffective|p1a: WAKE ME UP INSIDE\n|debug|Spread modifier: 0.75\n|-resisted|p1b: NOT a Dragon\n|-damage|p1a: WAKE ME UP INSIDE|0 fnt\n|-damage|p1b: NOT a Dragon|111/297\n|faint|p1a: WAKE ME UP INSIDE\n|-end|p1a: WAKE ME UP INSIDE|Protosynthesis|[silent]\n|debug|Protosynthesis spe boost\n|move|p1b: NOT a Dragon|Heat Wave|p2b: Gucci Mane|[spread] p2a,p2b\n|debug|Spread modifier: 0.75\n|debug|Sunny Day fire boost\n|debug|Spread modifier: 0.75\n|debug|Sunny Day fire boost\n|-damage|p2a: Dragonball Durag|0 fnt\n|-damage|p2b: Gucci Mane|137/252\n|faint|p2a: Dragonball Durag\n|debug|Protosynthesis spe boost\n|\n|debug|Protosynthesis spe boost\n|-weather|SunnyDay|[upkeep]\n|upkeep\n|debug|Protosynthesis spe boost\n|\n|t:|1711505299\n|switch|p2a: Ditto's Daddy|Mew|404/404\n|switch|p1a: Scott|Whimsicott, F, tera:Ghost|261/261\n|turn|4\n|debug|Protosynthesis spe boost\n|debug|Protosynthesis spe boost\n|\n|t:|1711505348\n|debug|Protosynthesis spe boost\n|debug|Protosynthesis spe boost\n|move|p1a: Scott|Taunt|p2a: Ditto's Daddy\n|-start|p2a: Ditto's Daddy|move: Taunt\n|debug|Protosynthesis spe boost\n|debug|Protosynthesis spe boost\n|move|p2b: Gucci Mane|Calm Mind|p2b: Gucci Mane\n|-boost|p2b: Gucci Mane|spa|1\n|-boost|p2b: Gucci Mane|spd|1\n|debug|Protosynthesis spe boost\n|move|p1b: NOT a Dragon|Heat Wave|p2b: Gucci Mane|[spread] p2a,p2b\n|debug|Spread modifier: 0.75\n|debug|Sunny Day fire boost\n|debug|Spread modifier: 0.75\n|debug|Sunny Day fire boost\n|-damage|p2a: Ditto's Daddy|226/404\n|-damage|p2b: Gucci Mane|53/252\n|-status|p2a: Ditto's Daddy|brn\n|-activate|p2a: Ditto's Daddy|ability: Synchronize\n|debug|natural status immunity\n|debug|immune to status\n|-immune|p1b: NOT a Dragon\n|debug|Protosynthesis spe boost\n|cant|p2a: Ditto's Daddy|move: Taunt|Cosmic Power\n|\n|debug|Protosynthesis spe boost\n|-weather|SunnyDay|[upkeep]\n|-heal|p2a: Ditto's Daddy|251/404 brn|[from] item: Leftovers\n|-damage|p2a: Ditto's Daddy|226/404 brn|[from] brn\n|-sideend|p1: smokeydabearrr|move: Tailwind\n|upkeep\n|turn|5\n|debug|Protosynthesis spe boost\n|debug|Protosynthesis spe boost\n|\n|t:|1711505392\n|switch|p2a: Torn Anus|Tornadus, M|299/299\n|debug|Protosynthesis spe boost\n|debug|Protosynthesis spe boost\n|move|p1a: Scott|Tailwind|p1a: Scott\n|-sidestart|p1: smokeydabearrr|move: Tailwind\n|debug|Protosynthesis spe boost\n|debug|Protosynthesis spe boost\n|move|p2b: Gucci Mane|Dazzling Gleam|p1b: NOT a Dragon|[spread] p1a,p1b\n|debug|Spread modifier: 0.75\n|debug|Spread modifier: 0.75\n|-resisted|p1b: NOT a Dragon\n|-enditem|p1a: Scott|Focus Sash\n|-damage|p1a: Scott|1/261\n|-damage|p1b: NOT a Dragon|13/297\n|debug|Protosynthesis spe boost\n|move|p1b: NOT a Dragon|Heat Wave|p2b: Gucci Mane|[spread] p2a,p2b\n|debug|Spread modifier: 0.75\n|debug|Sunny Day fire boost\n|debug|Spread modifier: 0.75\n|debug|Sunny Day fire boost\n|-damage|p2a: Torn Anus|38/299\n|-damage|p2b: Gucci Mane|0 fnt\n|debug|Covert Cloak prevent secondary\n|faint|p2b: Gucci Mane\n|-end|p2b: Gucci Mane|Protosynthesis|[silent]\n|\n|-weather|none\n|upkeep\n|\n|t:|1711505427\n|switch|p2b: Ditto's Daddy|Mew|226/404 brn\n|turn|6\n|\n|t:|1711505470\n|-terastallize|p2b: Ditto's Daddy|Dark\n|move|p2a: Torn Anus|Protect|p2a: Torn Anus\n|-singleturn|p2a: Torn Anus|Protect\n|move|p1a: Scott|Taunt|p2b: Ditto's Daddy\n|debug|natural prankster immunity\n|-hint|Since gen 7, Dark is immune to Prankster moves.\n|-immune|p2b: Ditto's Daddy\n|move|p1b: NOT a Dragon|Heat Wave|p2a: Torn Anus|[spread] p2b\n|-activate|p2a: Torn Anus|move: Protect\n|debug|Spread modifier: 0.75\n|-damage|p2b: Ditto's Daddy|105/404 brn\n|move|p2b: Ditto's Daddy|Cosmic Power|p2b: Ditto's Daddy\n|-boost|p2b: Ditto's Daddy|def|1\n|-boost|p2b: Ditto's Daddy|spd|1\n|\n|-heal|p2b: Ditto's Daddy|130/404 brn|[from] item: Leftovers\n|-damage|p2b: Ditto's Daddy|105/404 brn|[from] brn\n|upkeep\n|turn|7\n|\n|t:|1711505533\n|switch|p1b: Boom Boom Pow|Rillaboom, F|341/341\n|-fieldstart|move: Grassy Terrain|[from] ability: Grassy Surge|[of] p1b: Boom Boom Pow\n|move|p2a: Torn Anus|Tailwind|p2a: Torn Anus\n|-sidestart|p2: je64|move: Tailwind\n|move|p1a: Scott|Moonblast|p2a: Torn Anus\n|-damage|p2a: Torn Anus|0 fnt\n|debug|Covert Cloak prevent secondary\n|faint|p2a: Torn Anus\n|move|p2b: Ditto's Daddy|Soft-Boiled|p2b: Ditto's Daddy\n|-heal|p2b: Ditto's Daddy|307/404 brn\n|\n|-heal|p1a: Scott|17/261|[from] Grassy Terrain\n|-heal|p2b: Ditto's Daddy|332/404 brn|[from] Grassy Terrain\n|-heal|p2b: Ditto's Daddy|357/404 brn|[from] item: Leftovers\n|-damage|p2b: Ditto's Daddy|332/404 brn|[from] brn\n|upkeep\n|\n|t:|1711505550\n|switch|p2a: Shi-Yu In Hell|Chi-Yu|252/252\n|-ability|p2a: Shi-Yu In Hell|Beads of Ruin\n|turn|8\n|\n|t:|1711505609\n|switch|p1a: Vag??|Cresselia, F|440/440\n|move|p1b: Boom Boom Pow|Fake Out|p2a: Shi-Yu In Hell\n|-damage|p2a: Shi-Yu In Hell|188/252\n|cant|p2a: Shi-Yu In Hell|flinch\n|move|p2b: Ditto's Daddy|Cosmic Power|p2b: Ditto's Daddy\n|-boost|p2b: Ditto's Daddy|def|1\n|-boost|p2b: Ditto's Daddy|spd|1\n|\n|-heal|p2a: Shi-Yu In Hell|203/252|[from] Grassy Terrain\n|-heal|p2b: Ditto's Daddy|357/404 brn|[from] Grassy Terrain\n|-heal|p2b: Ditto's Daddy|382/404 brn|[from] item: Leftovers\n|debug|Pokemon semi-invuln or not grounded; Grassy Terrain skipped\n|-damage|p2b: Ditto's Daddy|357/404 brn|[from] brn\n|-sideend|p1: smokeydabearrr|move: Tailwind\n|upkeep\n|turn|9\n|\n|t:|1711505665\n|switch|p1a: NOT a Dragon|Charizard-Mega-Y, F|13/297\n|-weather|SunnyDay|[from] ability: Drought|[of] p1a: NOT a Dragon\n|move|p1b: Boom Boom Pow|Grassy Glide|p2b: Ditto's Daddy\n|debug|grassy terrain boost\n|-damage|p2b: Ditto's Daddy|299/404 brn\n|move|p2a: Shi-Yu In Hell|Dark Pulse|p1a: NOT a Dragon\n|debug|Beads of Ruin SpD drop\n|-crit|p1a: NOT a Dragon\n|-damage|p1a: NOT a Dragon|0 fnt\n|debug|move failed because it did nothing\n|faint|p1a: NOT a Dragon\n|move|p2b: Ditto's Daddy|Cosmic Power|p2b: Ditto's Daddy\n|-boost|p2b: Ditto's Daddy|def|1\n|-boost|p2b: Ditto's Daddy|spd|1\n|\n|-weather|SunnyDay|[upkeep]\n|-heal|p2a: Shi-Yu In Hell|218/252|[from] Grassy Terrain\n|-heal|p2b: Ditto's Daddy|324/404 brn|[from] Grassy Terrain\n|-heal|p2b: Ditto's Daddy|349/404 brn|[from] item: Leftovers\n|-damage|p2b: Ditto's Daddy|324/404 brn|[from] brn\n|upkeep\n|\n|t:|1711505707\n|switch|p1a: Scott|Whimsicott, F, tera:Ghost|17/261\n|turn|10\n|\n|t:|1711505728\n|switch|p2a: Mr. Sneezy|Amoonguss, M|428/428\n|move|p1a: Scott|Tailwind|p1a: Scott\n|-sidestart|p1: smokeydabearrr|move: Tailwind\n|move|p2b: Ditto's Daddy|Cosmic Power|p2b: Ditto's Daddy\n|-boost|p2b: Ditto's Daddy|def|1\n|-boost|p2b: Ditto's Daddy|spd|1\n|move|p1b: Boom Boom Pow|U-turn|p2b: Ditto's Daddy\n|-supereffective|p2b: Ditto's Daddy\n|-damage|p2b: Ditto's Daddy|280/404 brn\n|\n|t:|1711505747\n|switch|p1b: Fiyaaa Muffin|Gouging Fire|351/351|[from] U-turn\n|-activate|p1b: Fiyaaa Muffin|ability: Protosynthesis\n|-start|p1b: Fiyaaa Muffin|protosynthesisspe\n|\n|debug|Protosynthesis spe boost\n|-weather|SunnyDay|[upkeep]\n|-heal|p1a: Scott|33/261|[from] Grassy Terrain\n|-heal|p2b: Ditto's Daddy|305/404 brn|[from] Grassy Terrain\n|-heal|p2b: Ditto's Daddy|330/404 brn|[from] item: Leftovers\n|-damage|p2b: Ditto's Daddy|305/404 brn|[from] brn\n|-sideend|p2: je64|move: Tailwind\n|upkeep\n|turn|11\n|debug|Protosynthesis spe boost\n|debug|Protosynthesis spe boost\n|\n|t:|1711505804\n|debug|Protosynthesis spe boost\n|debug|Protosynthesis spe boost\n|move|p2a: Mr. Sneezy|Rage Powder|p2a: Mr. Sneezy\n|-singleturn|p2a: Mr. Sneezy|move: Rage Powder\n|debug|Protosynthesis spe boost\n|debug|Protosynthesis spe boost\n|move|p1b: Fiyaaa Muffin|Heat Crash|p2a: Mr. Sneezy\n|debug|Rage Powder redirected target of move\n|debug|BP: 120\n|debug|Sunny Day fire boost\n|-supereffective|p2a: Mr. Sneezy\n|-damage|p2a: Mr. Sneezy|0 fnt\n|-damage|p1b: Fiyaaa Muffin|293/351|[from] item: Rocky Helmet|[of] p2a: Mr. Sneezy\n|faint|p2a: Mr. Sneezy\n|debug|Protosynthesis spe boost\n|move|p1a: Scott|Moonblast|p2b: Ditto's Daddy\n|-supereffective|p2b: Ditto's Daddy\n|-damage|p2b: Ditto's Daddy|227/404 brn\n|debug|Protosynthesis spe boost\n|move|p2b: Ditto's Daddy|Cosmic Power|p2b: Ditto's Daddy\n|-boost|p2b: Ditto's Daddy|def|1\n|-boost|p2b: Ditto's Daddy|spd|1\n|\n|debug|Protosynthesis spe boost\n|-weather|SunnyDay|[upkeep]\n|-heal|p1b: Fiyaaa Muffin|314/351|[from] Grassy Terrain\n|-heal|p1a: Scott|49/261|[from] Grassy Terrain\n|-heal|p2b: Ditto's Daddy|252/404 brn|[from] Grassy Terrain\n|-heal|p2b: Ditto's Daddy|277/404 brn|[from] item: Leftovers\n|-damage|p2b: Ditto's Daddy|252/404 brn|[from] brn\n|-fieldend|move: Grassy Terrain\n|upkeep\n|debug|Protosynthesis spe boost\n|\n|t:|1711505822\n|switch|p2a: Shi-Yu In Hell|Chi-Yu|218/252\n|-ability|p2a: Shi-Yu In Hell|Beads of Ruin\n|turn|12\n|debug|Protosynthesis spe boost\n|debug|Protosynthesis spe boost\n|\n|t:|1711505864\n|debug|Protosynthesis spe boost\n|debug|Protosynthesis spe boost\n|move|p1b: Fiyaaa Muffin|Heat Crash|p2b: Ditto's Daddy\n|debug|BP: 120\n|debug|Sunny Day fire boost\n|-damage|p2b: Ditto's Daddy|185/404 brn\n|debug|Protosynthesis spe boost\n|move|p1a: Scott|Moonblast|p2b: Ditto's Daddy\n|debug|Beads of Ruin SpD drop\n|-supereffective|p2b: Ditto's Daddy\n|-damage|p2b: Ditto's Daddy|93/404 brn\n|debug|Protosynthesis spe boost\n|move|p2a: Shi-Yu In Hell|Dark Pulse|p1b: Fiyaaa Muffin\n|debug|Beads of Ruin SpD drop\n|-damage|p1b: Fiyaaa Muffin|20/351\n|debug|Covert Cloak prevent secondary\n|debug|Protosynthesis spe boost\n|move|p2b: Ditto's Daddy|Soft-Boiled|p2b: Ditto's Daddy\n|-heal|p2b: Ditto's Daddy|295/404 brn\n|\n|debug|Protosynthesis spe boost\n|-weather|SunnyDay|[upkeep]\n|-heal|p2b: Ditto's Daddy|320/404 brn|[from] item: Leftovers\n|-damage|p2b: Ditto's Daddy|295/404 brn|[from] brn\n|upkeep\n|turn|13\n|debug|Protosynthesis spe boost\n|debug|Protosynthesis spe boost\n|\n|t:|1711505907\n|debug|Protosynthesis spe boost\n|debug|Protosynthesis spe boost\n|move|p1b: Fiyaaa Muffin|Heat Crash|p2b: Ditto's Daddy\n|debug|BP: 120\n|debug|Sunny Day fire boost\n|-damage|p2b: Ditto's Daddy|235/404 brn\n|debug|Protosynthesis spe boost\n|move|p1a: Scott|Moonblast|p2b: Ditto's Daddy\n|debug|Beads of Ruin SpD drop\n|-supereffective|p2b: Ditto's Daddy\n|-damage|p2b: Ditto's Daddy|139/404 brn\n|debug|Protosynthesis spe boost\n|move|p2a: Shi-Yu In Hell|Dark Pulse|p1b: Fiyaaa Muffin\n|debug|Beads of Ruin SpD drop\n|-damage|p1b: Fiyaaa Muffin|0 fnt\n|debug|Covert Cloak prevent secondary\n|faint|p1b: Fiyaaa Muffin\n|-end|p1b: Fiyaaa Muffin|Protosynthesis|[silent]\n|move|p2b: Ditto's Daddy|Soft-Boiled|p2b: Ditto's Daddy\n|-heal|p2b: Ditto's Daddy|341/404 brn\n|\n|-weather|none\n|-heal|p2b: Ditto's Daddy|366/404 brn|[from] item: Leftovers\n|-damage|p2b: Ditto's Daddy|341/404 brn|[from] brn\n|-sideend|p1: smokeydabearrr|move: Tailwind\n|upkeep\n|\n|t:|1711505923\n|switch|p1b: Vag??|Cresselia, F|440/440\n|turn|14\n|\n|t:|1711505943\n|move|p1a: Scott|Tailwind|p1a: Scott\n|-sidestart|p1: smokeydabearrr|move: Tailwind\n|move|p1b: Vag??|Toxic|p2a: Shi-Yu In Hell\n|-status|p2a: Shi-Yu In Hell|tox\n|move|p2a: Shi-Yu In Hell|Dark Pulse|p1b: Vag??\n|debug|Beads of Ruin SpD drop\n|-supereffective|p1b: Vag??\n|-damage|p1b: Vag??|0 fnt\n|faint|p1b: Vag??\n|move|p2b: Ditto's Daddy|Stored Power|p1a: Scott\n|debug|BP: 220\n|debug|Beads of Ruin SpD drop\n|-damage|p1a: Scott|0 fnt\n|faint|p1a: Scott\n|\n|-heal|p2b: Ditto's Daddy|366/404 brn|[from] item: Leftovers\n|-damage|p2a: Shi-Yu In Hell|203/252 tox|[from] psn\n|-damage|p2b: Ditto's Daddy|341/404 brn|[from] brn\n|upkeep\n|\n|t:|1711505958\n|switch|p1b: Boom Boom Pow|Rillaboom, F|341/341\n|-fieldstart|move: Grassy Terrain|[from] ability: Grassy Surge|[of] p1b: Boom Boom Pow\n|turn|15\n|\n|t:|1711505969\n|move|p1b: Boom Boom Pow|High Horsepower|p2a: Shi-Yu In Hell\n|-supereffective|p2a: Shi-Yu In Hell\n|-damage|p2a: Shi-Yu In Hell|0 fnt\n|faint|p2a: Shi-Yu In Hell\n|move|p2b: Ditto's Daddy|Stored Power|p1b: Boom Boom Pow\n|debug|BP: 220\n|-damage|p1b: Boom Boom Pow|139/341\n|\n|-heal|p1b: Boom Boom Pow|160/341|[from] Grassy Terrain\n|-heal|p2b: Ditto's Daddy|366/404 brn|[from] Grassy Terrain\n|-heal|p2b: Ditto's Daddy|391/404 brn|[from] item: Leftovers\n|-damage|p2b: Ditto's Daddy|366/404 brn|[from] brn\n|upkeep\n|turn|16\n|\n|t:|1711506010\n|move|p1b: Boom Boom Pow|U-turn|p2b: Ditto's Daddy\n|-supereffective|p2b: Ditto's Daddy\n|-damage|p2b: Ditto's Daddy|326/404 brn\n|move|p2b: Ditto's Daddy|Stored Power|p1b: Boom Boom Pow\n|debug|BP: 220\n|-damage|p1b: Boom Boom Pow|0 fnt\n|faint|p1b: Boom Boom Pow\n|\n|win|je64\n|l| mistermoscow\n","uploadtime":1711506016,"views":"28","formatid":"gen9doublescustomgame","rating":null,"private":0,"password":null}