{"id":"gen9doublescustomgame-2295920346","format":"[Gen 9] Doubles Custom Game","players":["je64","mistermoscow"],"log":"|j|☆je64\n|j|☆mistermoscow\n|t:|1738892042\n|gametype|doubles\n|player|p1|je64|170|\n|player|p2|mistermoscow|alder|\n|teamsize|p1|6\n|teamsize|p2|6\n|gen|9\n|tier|[Gen 9] Doubles Custom Game\n|clearpoke\n|poke|p1|Dugtrio, M|\n|poke|p1|Dodrio, M|\n|poke|p1|Dewgong, M|\n|poke|p1|Exeggutor, F|\n|poke|p1|Electabuzz, F|\n|poke|p1|Magmar, F|\n|poke|p2|Nidoking, M|\n|poke|p2|Exeggutor, M|\n|poke|p2|Mr. Mime, F|\n|poke|p2|Jolteon, M|\n|poke|p2|Snorlax, M|\n|poke|p2|Dragonite, M|\n|teampreview\n|\n|t:|1738892149\n|start\n|switch|p1a: Shai-Hulud|Dugtrio, M|212/212\n|switch|p1b: Dude Thong|Dewgong, M|384/384\n|switch|p2a: King Nido|Nidoking, M|304/304\n|switch|p2b: Sparky|Jolteon, M|272/272\n|turn|1\n|\n|t:|1738892190\n|move|p1b: Dude Thong|Fake Out|p2b: Sparky\n|-damage|p2b: Sparky|238/272\n|move|p2a: King Nido|Ice Beam|p1a: Shai-Hulud\n|-supereffective|p1a: Shai-Hulud\n|-enditem|p1a: Shai-Hulud|Focus Sash\n|-damage|p1a: Shai-Hulud|1/212\n|cant|p2b: Sparky|flinch\n|move|p1a: Shai-Hulud|Dig||[still]\n|-prepare|p1a: Shai-Hulud|Dig\n|\n|upkeep\n|turn|2\n|\n|t:|1738892243\n|switch|p1b: Buzz Lightyear|Electabuzz, F|334/334\n|move|p2a: King Nido|Ice Beam|p1a: Shai-Hulud|[miss]\n|-miss|p2a: King Nido|p1a: Shai-Hulud\n|move|p2b: Sparky|Volt Switch|p1b: Buzz Lightyear\n|-resisted|p1b: Buzz Lightyear\n|-damage|p1b: Buzz Lightyear|298/334\n|\n|t:|1738892259\n|switch|p2b: Puff Daddy|Dragonite, M|324/324|[from] Volt Switch\n|move|p1a: Shai-Hulud|Dig|p2a: King Nido|[from] lockedmove\n|-supereffective|p2a: King Nido\n|-damage|p2a: King Nido|0 fnt\n|faint|p2a: King Nido\n|\n|upkeep\n|\n|t:|1738892277\n|switch|p2a: Mrs. Mr. Mime|Mr. Mime, F|284/284\n|turn|3\n|\n|t:|1738892302\n|move|p1b: Buzz Lightyear|Follow Me|p1b: Buzz Lightyear\n|-singleturn|p1b: Buzz Lightyear|move: Follow Me\n|move|p1a: Shai-Hulud|Swords Dance|p1a: Shai-Hulud\n|-boost|p1a: Shai-Hulud|atk|2\n|move|p2b: Puff Daddy|Dragon Dance|p2b: Puff Daddy\n|-boost|p2b: Puff Daddy|atk|1\n|-boost|p2b: Puff Daddy|spe|1\n|move|p2a: Mrs. Mr. Mime|Psychic Terrain|p2a: Mrs. Mr. Mime\n|-fieldstart|move: Psychic Terrain\n|\n|upkeep\n|turn|4\n|\n|t:|1738892330\n|move|p2b: Puff Daddy|Dragon Claw|p1a: Shai-Hulud\n|-damage|p1a: Shai-Hulud|0 fnt\n|faint|p1a: Shai-Hulud\n|move|p1b: Buzz Lightyear|Electroweb|p2b: Puff Daddy|[spread] p2a,p2b\n|debug|Spread modifier: 0.75\n|debug|Spread modifier: 0.75\n|debug|Multiscale weaken\n|-damage|p2a: Mrs. Mr. Mime|245/284\n|-damage|p2b: Puff Daddy|300/324\n|-unboost|p2a: Mrs. Mr. Mime|spe|1\n|debug|Covert Cloak prevent secondary\n|move|p2a: Mrs. Mr. Mime|Teleport|p2a: Mrs. Mr. Mime\n|\n|t:|1738892353\n|switch|p2a: Sparky|Jolteon, M|238/272|[from] Teleport\n|\n|upkeep\n|\n|t:|1738892373\n|switch|p1a: Myagmar|Magmar, F|334/334\n|turn|5\n|\n|t:|1738892392\n|move|p2a: Sparky|Sunny Day|p2a: Sparky\n|-weather|SunnyDay\n|move|p2b: Puff Daddy|Dragon Claw|p1a: Myagmar\n|-damage|p1a: Myagmar|171/334\n|move|p1b: Buzz Lightyear|Volt Switch|p2b: Puff Daddy\n|-damage|p2b: Puff Daddy|224/324\n|\n|t:|1738892406\n|switch|p1b: San Ti Ren 三体人|Exeggutor, F|332/332|[from] Volt Switch\n|move|p1a: Myagmar|Will-O-Wisp|p2b: Puff Daddy\n|-status|p2b: Puff Daddy|brn\n|\n|-weather|SunnyDay|[upkeep]\n|-damage|p2b: Puff Daddy|204/324 brn|[from] brn\n|upkeep\n|turn|6\n|\n|t:|1738892450\n|switch|p2b: Mrs. Mr. Mime|Mr. Mime, F|245/284\n|switch|p1a: Buzz Lightyear|Electabuzz, F|298/334\n|move|p1b: San Ti Ren 三体人|Psychic|p2b: Mrs. Mr. Mime\n|debug|psychic terrain boost\n|-resisted|p2b: Mrs. Mr. Mime\n|-crit|p2b: Mrs. Mr. Mime\n|-damage|p2b: Mrs. Mr. Mime|124/284\n|move|p2a: Sparky|Signal Beam|p1b: San Ti Ren 三体人\n|-supereffective|p1b: San Ti Ren 三体人\n|-crit|p1b: San Ti Ren 三体人\n|-damage|p1b: San Ti Ren 三体人|0 fnt\n|faint|p1b: San Ti Ren 三体人\n|\n|-weather|SunnyDay|[upkeep]\n|upkeep\n|\n|t:|1738892478\n|switch|p1b: Dude Thong|Dewgong, M|384/384\n|turn|7\n|\n|t:|1738892507\n|move|p1b: Dude Thong|Fake Out|p2a: Sparky\n|-activate|p2a: Sparky|move: Psychic Terrain\n|move|p2a: Sparky|Volt Switch|p1b: Dude Thong\n|-supereffective|p1b: Dude Thong\n|-damage|p1b: Dude Thong|222/384\n|\n|t:|1738892513\n|switch|p2a: Eggman|Exeggutor, M|332/332|[from] Volt Switch\n|move|p1a: Buzz Lightyear|Volt Switch|p2b: Mrs. Mr. Mime\n|-damage|p2b: Mrs. Mr. Mime|63/284\n|\n|t:|1738892549\n|switch|p1a: El Chupacabra|Dodrio, M|262/262|[from] Volt Switch\n|move|p2b: Mrs. Mr. Mime|Expanding Force|p1a: El Chupacabra|[spread] p1a,p1b\n|debug|psychic terrain boost\n|debug|terrain buff\n|debug|Spread modifier: 0.75\n|debug|psychic terrain boost\n|debug|terrain buff\n|debug|Spread modifier: 0.75\n|-damage|p1a: El Chupacabra|58/262\n|-damage|p1b: Dude Thong|125/384\n|\n|-weather|SunnyDay|[upkeep]\n|upkeep\n|turn|8\n|\n|t:|1738892580\n|move|p2a: Eggman|Expanding Force|p1b: Dude Thong|[spread] p1a,p1b\n|debug|psychic terrain boost\n|debug|terrain buff\n|debug|Spread modifier: 0.75\n|-crit|p1a: El Chupacabra\n|debug|psychic terrain boost\n|debug|terrain buff\n|debug|Spread modifier: 0.75\n|-damage|p1a: El Chupacabra|0 fnt\n|-damage|p1b: Dude Thong|0 fnt\n|faint|p1a: El Chupacabra\n|faint|p1b: Dude Thong\n|-damage|p2a: Eggman|299/332|[from] item: Life Orb\n|move|p2b: Mrs. Mr. Mime|Teleport|p2b: Mrs. Mr. Mime\n|\n|t:|1738892594\n|switch|p2b: Snax|Snorlax, M|462/462|[from] Teleport\n|\n|-weather|SunnyDay|[upkeep]\n|upkeep\n|\n|t:|1738892598\n|switch|p1a: Buzz Lightyear|Electabuzz, F|298/334\n|switch|p1b: Myagmar|Magmar, F|171/334\n|turn|9\n|\n|t:|1738892612\n|move|p2a: Eggman|Expanding Force|p1a: Buzz Lightyear|[spread] p1a,p1b\n|debug|psychic terrain boost\n|debug|terrain buff\n|debug|Spread modifier: 0.75\n|debug|psychic terrain boost\n|debug|terrain buff\n|debug|Spread modifier: 0.75\n|-damage|p1a: Buzz Lightyear|102/334\n|-damage|p1b: Myagmar|0 fnt\n|faint|p1b: Myagmar\n|-damage|p2a: Eggman|266/332|[from] item: Life Orb\n|move|p1a: Buzz Lightyear|Electroweb|p2b: Snax|[spread] p2a,p2b\n|debug|Spread modifier: 0.75\n|-resisted|p2a: Eggman\n|debug|Spread modifier: 0.75\n|-damage|p2a: Eggman|237/332\n|-damage|p2b: Snax|434/462\n|-unboost|p2a: Eggman|spe|1\n|-unboost|p2b: Snax|spe|1\n|move|p2b: Snax|Double-Edge|p1a: Buzz Lightyear\n|-damage|p1a: Buzz Lightyear|0 fnt\n|faint|p1a: Buzz Lightyear\n|-damage|p2b: Snax|400/462|[from] Recoil\n|\n|win|mistermoscow\n","uploadtime":1738892626,"views":"34","formatid":"gen9doublescustomgame","rating":null,"private":0,"password":null}