{"id":"gen9doublescustomgame-2127169358","format":"[Gen 9] Doubles Custom Game","players":["je64","mistermoscow"],"log":"|j|☆je64\n|j|☆mistermoscow\n|t:|1716256686\n|gametype|doubles\n|player|p1|je64|170|\n|player|p2|mistermoscow|alder|\n|teamsize|p1|6\n|teamsize|p2|6\n|gen|9\n|tier|[Gen 9] Doubles Custom Game\n|clearpoke\n|poke|p1|Mew|\n|poke|p1|Scizor, M|\n|poke|p1|Tornadus, M|\n|poke|p1|Ursaluna-Bloodmoon, M|\n|poke|p1|Flutter Mane|\n|poke|p1|Chi-Yu|\n|poke|p2|Ninetales-Alola, F|\n|poke|p2|Tapu Koko|\n|poke|p2|Iron Bundle|\n|poke|p2|Landorus, M|\n|poke|p2|Incineroar, F|\n|poke|p2|Gholdengo|\n|teampreview\n|j| Mango Meloetta\n|j| smokeydabearrr\n|\n|t:|1716256754\n|start\n|switch|p1a: Lakitu|Tornadus, M|362/362\n|switch|p1b: ScytherPunk 2077|Scizor, M|344/344\n|switch|p2a: Princess Buttercup|Ninetales-Alola, F|350/350\n|switch|p2b: Cindy|Incineroar, F|363/363\n|-weather|Snow|[from] ability: Snow Warning|[of] p2a: Princess Buttercup\n|-ability|p2b: Cindy|Intimidate|boost\n|-unboost|p1a: Lakitu|atk|1\n|-unboost|p1b: ScytherPunk 2077|atk|1\n|turn|1\n|\n|t:|1716256790\n|switch|p1b: Ditto's Daddy|Mew|404/404\n|move|p2b: Cindy|Fake Out|p1a: Lakitu\n|-damage|p1a: Lakitu|301/362\n|debug|Covert Cloak prevent secondary\n|move|p1a: Lakitu|Sunny Day|p1a: Lakitu\n|-weather|SunnyDay\n|move|p2a: Princess Buttercup|Aurora Veil||[still]\n|-fail|p2a: Princess Buttercup\n|\n|-weather|SunnyDay|[upkeep]\n|upkeep\n|turn|2\n|\n|t:|1716256873\n|switch|p1b: Shi-Yu In Hell|Chi-Yu|252/252\n|-ability|p1b: Shi-Yu In Hell|Beads of Ruin\n|move|p1a: Lakitu|Tailwind|p1a: Lakitu\n|-sidestart|p1: je64|move: Tailwind\n|move|p2a: Princess Buttercup|Icy Wind|p1a: Lakitu|[spread] p1a,p1b\n|debug|Beads of Ruin SpD drop\n|debug|Spread modifier: 0.75\n|-supereffective|p1a: Lakitu\n|debug|Spread modifier: 0.75\n|-resisted|p1b: Shi-Yu In Hell\n|-damage|p1a: Lakitu|199/362\n|-damage|p1b: Shi-Yu In Hell|235/252\n|debug|Covert Cloak prevent secondary\n|-unboost|p1b: Shi-Yu In Hell|spe|1\n|move|p2b: Cindy|Knock Off|p1a: Lakitu\n|-damage|p1a: Lakitu|0 fnt\n|-enditem|p1a: Lakitu|Covert Cloak|[from] move: Knock Off|[of] p2b: Cindy\n|faint|p1a: Lakitu\n|\n|-weather|SunnyDay|[upkeep]\n|upkeep\n|\n|t:|1716256895\n|switch|p1a: Agatha|Flutter Mane|284/284\n|-activate|p1a: Agatha|ability: Protosynthesis\n|-start|p1a: Agatha|protosynthesisspe\n|turn|3\n|debug|Protosynthesis spe boost\n|debug|Protosynthesis spe boost\n|\n|t:|1716256916\n|switch|p2a: Static|Tapu Koko|344/344\n|-fieldstart|move: Electric Terrain|[from] ability: Electric Surge|[of] p2a: Static\n|-terastallize|p1b: Shi-Yu In Hell|Fire\n|debug|Protosynthesis spe boost\n|debug|Protosynthesis spe boost\n|move|p1a: Agatha|Moonblast|p2b: Cindy\n|debug|Beads of Ruin SpD drop\n|-damage|p2b: Cindy|117/363\n|-unboost|p2b: Cindy|spa|1\n|debug|Protosynthesis spe boost\n|move|p1b: Shi-Yu In Hell|Heat Wave|p2a: Static|[spread] p2a,p2b\n|debug|Beads of Ruin SpD drop\n|debug|Spread modifier: 0.75\n|debug|Sunny Day fire boost\n|debug|Beads of Ruin SpD drop\n|debug|Spread modifier: 0.75\n|debug|Sunny Day fire boost\n|-resisted|p2b: Cindy\n|-damage|p2a: Static|0 fnt\n|-damage|p2b: Cindy|0 fnt\n|faint|p2a: Static\n|faint|p2b: Cindy\n|-damage|p1b: Shi-Yu In Hell|210/252|[from] item: Life Orb\n|debug|Protosynthesis spe boost\n|\n|debug|Protosynthesis spe boost\n|-weather|SunnyDay|[upkeep]\n|upkeep\n|debug|Protosynthesis spe boost\n|\n|t:|1716256937\n|switch|p2a: Princess Buttercup|Ninetales-Alola, F|350/350\n|switch|p2b: Iron Bunduru|Iron Bundle|253/253\n|-activate|p2b: Iron Bunduru|ability: Quark Drive\n|-start|p2b: Iron Bunduru|quarkdrivespe\n|-weather|Snow|[from] ability: Snow Warning|[of] p2a: Princess Buttercup\n|-end|p1a: Agatha|Protosynthesis\n|-enditem|p1a: Agatha|Booster Energy\n|-activate|p1a: Agatha|ability: Protosynthesis|[fromitem]\n|-start|p1a: Agatha|protosynthesisspe\n|turn|4\n|debug|Protosynthesis spe boost\n|debug|Quark Drive spe boost\n|debug|Protosynthesis spe boost\n|debug|Quark Drive spe boost\n|\n|t:|1716256974\n|debug|Protosynthesis spe boost\n|debug|Quark Drive spe boost\n|debug|Protosynthesis spe boost\n|debug|Quark Drive spe boost\n|move|p1b: Shi-Yu In Hell|Protect|p1b: Shi-Yu In Hell\n|-singleturn|p1b: Shi-Yu In Hell|Protect\n|debug|Protosynthesis spe boost\n|debug|Quark Drive spe boost\n|debug|Protosynthesis spe boost\n|debug|Quark Drive spe boost\n|move|p1a: Agatha|Moonblast|p2b: Iron Bunduru\n|debug|Beads of Ruin SpD drop\n|-damage|p2b: Iron Bunduru|0 fnt\n|debug|Covert Cloak prevent secondary\n|faint|p2b: Iron Bunduru\n|-end|p2b: Iron Bunduru|Quark Drive|[silent]\n|debug|Protosynthesis spe boost\n|move|p2a: Princess Buttercup|Aurora Veil|p2a: Princess Buttercup\n|-sidestart|p2: mistermoscow|move: Aurora Veil\n|\n|debug|Protosynthesis spe boost\n|-weather|Snow|[upkeep]\n|upkeep\n|debug|Protosynthesis spe boost\n|\n|t:|1716256985\n|switch|p2b: God|Landorus, M|319/319\n|turn|5\n|debug|Protosynthesis spe boost\n|debug|Protosynthesis spe boost\n|\n|t:|1716257056\n|debug|Protosynthesis spe boost\n|debug|Protosynthesis spe boost\n|move|p1a: Agatha|Moonblast|p2b: God\n|debug|Beads of Ruin SpD drop\n|debug|Aurora Veil weaken\n|-damage|p2b: God|129/319\n|debug|Protosynthesis spe boost\n|move|p1b: Shi-Yu In Hell|Heat Wave|p2b: God|[spread] p2b\n|-miss|p1b: Shi-Yu In Hell|p2a: Princess Buttercup\n|debug|Beads of Ruin SpD drop\n|debug|Spread modifier: 0.75\n|debug|Aurora Veil weaken\n|-damage|p2b: God|0 fnt\n|faint|p2b: God\n|-damage|p1b: Shi-Yu In Hell|185/252|[from] item: Life Orb\n|debug|Protosynthesis spe boost\n|move|p2a: Princess Buttercup|Icy Wind|p1a: Agatha|[spread] p1a,p1b\n|debug|Beads of Ruin SpD drop\n|debug|Spread modifier: 0.75\n|debug|Spread modifier: 0.75\n|-resisted|p1b: Shi-Yu In Hell\n|-damage|p1a: Agatha|244/284\n|-damage|p1b: Shi-Yu In Hell|168/252\n|-unboost|p1a: Agatha|spe|1\n|-unboost|p1b: Shi-Yu In Hell|spe|1\n|debug|Protosynthesis spe boost\n|\n|debug|Protosynthesis spe boost\n|-weather|Snow|[upkeep]\n|-sideend|p1: je64|move: Tailwind\n|upkeep\n|debug|Protosynthesis spe boost\n|\n|t:|1716257070\n|switch|p2b: Goldi|Gholdengo|378/378\n|turn|6\n|debug|Protosynthesis spe boost\n|debug|Protosynthesis spe boost\n|\n|t:|1716257099\n|-terastallize|p2b: Goldi|Fairy\n|debug|Protosynthesis spe boost\n|debug|Protosynthesis spe boost\n|move|p1a: Agatha|Shadow Ball|p2b: Goldi\n|debug|Beads of Ruin SpD drop\n|debug|Aurora Veil weaken\n|-damage|p2b: Goldi|233/378\n|debug|Protosynthesis spe boost\n|move|p2a: Princess Buttercup|Icy Wind|p1a: Agatha|[spread] p1a,p1b\n|debug|Beads of Ruin SpD drop\n|debug|Spread modifier: 0.75\n|debug|Spread modifier: 0.75\n|-resisted|p1b: Shi-Yu In Hell\n|-damage|p1a: Agatha|205/284\n|-damage|p1b: Shi-Yu In Hell|149/252\n|-unboost|p1a: Agatha|spe|1\n|-unboost|p1b: Shi-Yu In Hell|spe|1\n|debug|Protosynthesis spe boost\n|move|p2b: Goldi|Shadow Ball|p1a: Agatha\n|debug|Beads of Ruin SpD drop\n|-supereffective|p1a: Agatha\n|-damage|p1a: Agatha|0 fnt\n|faint|p1a: Agatha\n|-end|p1a: Agatha|Protosynthesis|[silent]\n|move|p1b: Shi-Yu In Hell|Heat Wave|p2a: Princess Buttercup|[spread] p2a,p2b\n|debug|Beads of Ruin SpD drop\n|debug|Spread modifier: 0.75\n|-supereffective|p2a: Princess Buttercup\n|debug|Aurora Veil weaken\n|debug|Beads of Ruin SpD drop\n|debug|Spread modifier: 0.75\n|debug|Aurora Veil weaken\n|-damage|p2a: Princess Buttercup|0 fnt\n|-damage|p2b: Goldi|32/378\n|faint|p2a: Princess Buttercup\n|-damage|p1b: Shi-Yu In Hell|124/252|[from] item: Life Orb\n|\n|-weather|Snow|[upkeep]\n|-heal|p2b: Goldi|55/378|[from] item: Leftovers\n|upkeep\n|\n|t:|1716257119\n|switch|p1a: ScytherPunk 2077|Scizor, M|344/344\n|turn|7\n|\n|t:|1716257126\n|detailschange|p1a: ScytherPunk 2077|Scizor-Mega, M\n|-mega|p1a: ScytherPunk 2077|Scizor|Scizorite\n|move|p1a: ScytherPunk 2077|Bullet Punch|p2b: Goldi\n|debug|Base Power: 40\n|debug|Technician boost\n|-supereffective|p2b: Goldi\n|-crit|p2b: Goldi\n|-damage|p2b: Goldi|0 fnt\n|faint|p2b: Goldi\n|\n|win|je64\n","uploadtime":1716257132,"views":"31","formatid":"gen9doublescustomgame","rating":null,"private":0,"password":null}