{"id":"gen9doublescustomgame-2089936827","format":"[Gen 9] Doubles Custom Game","players":["smokeydabearrr","noli_cannoli10"],"log":"|j|☆smokeydabearrr\n|j|☆noli_cannoli10\n|t:|1711502035\n|gametype|doubles\n|player|p1|smokeydabearrr|265|\n|player|p2|noli_cannoli10|1|\n|teamsize|p1|6\n|teamsize|p2|6\n|gen|9\n|tier|[Gen 9] Doubles Custom Game\n|clearpoke\n|poke|p1|Cresselia, F|\n|poke|p1|Rillaboom, F|\n|poke|p1|Whimsicott, M|\n|poke|p1|Charizard, F|\n|poke|p1|Walking Wake|\n|poke|p1|Gouging Fire|\n|poke|p2|Hatterene, F|\n|poke|p2|Torkoal, F|\n|poke|p2|Camerupt, M|\n|poke|p2|Magearna|\n|poke|p2|Celesteela|\n|poke|p2|Urshifu-*, M|\n|teampreview\n|j| je64\n|j| mistermoscow\n|j| mattmandaman\n|\n|t:|1711502108\n|start\n|switch|p1a: Scott|Whimsicott, M|261/261\n|switch|p1b: Boom Boom Pow|Rillaboom, F|341/341\n|switch|p2a: Newer Pimp Hands?|Urshifu-Rapid-Strike, M, shiny|341/341\n|switch|p2b: Hat GPT|Hatterene, F, shiny|318/318\n|-fieldstart|move: Grassy Terrain|[from] ability: Grassy Surge|[of] p1b: Boom Boom Pow\n|turn|1\n|\n|t:|1711502193\n|move|p1b: Boom Boom Pow|Fake Out|p2b: Hat GPT\n|-crit|p2b: Hat GPT\n|-damage|p2b: Hat GPT|234/318\n|-damage|p1b: Boom Boom Pow|285/341|[from] item: Rocky Helmet|[of] p2b: Hat GPT\n|move|p1a: Scott|Taunt|p2b: Hat GPT\n|move|p2b: Hat GPT|Taunt|p1a: Scott|[from]ability: Magic Bounce\n|-start|p1a: Scott|move: Taunt\n|move|p2a: Newer Pimp Hands?|Close Combat|p1a: Scott\n|-resisted|p1a: Scott\n|-damage|p1a: Scott|101/261\n|-unboost|p2a: Newer Pimp Hands?|def|1\n|-unboost|p2a: Newer Pimp Hands?|spd|1\n|-damage|p2a: Newer Pimp Hands?|307/341|[from] item: Life Orb\n|cant|p2b: Hat GPT|flinch\n|\n|-heal|p1a: Scott|117/261|[from] Grassy Terrain\n|-heal|p2a: Newer Pimp Hands?|328/341|[from] Grassy Terrain\n|-heal|p1b: Boom Boom Pow|306/341|[from] Grassy Terrain\n|-heal|p2b: Hat GPT|253/318|[from] Grassy Terrain\n|upkeep\n|turn|2\n|\n|t:|1711502236\n|move|p1b: Boom Boom Pow|Grassy Glide|p2b: Hat GPT\n|debug|grassy terrain boost\n|-damage|p2b: Hat GPT|105/318\n|-damage|p1b: Boom Boom Pow|250/341|[from] item: Rocky Helmet|[of] p2b: Hat GPT\n|move|p1a: Scott|Moonblast|p2b: Hat GPT\n|-damage|p2b: Hat GPT|0 fnt\n|faint|p2b: Hat GPT\n|move|p2a: Newer Pimp Hands?|Close Combat|p1a: Scott\n|-resisted|p1a: Scott\n|-damage|p1a: Scott|0 fnt\n|-unboost|p2a: Newer Pimp Hands?|def|1\n|-unboost|p2a: Newer Pimp Hands?|spd|1\n|faint|p1a: Scott\n|-damage|p2a: Newer Pimp Hands?|294/341|[from] item: Life Orb\n|\n|-heal|p2a: Newer Pimp Hands?|315/341|[from] Grassy Terrain\n|-heal|p1b: Boom Boom Pow|271/341|[from] Grassy Terrain\n|upkeep\n|\n|t:|1711502263\n|switch|p1a: NOT a Dragon|Charizard, F|297/297\n|switch|p2b: Magz|Magearna|364/364\n|turn|3\n|\n|t:|1711502305\n|detailschange|p1a: NOT a Dragon|Charizard-Mega-Y, F\n|-mega|p1a: NOT a Dragon|Charizard|Charizardite Y\n|-weather|SunnyDay|[from] ability: Drought|[of] p1a: NOT a Dragon\n|move|p2a: Newer Pimp Hands?|Aqua Jet|p1a: NOT a Dragon\n|debug|Sunny Day water suppress\n|-supereffective|p1a: NOT a Dragon\n|-damage|p1a: NOT a Dragon|172/297\n|-damage|p2a: Newer Pimp Hands?|281/341|[from] item: Life Orb\n|move|p1b: Boom Boom Pow|Grassy Glide|p2a: Newer Pimp Hands?\n|debug|grassy terrain boost\n|-supereffective|p2a: Newer Pimp Hands?\n|-damage|p2a: Newer Pimp Hands?|0 fnt\n|faint|p2a: Newer Pimp Hands?\n|-ability|p2b: Magz|Soul-Heart|boost\n|-boost|p2b: Magz|spa|1\n|move|p1a: NOT a Dragon|Heat Wave|p2b: Magz\n|debug|Sunny Day fire boost\n|-supereffective|p2b: Magz\n|-damage|p2b: Magz|0 fnt\n|faint|p2b: Magz\n|\n|-weather|SunnyDay|[upkeep]\n|debug|Pokemon semi-invuln or not grounded; Grassy Terrain skipped\n|-heal|p1b: Boom Boom Pow|292/341|[from] Grassy Terrain\n|upkeep\n|\n|t:|1711502325\n|switch|p2a: Nika|Torkoal, F, shiny|343/343\n|switch|p2b: Woah Black Betty|Camerupt, M, shiny|343/343\n|turn|4\n|\n|t:|1711502380\n|detailschange|p2b: Woah Black Betty|Camerupt-Mega, M, shiny\n|-mega|p2b: Woah Black Betty|Camerupt|Cameruptite\n|move|p1a: NOT a Dragon|Scorching Sands|p2a: Nika\n|-supereffective|p2a: Nika\n|-damage|p2a: Nika|77/343\n|move|p1b: Boom Boom Pow|U-turn|p2b: Woah Black Betty\n|-resisted|p2b: Woah Black Betty\n|-damage|p2b: Woah Black Betty|297/343\n|\n|t:|1711502387\n|switch|p1b: Vag??|Cresselia, F|440/440|[from] U-turn\n|move|p2b: Woah Black Betty|Eruption|p1b: Vag??|[spread] p1a,p1b\n|debug|BP: 129.88338192419826\n|debug|Spread modifier: 0.75\n|debug|Sunny Day fire boost\n|-resisted|p1a: NOT a Dragon\n|debug|BP: 129.88338192419826\n|debug|Spread modifier: 0.75\n|debug|Sunny Day fire boost\n|-damage|p1a: NOT a Dragon|25/297\n|-damage|p1b: Vag??|203/440\n|move|p2a: Nika|Eruption|p1a: NOT a Dragon|[spread] p1a,p1b\n|debug|BP: 33.673469387755105\n|debug|Spread modifier: 0.75\n|debug|Sunny Day fire boost\n|-resisted|p1a: NOT a Dragon\n|debug|BP: 33.673469387755105\n|debug|Spread modifier: 0.75\n|debug|Sunny Day fire boost\n|-damage|p1a: NOT a Dragon|3/297\n|-damage|p1b: Vag??|161/440\n|\n|-weather|SunnyDay|[upkeep]\n|debug|Pokemon semi-invuln or not grounded; Grassy Terrain skipped\n|debug|Pokemon semi-invuln or not grounded; Grassy Terrain skipped\n|-heal|p1b: Vag??|188/440|[from] item: Leftovers\n|-heal|p2b: Woah Black Betty|318/343|[from] Grassy Terrain\n|-heal|p2a: Nika|98/343|[from] Grassy Terrain\n|upkeep\n|turn|5\n|\n|t:|1711502460\n|move|p1a: NOT a Dragon|Scorching Sands|p2a: Nika\n|-supereffective|p2a: Nika\n|-crit|p2a: Nika\n|-damage|p2a: Nika|0 fnt\n|faint|p2a: Nika\n|move|p1b: Vag??|Lunar Blessing|p1b: Vag??|[spread] p1a,p1b\n|-heal|p1a: NOT a Dragon|77/297\n|-heal|p1b: Vag??|298/440\n|move|p2b: Woah Black Betty|Eruption|p1a: NOT a Dragon|[spread] p1a,p1b\n|debug|BP: 139.067055393586\n|debug|Spread modifier: 0.75\n|debug|Sunny Day fire boost\n|-resisted|p1a: NOT a Dragon\n|debug|BP: 139.067055393586\n|debug|Spread modifier: 0.75\n|debug|Sunny Day fire boost\n|-damage|p1a: NOT a Dragon|0 fnt\n|-damage|p1b: Vag??|63/440\n|faint|p1a: NOT a Dragon\n|\n|-weather|SunnyDay|[upkeep]\n|debug|Pokemon semi-invuln or not grounded; Grassy Terrain skipped\n|-heal|p1b: Vag??|90/440|[from] item: Leftovers\n|-heal|p2b: Woah Black Betty|339/343|[from] Grassy Terrain\n|-fieldend|move: Grassy Terrain\n|upkeep\n|\n|t:|1711502484\n|switch|p1a: WAKE ME UP INSIDE|Walking Wake|339/339\n|switch|p2a: Steely Dan|Celesteela, shiny|398/398\n|-activate|p1a: WAKE ME UP INSIDE|ability: Protosynthesis\n|-start|p1a: WAKE ME UP INSIDE|protosynthesisspe\n|turn|6\n|debug|Protosynthesis spe boost\n|debug|Protosynthesis spe boost\n|\n|t:|1711502503\n|switch|p1b: Fiyaaa Muffin|Gouging Fire|351/351\n|-activate|p1b: Fiyaaa Muffin|ability: Protosynthesis\n|-start|p1b: Fiyaaa Muffin|protosynthesisspe\n|debug|Protosynthesis spe boost\n|debug|Protosynthesis spe boost\n|debug|Protosynthesis spe boost\n|move|p1a: WAKE ME UP INSIDE|Hydro Steam|p2b: Woah Black Betty\n|debug|Sunny Day Hydro Steam boost\n|-supereffective|p2b: Woah Black Betty\n|-damage|p2b: Woah Black Betty|0 fnt\n|faint|p2b: Woah Black Betty\n|-damage|p1a: WAKE ME UP INSIDE|306/339|[from] item: Life Orb\n|debug|Protosynthesis spe boost\n|debug|Protosynthesis spe boost\n|move|p2a: Steely Dan|Flamethrower|p1a: WAKE ME UP INSIDE\n|debug|Sunny Day fire boost\n|-resisted|p1a: WAKE ME UP INSIDE\n|-damage|p1a: WAKE ME UP INSIDE|274/339\n|debug|Protosynthesis spe boost\n|debug|Protosynthesis spe boost\n|\n|debug|Protosynthesis spe boost\n|debug|Protosynthesis spe boost\n|-weather|SunnyDay|[upkeep]\n|upkeep\n|turn|7\n|debug|Protosynthesis spe boost\n|debug|Protosynthesis spe boost\n|debug|Protosynthesis spe boost\n|debug|Protosynthesis spe boost\n|\n|t:|1711502529\n|debug|Protosynthesis spe boost\n|debug|Protosynthesis spe boost\n|debug|Protosynthesis spe boost\n|debug|Protosynthesis spe boost\n|move|p1a: WAKE ME UP INSIDE|Hydro Steam|p2a: Steely Dan\n|debug|Sunny Day Hydro Steam boost\n|-damage|p2a: Steely Dan|163/398\n|-enditem|p2a: Steely Dan|Sitrus Berry|[eat]\n|-heal|p2a: Steely Dan|262/398|[from] item: Sitrus Berry\n|-damage|p1a: WAKE ME UP INSIDE|241/339|[from] item: Life Orb\n|debug|Protosynthesis spe boost\n|debug|Protosynthesis spe boost\n|debug|Protosynthesis spe boost\n|move|p1b: Fiyaaa Muffin|Heat Crash|p2a: Steely Dan\n|debug|BP: 40\n|debug|Sunny Day fire boost\n|-supereffective|p2a: Steely Dan\n|-damage|p2a: Steely Dan|122/398\n|debug|Protosynthesis spe boost\n|debug|Protosynthesis spe boost\n|move|p2a: Steely Dan|Heavy Slam|p1b: Fiyaaa Muffin\n|debug|BP: 40\n|-resisted|p1b: Fiyaaa Muffin\n|-damage|p1b: Fiyaaa Muffin|330/351\n|\n|debug|Protosynthesis spe boost\n|debug|Protosynthesis spe boost\n|-weather|none\n|-end|p1a: WAKE ME UP INSIDE|Protosynthesis\n|-end|p1b: Fiyaaa Muffin|Protosynthesis\n|upkeep\n|turn|8\n|\n|t:|1711502555\n|move|p1a: WAKE ME UP INSIDE|Hydro Steam|p2a: Steely Dan\n|-damage|p2a: Steely Dan|0 fnt\n|faint|p2a: Steely Dan\n|-damage|p1a: WAKE ME UP INSIDE|208/339|[from] item: Life Orb\n|\n|win|smokeydabearrr\n","uploadtime":1711502561,"views":"28","formatid":"gen9doublescustomgame","rating":null,"private":0,"password":null}