{"id":"gen9doublescustomgame-2342859909","format":"[Gen 9] Doubles Custom Game","players":["je64","mistermoscow"],"log":"|j|☆je64\n|j|☆mistermoscow\n|t:|1744670175\n|gametype|doubles\n|player|p1|je64|265|\n|player|p2|mistermoscow|alder|\n|teamsize|p1|6\n|teamsize|p2|6\n|gen|9\n|tier|[Gen 9] Doubles Custom Game\n|clearpoke\n|poke|p1|Dodrio, M|\n|poke|p1|Gengar, M|\n|poke|p1|Exeggutor, F|\n|poke|p1|Electabuzz, M|\n|poke|p1|Gyarados, M|\n|poke|p1|Articuno|\n|poke|p2|Nidoking, M|\n|poke|p2|Machoke, M|\n|poke|p2|Dewgong, M|\n|poke|p2|Exeggutor, M|\n|poke|p2|Mr. Mime, M|\n|poke|p2|Jolteon, M|\n|teampreview\n|\n|t:|1744670197\n|start\n|switch|p1a: Stranger|Gengar, M|262/262\n|switch|p1b: Articuno|Articuno|384/384\n|switch|p2a: Dewey|Dewgong, M|384/384\n|switch|p2b: Sparky|Jolteon, M|271/271\n|turn|1\n|\n|t:|1744670219\n|move|p2a: Dewey|Fake Out|p1b: Articuno\n|-damage|p1b: Articuno|347/384\n|move|p1a: Stranger|Sludge Bomb|p2b: Sparky\n|-damage|p2b: Sparky|100/271\n|move|p2b: Sparky|Electroweb|p1a: Stranger|[spread] p1a,p1b\n|debug|Spread modifier: 0.75\n|debug|Spread modifier: 0.75\n|-supereffective|p1b: Articuno\n|-damage|p1a: Stranger|174/262\n|-damage|p1b: Articuno|261/384\n|-unboost|p1a: Stranger|spe|1\n|-unboost|p1b: Articuno|spe|1\n|-start|p2b: Sparky|Disable|Electroweb|[from] ability: Cursed Body|[of] p1a: Stranger\n|cant|p1b: Articuno|flinch\n|\n|upkeep\n|turn|2\n|\n|t:|1744670245\n|move|p2b: Sparky|Light Screen|p2b: Sparky\n|-sidestart|p2: mistermoscow|move: Light Screen\n|move|p1a: Stranger|Sludge Bomb|p2b: Sparky\n|debug|Light Screen weaken\n|-damage|p2b: Sparky|0 fnt\n|debug|move failed because it did nothing\n|faint|p2b: Sparky\n|move|p2a: Dewey|Knock Off|p1a: Stranger\n|-supereffective|p1a: Stranger\n|-damage|p1a: Stranger|0 fnt\n|-enditem|p1a: Stranger|Choice Scarf|[from] move: Knock Off|[of] p2a: Dewey\n|faint|p1a: Stranger\n|move|p1b: Articuno|Snowscape|p1b: Articuno\n|-weather|Snowscape\n|\n|-weather|Snowscape|[upkeep]\n|upkeep\n|\n|t:|1744670315\n|switch|p2b: Mimsy|Mr. Mime, M|221/221\n|switch|p1a: Gyaradance|Gyarados, M|332/332\n|turn|3\n|\n|t:|1744670328\n|move|p1a: Gyaradance|Dragon Dance|p1a: Gyaradance\n|-boost|p1a: Gyaradance|atk|1\n|-boost|p1a: Gyaradance|spe|1\n|move|p2b: Mimsy|Psychic Terrain|p2b: Mimsy\n|-fieldstart|move: Psychic Terrain\n|move|p2a: Dewey|Triple Axel|p1a: Gyaradance\n|-damage|p1a: Gyaradance|301/332\n|-damage|p1a: Gyaradance|235/332\n|-damage|p1a: Gyaradance|145/332\n|-hitcount|p1a: Gyaradance|3\n|move|p1b: Articuno|Aurora Veil|p1b: Articuno\n|-sidestart|p1: je64|move: Aurora Veil\n|\n|-weather|Snowscape|[upkeep]\n|upkeep\n|turn|4\n|\n|t:|1744670366\n|move|p1a: Gyaradance|Waterfall|p2b: Mimsy\n|-damage|p2b: Mimsy|0 fnt\n|faint|p2b: Mimsy\n|-ability|p1a: Gyaradance|Moxie|boost\n|-boost|p1a: Gyaradance|atk|1\n|move|p2a: Dewey|Knock Off|p1a: Gyaradance\n|debug|Aurora Veil weaken\n|-damage|p1a: Gyaradance|79/332\n|-enditem|p1a: Gyaradance|Wacan Berry|[from] move: Knock Off|[of] p2a: Dewey\n|move|p1b: Articuno|Tailwind|p1b: Articuno\n|-sidestart|p1: je64|move: Tailwind\n|\n|-weather|Snowscape|[upkeep]\n|upkeep\n|\n|t:|1744670382\n|switch|p2b: Eggman|Exeggutor, M|394/394\n|turn|5\n|\n|t:|1744670395\n|move|p2b: Eggman|Protect|p2b: Eggman\n|-singleturn|p2b: Eggman|Protect\n|move|p1a: Gyaradance|Earthquake|p2a: Dewey|[spread] p2a\n|-activate|p2b: Eggman|move: Protect\n|-immune|p1b: Articuno\n|debug|Spread modifier: 0.75\n|-damage|p2a: Dewey|228/384\n|move|p1b: Articuno|Sheer Cold|p2b: Eggman\n|-activate|p2b: Eggman|move: Protect\n|move|p2a: Dewey|Triple Axel|p1a: Gyaradance\n|debug|Aurora Veil weaken\n|-damage|p1a: Gyaradance|56/332\n|debug|Aurora Veil weaken\n|-damage|p1a: Gyaradance|16/332\n|debug|Aurora Veil weaken\n|-damage|p1a: Gyaradance|0 fnt\n|faint|p1a: Gyaradance\n|-hitcount|p1: Gyaradance|3\n|\n|-weather|Snowscape|[upkeep]\n|upkeep\n|\n|t:|1744670414\n|switch|p1a: Le Chupacabra|Dodrio, M|262/262\n|turn|6\n|\n|t:|1744670435\n|switch|p2b: King Nido|Nidoking, M|303/303\n|move|p1a: Le Chupacabra|Double-Edge|p2a: Dewey\n|-enditem|p1a: Le Chupacabra|Normal Gem|[from] gem\n|debug|Gem Boost\n|-damage|p2a: Dewey|17/384\n|-damage|p1a: Le Chupacabra|192/262|[from] Recoil\n|move|p1b: Articuno|Sheer Cold|p2b: King Nido|[miss]\n|-miss|p1b: Articuno|p2b: King Nido\n|move|p2a: Dewey|Triple Axel|p1a: Le Chupacabra|[miss]\n|-miss|p2a: Dewey|p1a: Le Chupacabra\n|\n|-weather|none\n|upkeep\n|turn|7\n|\n|t:|1744670478\n|switch|p2a: Randy|Machoke, M|302/302\n|move|p1a: Le Chupacabra|Double-Edge|p2b: King Nido\n|-damage|p2b: King Nido|65/303\n|-damage|p1a: Le Chupacabra|113/262|[from] Recoil\n|move|p2b: King Nido|Thunderbolt|p1a: Le Chupacabra\n|-supereffective|p1a: Le Chupacabra\n|debug|Aurora Veil weaken\n|-damage|p1a: Le Chupacabra|0 fnt\n|faint|p1a: Le Chupacabra\n|move|p1b: Articuno|Snowscape|p1b: Articuno\n|-weather|Snowscape\n|\n|-weather|Snowscape|[upkeep]\n|-sideend|p1: je64|move: Tailwind\n|-fieldend|move: Psychic Terrain\n|upkeep\n|\n|t:|1744670499\n|switch|p1a: San Ti Ren 三体人|Exeggutor, F|331/331\n|turn|8\n|\n|t:|1744670520\n|move|p2b: King Nido|Thunderbolt|p1b: Articuno\n|debug|Snow Cloak - decreasing accuracy\n|-supereffective|p1b: Articuno\n|debug|Aurora Veil weaken\n|-damage|p1b: Articuno|162/384\n|move|p1a: San Ti Ren 三体人|Psyshock|p2b: King Nido\n|-supereffective|p2b: King Nido\n|debug|Light Screen weaken\n|-damage|p2b: King Nido|0 fnt\n|faint|p2b: King Nido\n|move|p1b: Articuno|Sheer Cold|p2a: Randy\n|-damage|p2a: Randy|0 fnt\n|faint|p2a: Randy\n|-ohko\n|\n|-weather|Snowscape|[upkeep]\n|upkeep\n|\n|t:|1744670532\n|switch|p2b: Dewey|Dewgong, M|17/384\n|switch|p2a: Eggman|Exeggutor, M|394/394\n|turn|9\n|\n|t:|1744670551\n|move|p2b: Dewey|Fake Out|p1a: San Ti Ren 三体人\n|debug|Aurora Veil weaken\n|-damage|p1a: San Ti Ren 三体人|304/331\n|cant|p1a: San Ti Ren 三体人|flinch\n|move|p2a: Eggman|Expanding Force|p1b: Articuno|[miss]\n|debug|Snow Cloak - decreasing accuracy\n|-miss|p2a: Eggman|p1b: Articuno\n|move|p1b: Articuno|Sheer Cold|p2a: Eggman|[miss]\n|-miss|p1b: Articuno|p2a: Eggman\n|\n|-weather|Snowscape|[upkeep]\n|-sideend|p2: mistermoscow|move: Light Screen\n|upkeep\n|turn|10\n|\n|t:|1744670578\n|move|p1a: San Ti Ren 三体人|Psyshock|p2b: Dewey\n|-damage|p2b: Dewey|0 fnt\n|faint|p2b: Dewey\n|move|p2a: Eggman|Expanding Force|p1b: Articuno|[miss]\n|debug|Snow Cloak - decreasing accuracy\n|-miss|p2a: Eggman|p1b: Articuno\n|move|p1b: Articuno|Sheer Cold|p2a: Eggman|[miss]\n|-miss|p1b: Articuno|p2a: Eggman\n|\n|-weather|Snowscape|[upkeep]\n|-sideend|p1: je64|move: Aurora Veil\n|upkeep\n|turn|11\n|\n|t:|1744670623\n|move|p1a: San Ti Ren 三体人|Psyshock|p2a: Eggman\n|-resisted|p2a: Eggman\n|-damage|p2a: Eggman|310/394\n|move|p2a: Eggman|Psychic Terrain|p2a: Eggman\n|-fieldstart|move: Psychic Terrain\n|move|p1b: Articuno|Aurora Veil|p1b: Articuno\n|-sidestart|p1: je64|move: Aurora Veil\n|\n|-weather|none\n|upkeep\n|turn|12\n|\n|t:|1744670640\n|move|p1a: San Ti Ren 三体人|Psyshock|p2a: Eggman\n|debug|psychic terrain boost\n|-resisted|p2a: Eggman\n|-damage|p2a: Eggman|204/394\n|move|p2a: Eggman|Expanding Force|p1a: San Ti Ren 三体人|[spread] p1a,p1b\n|debug|psychic terrain boost\n|debug|terrain buff\n|debug|Spread modifier: 0.75\n|-resisted|p1a: San Ti Ren 三体人\n|debug|Aurora Veil weaken\n|debug|psychic terrain boost\n|debug|terrain buff\n|debug|Spread modifier: 0.75\n|debug|Aurora Veil weaken\n|-damage|p1a: San Ti Ren 三体人|185/331\n|-damage|p1b: Articuno|47/384\n|-damage|p2a: Eggman|165/394|[from] item: Life Orb\n|move|p1b: Articuno|Tailwind|p1b: Articuno\n|-sidestart|p1: je64|move: Tailwind\n|\n|upkeep\n|turn|13\n|\n|t:|1744670659\n|move|p1a: San Ti Ren 三体人|Psyshock|p2a: Eggman\n|debug|psychic terrain boost\n|-resisted|p2a: Eggman\n|-damage|p2a: Eggman|61/394\n|move|p1b: Articuno|Sheer Cold|p2a: Eggman|[miss]\n|-miss|p1b: Articuno|p2a: Eggman\n|move|p2a: Eggman|Expanding Force|p1a: San Ti Ren 三体人|[spread] p1a,p1b\n|debug|psychic terrain boost\n|debug|terrain buff\n|debug|Spread modifier: 0.75\n|-resisted|p1a: San Ti Ren 三体人\n|debug|Aurora Veil weaken\n|debug|psychic terrain boost\n|debug|terrain buff\n|debug|Spread modifier: 0.75\n|debug|Aurora Veil weaken\n|-damage|p1a: San Ti Ren 三体人|74/331\n|-damage|p1b: Articuno|0 fnt\n|faint|p1b: Articuno\n|-damage|p2a: Eggman|22/394|[from] item: Life Orb\n|\n|upkeep\n|\n|t:|1744670670\n|switch|p1b: Frank the Tank|Electabuzz, M|334/334\n|turn|14\n|\n|t:|1744670683\n|move|p1b: Frank the Tank|Volt Switch|p2a: Eggman\n|-resisted|p2a: Eggman\n|-damage|p2a: Eggman|0 fnt\n|faint|p2a: Eggman\n|\n|win|je64\n","uploadtime":1744670696,"views":"35","formatid":"gen9doublescustomgame","rating":null,"private":0,"password":null}