{"id":"gen9doublescustomgame-2261916334","format":"[Gen 9] Doubles Custom Game","players":["mistermoscow","noli_cannoli10"],"log":"|j|☆mistermoscow\n|j|☆noli_cannoli10\n|t:|1734041350\n|gametype|doubles\n|player|p1|mistermoscow|alder|\n|player|p2|noli_cannoli10|101|\n|teamsize|p1|6\n|teamsize|p2|6\n|gen|9\n|tier|[Gen 9] Doubles Custom Game\n|clearpoke\n|poke|p1|Nidoqueen, F|\n|poke|p1|Meowth, M|\n|poke|p1|Clefairy, M|\n|poke|p1|Ditto|\n|poke|p1|Victreebel, M|\n|poke|p1|Snorlax, M|\n|poke|p2|Machamp, F|\n|poke|p2|Moltres|\n|poke|p2|Slowbro, F|\n|poke|p2|Nidoking, M|\n|poke|p2|Lapras, M|\n|poke|p2|Hypno, F|\n|teampreview\n|\n|t:|1734041397\n|start\n|switch|p1a: Prince Puss|Meowth, M|221/221\n|switch|p1b: Victor|Victreebel, M|364/364\n|switch|p2a: why you here?|Hypno, F|374/374\n|switch|p2b: 3rd bird|Moltres|321/321\n|turn|1\n|\n|t:|1734041436\n|move|p1a: Prince Puss|Fake Out|p2b: 3rd bird\n|debug|Base Power: 40\n|debug|Technician boost\n|-damage|p2b: 3rd bird|254/321\n|cant|p2b: 3rd bird|flinch\n|move|p1b: Victor|Sleep Powder|p2b: 3rd bird\n|-status|p2b: 3rd bird|slp|[from] move: Sleep Powder\n|move|p2a: why you here?|Trick Room|p2a: why you here?\n|-fieldstart|move: Trick Room|[of] p2a: why you here?\n|\n|upkeep\n|turn|2\n|\n|t:|1734041471\n|switch|p2b: Stoner child|Slowbro, F|394/394\n|switch|p1a: Snax|Snorlax, M|524/524\n|move|p2a: why you here?|Psychic Terrain|p2a: why you here?\n|-fieldstart|move: Psychic Terrain\n|move|p1b: Victor|Swords Dance|p1b: Victor\n|-boost|p1b: Victor|atk|2\n|\n|upkeep\n|turn|3\n|\n|t:|1734041504\n|move|p2b: Stoner child|Psyshock|p1a: Snax\n|debug|psychic terrain boost\n|-damage|p1a: Snax|398/524\n|move|p1a: Snax|Psych Up|p1b: Victor\n|-copyboost|p1a: Snax|p1b: Victor|[from] move: Psych Up\n|move|p2a: why you here?|Expanding Force|p1a: Snax|[spread] p1a,p1b\n|debug|psychic terrain boost\n|debug|terrain buff\n|debug|Spread modifier: 0.75\n|debug|psychic terrain boost\n|debug|terrain buff\n|debug|Spread modifier: 0.75\n|-supereffective|p1b: Victor\n|-damage|p1a: Snax|263/524\n|-damage|p1b: Victor|62/364\n|move|p1b: Victor|Leaf Blade|p2b: Stoner child\n|-supereffective|p2b: Stoner child\n|-damage|p2b: Stoner child|116/394\n|\n|-heal|p1a: Snax|295/524|[from] item: Leftovers\n|-heal|p2b: Stoner child|140/394|[from] item: Leftovers\n|upkeep\n|turn|4\n|\n|t:|1734041527\n|move|p1a: Snax|Crunch|p2a: why you here?\n|-supereffective|p2a: why you here?\n|-enditem|p2a: why you here?|Focus Sash\n|-damage|p2a: why you here?|1/374\n|move|p2b: Stoner child|Slack Off|p2b: Stoner child\n|-heal|p2b: Stoner child|337/394\n|move|p2a: why you here?|Expanding Force|p1b: Victor|[spread] p1a,p1b\n|debug|psychic terrain boost\n|debug|terrain buff\n|debug|Spread modifier: 0.75\n|debug|psychic terrain boost\n|debug|terrain buff\n|debug|Spread modifier: 0.75\n|-supereffective|p1b: Victor\n|-damage|p1a: Snax|150/524\n|-damage|p1b: Victor|0 fnt\n|faint|p1b: Victor\n|\n|-heal|p2b: Stoner child|361/394|[from] item: Leftovers\n|-heal|p1a: Snax|182/524|[from] item: Leftovers\n|upkeep\n|\n|t:|1734041565\n|switch|p1b: Clifford|Clefairy, M|344/344\n|turn|5\n|\n|t:|1734041590\n|switch|p2a: Lap dat ass|Lapras, M|463/463\n|move|p2b: Stoner child|Psyshock|p1a: Snax\n|debug|psychic terrain boost\n|-damage|p1a: Snax|67/524\n|move|p1a: Snax|Crunch|p2a: Lap dat ass\n|-damage|p2a: Lap dat ass|294/463\n|move|p1b: Clifford|Calm Mind|p1b: Clifford\n|-boost|p1b: Clifford|spa|1\n|-boost|p1b: Clifford|spd|1\n|\n|-heal|p1a: Snax|99/524|[from] item: Leftovers\n|-heal|p2b: Stoner child|385/394|[from] item: Leftovers\n|-fieldend|move: Trick Room\n|upkeep\n|turn|6\n|\n|t:|1734041617\n|switch|p1a: Imp|Ditto|300/300\n|-transform|p1a: Imp|p2b: Stoner child|[from] ability: Imposter\n|move|p2a: Lap dat ass|Freeze-Dry|p1b: Clifford\n|-damage|p1b: Clifford|274/344\n|move|p1b: Clifford|Minimize|p1b: Clifford\n|-boost|p1b: Clifford|evasion|2\n|move|p2b: Stoner child|Psyshock|p1a: Imp\n|debug|psychic terrain boost\n|-resisted|p1a: Imp\n|-damage|p1a: Imp|256/300\n|\n|-heal|p2b: Stoner child|394/394|[from] item: Leftovers\n|-fieldend|move: Psychic Terrain\n|upkeep\n|turn|7\n|c|☆mistermoscow|oh i forgot to ask, are we making this official?\n|\n|t:|1734041726\n|switch|p1a: Prince Puss|Meowth, M|221/221\n|move|p2a: Lap dat ass|Alluring Voice|p1a: Prince Puss\n|-damage|p1a: Prince Puss|76/221\n|move|p1b: Clifford|Calm Mind|p1b: Clifford\n|-boost|p1b: Clifford|spa|1\n|-boost|p1b: Clifford|spd|1\n|move|p2b: Stoner child|Scald|p1b: Clifford\n|-damage|p1b: Clifford|229/344\n|\n|upkeep\n|turn|8\n|\n|t:|1734041768\n|move|p1a: Prince Puss|Fake Out|p2a: Lap dat ass\n|debug|Base Power: 40\n|debug|Technician boost\n|-damage|p2a: Lap dat ass|219/463\n|cant|p2a: Lap dat ass|flinch\n|move|p1b: Clifford|Minimize|p1b: Clifford\n|-boost|p1b: Clifford|evasion|2\n|move|p2b: Stoner child|Psyshock|p1b: Clifford|[miss]\n|-miss|p2b: Stoner child|p1b: Clifford\n|\n|upkeep\n|turn|9\n|\n|t:|1734041821\n|switch|p1a: Imp|Ditto|300/300\n|-transform|p1a: Imp|p2b: Stoner child|[from] ability: Imposter\n|move|p2a: Lap dat ass|Alluring Voice|p1a: Imp\n|-damage|p1a: Imp|211/300\n|move|p1b: Clifford|Calm Mind|p1b: Clifford\n|-boost|p1b: Clifford|spa|1\n|-boost|p1b: Clifford|spd|1\n|move|p2b: Stoner child|Psyshock|p1b: Clifford\n|-crit|p1b: Clifford\n|-damage|p1b: Clifford|115/344\n|\n|upkeep\n|turn|10\n|\n|t:|1734041842\n|move|p2a: Lap dat ass|Freeze-Dry|p1b: Clifford|[miss]\n|-miss|p2a: Lap dat ass|p1b: Clifford\n|move|p1b: Clifford|Moonblast|p2a: Lap dat ass\n|-damage|p2a: Lap dat ass|33/463\n|-enditem|p2a: Lap dat ass|Aguav Berry|[eat]\n|-heal|p2a: Lap dat ass|187/463|[from] item: Aguav Berry\n|move|p2b: Stoner child|Psyshock|p1b: Clifford|[miss]\n|-miss|p2b: Stoner child|p1b: Clifford\n|move|p1a: Imp|Trick Room|p1a: Imp\n|-fieldstart|move: Trick Room|[of] p1a: Imp\n|\n|upkeep\n|turn|11\n|\n|t:|1734041880\n|switch|p1a: Prince Puss|Meowth, M|76/221\n|move|p2b: Stoner child|Psyshock|p1b: Clifford\n|-damage|p1b: Clifford|49/344\n|move|p1b: Clifford|Moonblast|p2a: Lap dat ass\n|-damage|p2a: Lap dat ass|0 fnt\n|faint|p2a: Lap dat ass\n|\n|upkeep\n|\n|t:|1734041890\n|switch|p2a: why you here?|Hypno, F|1/374\n|turn|12\n|\n|t:|1734041909\n|move|p1a: Prince Puss|Fake Out|p2a: why you here?\n|debug|Base Power: 40\n|debug|Technician boost\n|-damage|p2a: why you here?|0 fnt\n|debug|move failed because it did nothing\n|faint|p2a: why you here?\n|move|p2b: Stoner child|Psyshock|p1a: Prince Puss\n|-damage|p1a: Prince Puss|0 fnt\n|faint|p1a: Prince Puss\n|move|p1b: Clifford|Baton Pass|p1b: Clifford\n|\n|t:|1734041947\n|switch|p1b: Snax|Snorlax, M|99/524|[from] Baton Pass\n|\n|-heal|p1b: Snax|131/524|[from] item: Leftovers\n|upkeep\n|\n|t:|1734041956\n|switch|p2a: King of Queens|Nidoking, M, shiny|303/303\n|switch|p1a: Clifford|Clefairy, M|49/344\n|turn|13\n|\n|t:|1734041975\n|move|p2b: Stoner child|Psyshock|p1b: Snax|[miss]\n|-miss|p2b: Stoner child|p1b: Snax\n|move|p1b: Snax|Hammer Arm|p2a: King of Queens\n|-resisted|p2a: King of Queens\n|-damage|p2a: King of Queens|246/303\n|-unboost|p1b: Snax|spe|1\n|move|p1a: Clifford|Minimize|p1a: Clifford\n|-boost|p1a: Clifford|evasion|2\n|move|p2a: King of Queens|Sludge Wave|p1b: Snax|[spread] p2b,p1a\n|-miss|p2a: King of Queens|p1b: Snax\n|debug|Spread modifier: 0.75\n|-crit|p2b: Stoner child\n|debug|Spread modifier: 0.75\n|-supereffective|p1a: Clifford\n|-damage|p2b: Stoner child|102/394\n|-damage|p1a: Clifford|0 fnt\n|faint|p1a: Clifford\n|\n|-heal|p1b: Snax|163/524|[from] item: Leftovers\n|-heal|p2b: Stoner child|126/394|[from] item: Leftovers\n|upkeep\n|\n|t:|1734041995\n|switch|p1a: Miss Nido|Nidoqueen, F|353/353\n|turn|14\n|\n|t:|1734042012\n|move|p1a: Miss Nido|Sucker Punch||[still]\n|-fail|p1a: Miss Nido\n|move|p1b: Snax|Crunch|p2a: King of Queens\n|-damage|p2a: King of Queens|161/303\n|move|p2b: Stoner child|Slack Off|p2b: Stoner child\n|-heal|p2b: Stoner child|323/394\n|move|p2a: King of Queens|Thunderbolt|p1b: Snax|[miss]\n|-miss|p2a: King of Queens|p1b: Snax\n|\n|-heal|p1b: Snax|195/524|[from] item: Leftovers\n|-heal|p2b: Stoner child|347/394|[from] item: Leftovers\n|-fieldend|move: Trick Room\n|upkeep\n|turn|15\n|\n|t:|1734042053\n|move|p2a: King of Queens|Ice Beam|p1a: Miss Nido\n|-supereffective|p1a: Miss Nido\n|-damage|p1a: Miss Nido|179/353\n|move|p1a: Miss Nido|Ice Punch|p2a: King of Queens\n|-supereffective|p2a: King of Queens\n|-damage|p2a: King of Queens|0 fnt\n|faint|p2a: King of Queens\n|move|p2b: Stoner child|Psyshock|p1b: Snax|[miss]\n|-miss|p2b: Stoner child|p1b: Snax\n|move|p1b: Snax|Crunch|p2b: Stoner child\n|-supereffective|p2b: Stoner child\n|-damage|p2b: Stoner child|253/394\n|\n|-heal|p2b: Stoner child|277/394|[from] item: Leftovers\n|-heal|p1b: Snax|227/524|[from] item: Leftovers\n|upkeep\n|\n|t:|1734042078\n|switch|p2a: People's Champ|Machamp, F|384/384\n|turn|16\n|\n|t:|1734042119\n|switch|p1a: Imp|Ditto|300/300\n|-transform|p1a: Imp|p2b: Stoner child|[from] ability: Imposter\n|move|p2a: People's Champ|Bullet Punch|p1a: Imp\n|-resisted|p1a: Imp\n|-damage|p1a: Imp|282/300\n|move|p2b: Stoner child|Psyshock|p1a: Imp\n|-resisted|p1a: Imp\n|-damage|p1a: Imp|249/300\n|move|p1b: Snax|Double-Edge|p2a: People's Champ\n|-damage|p2a: People's Champ|185/384\n|-damage|p1b: Snax|161/524|[from] Recoil\n|\n|-heal|p2b: Stoner child|301/394|[from] item: Leftovers\n|-heal|p1b: Snax|193/524|[from] item: Leftovers\n|upkeep\n|turn|17\n|\n|t:|1734042148\n|move|p2a: People's Champ|Knock Off|p1b: Snax|[miss]\n|-miss|p2a: People's Champ|p1b: Snax\n|move|p1a: Imp|Psyshock|p2a: People's Champ\n|-supereffective|p2a: People's Champ\n|-damage|p2a: People's Champ|0 fnt\n|faint|p2a: People's Champ\n|move|p2b: Stoner child|Psyshock|p1b: Snax\n|-damage|p1b: Snax|102/524\n|move|p1b: Snax|Crunch|p2b: Stoner child\n|-supereffective|p2b: Stoner child\n|-damage|p2b: Stoner child|215/394\n|\n|-heal|p2b: Stoner child|239/394|[from] item: Leftovers\n|-heal|p1b: Snax|134/524|[from] item: Leftovers\n|upkeep\n|\n|t:|1734042161\n|switch|p2a: 3rd bird|Moltres|254/321 slp\n|turn|18\n|\n|t:|1734042186\n|switch|p1a: Miss Nido|Nidoqueen, F|179/353\n|cant|p2a: 3rd bird|slp\n|move|p2b: Stoner child|Psyshock|p1b: Snax\n|-damage|p1b: Snax|52/524\n|move|p1b: Snax|Double-Edge|p2a: 3rd bird\n|-crit|p2a: 3rd bird\n|-damage|p2a: 3rd bird|0 fnt\n|faint|p2a: 3rd bird\n|-damage|p1b: Snax|0 fnt|[from] Recoil\n|faint|p1b: Snax\n|\n|-heal|p2b: Stoner child|263/394|[from] item: Leftovers\n|upkeep\n|\n|t:|1734042200\n|switch|p1b: Imp|Ditto|300/300\n|turn|19\n|c|☆noli_cannoli10|i knew i needed to get rid of cleafairy earlier\n|c|☆mistermoscow|yeah haha\n|c|☆mistermoscow|also i tried asking before, was this official or nah?\n|c|☆noli_cannoli10|up to you\n|c|☆mistermoscow|i kinda wanted it to be\n|c|☆noli_cannoli10|thats fine\n|\n|t:|1734042261\n|move|p1b: Imp|Transform|p2b: Stoner child\n|-transform|p1b: Imp|p2b: Stoner child\n|move|p1a: Miss Nido|Poison Jab|p2b: Stoner child\n|-damage|p2b: Stoner child|179/394\n|-status|p2b: Stoner child|psn\n|move|p2b: Stoner child|Scald|p1a: Miss Nido\n|-supereffective|p1a: Miss Nido\n|-damage|p1a: Miss Nido|51/353\n|\n|-heal|p2b: Stoner child|203/394 psn|[from] item: Leftovers\n|-damage|p2b: Stoner child|154/394 psn|[from] psn\n|upkeep\n|turn|20\n|c|☆mistermoscow|word\n|\n|t:|1734042284\n|move|p1a: Miss Nido|Sucker Punch|p2b: Stoner child\n|-supereffective|p2b: Stoner child\n|-damage|p2b: Stoner child|48/394 psn\n|move|p1b: Imp|Scald|p2b: Stoner child\n|-resisted|p2b: Stoner child\n|-damage|p2b: Stoner child|0 fnt\n|faint|p2b: Stoner child\n|\n|win|mistermoscow\n|c|☆mistermoscow|gg\n|c|☆noli_cannoli10|gg\n|c|☆mistermoscow|wanna do another?\n","uploadtime":1734042298,"views":"33","formatid":"gen9doublescustomgame","rating":null,"private":0,"password":null}