{"id":"gen9doublescustomgame-2294579138","format":"[Gen 9] Doubles Custom Game","players":["mistermoscow","Mattmandaman"],"log":"|j|☆mistermoscow\n|j|☆Mattmandaman\n|t:|1738716668\n|gametype|doubles\n|player|p1|mistermoscow|alder|\n|player|p2|Mattmandaman|giovanni|\n|teamsize|p1|6\n|teamsize|p2|6\n|gen|9\n|tier|[Gen 9] Doubles Custom Game\n|clearpoke\n|poke|p1|Poliwrath, F|\n|poke|p1|Victreebel, M|\n|poke|p1|Gengar, M|\n|poke|p1|Jolteon, M|\n|poke|p1|Snorlax, M|\n|poke|p1|Dragonite, M|\n|poke|p2|Rhydon, F|\n|poke|p2|Starmie|\n|poke|p2|Gengar, M|\n|poke|p2|Nidoking, M|\n|poke|p2|Muk, M|\n|poke|p2|Cloyster, F|\n|teampreview\n|\n|t:|1738716695\n|start\n|switch|p1a: Polly|Poliwrath, F|322/322\n|switch|p1b: Puff Daddy|Dragonite, M|386/386\n|switch|p2a: Rhydon|Rhydon, F|414/414\n|switch|p2b: Starmie|Starmie|262/262\n|turn|1\n|\n|t:|1738716740\n|move|p2b: Starmie|Psychic|p1a: Polly\n|-supereffective|p1a: Polly\n|-damage|p1a: Polly|52/322\n|-enditem|p1a: Polly|Aguav Berry|[eat]\n|-heal|p1a: Polly|159/322|[from] item: Aguav Berry\n|move|p1a: Polly|Coaching|p1b: Puff Daddy\n|-boost|p1b: Puff Daddy|atk|1\n|-boost|p1b: Puff Daddy|def|1\n|move|p1b: Puff Daddy|Tailwind|p1b: Puff Daddy\n|-sidestart|p1: mistermoscow|move: Tailwind\n|move|p2a: Rhydon|Stealth Rock|p1b: Puff Daddy\n|-sidestart|p1: mistermoscow|move: Stealth Rock\n|\n|upkeep\n|turn|2\n|\n|t:|1738716794\n|move|p1a: Polly|Coaching|p1b: Puff Daddy\n|-boost|p1b: Puff Daddy|atk|1\n|-boost|p1b: Puff Daddy|def|1\n|move|p1b: Puff Daddy|Dragon Claw|p2b: Starmie\n|-damage|p2b: Starmie|0 fnt\n|faint|p2b: Starmie\n|move|p2a: Rhydon|Rock Slide|p1a: Polly|[spread] p1a,p1b\n|debug|Spread modifier: 0.75\n|-resisted|p1a: Polly\n|debug|Spread modifier: 0.75\n|-supereffective|p1b: Puff Daddy\n|-damage|p1a: Polly|110/322\n|-damage|p1b: Puff Daddy|288/386\n|\n|upkeep\n|\n|t:|1738716820\n|switch|p2b: Gengar|Gengar, M|262/262\n|turn|3\n|\n|t:|1738716839\n|switch|p2a: Cloyster|Cloyster, F|242/242\n|move|p1a: Polly|Protect|p1a: Polly\n|-singleturn|p1a: Polly|Protect\n|move|p2b: Gengar|Protect|p2b: Gengar\n|-singleturn|p2b: Gengar|Protect\n|move|p1b: Puff Daddy|Dual Wingbeat|p2b: Gengar\n|-activate|p2b: Gengar|move: Protect\n|\n|upkeep\n|turn|4\n|\n|t:|1738716860\n|switch|p1a: Sparky|Jolteon, M|271/271\n|-damage|p1a: Sparky|238/271|[from] Stealth Rock\n|move|p1b: Puff Daddy|Protect|p1b: Puff Daddy\n|-singleturn|p1b: Puff Daddy|Protect\n|move|p2a: Cloyster|Icicle Spear|p1b: Puff Daddy\n|-activate|p1b: Puff Daddy|move: Protect\n|move|p2b: Gengar|Psychic|p1a: Sparky\n|-damage|p1a: Sparky|119/271\n|debug|Covert Cloak prevent secondary\n|\n|-sideend|p1: mistermoscow|move: Tailwind\n|upkeep\n|turn|5\n|\n|t:|1738716882\n|move|p1a: Sparky|Electroweb|p2a: Cloyster|[spread] p2a,p2b\n|debug|Spread modifier: 0.75\n|-supereffective|p2a: Cloyster\n|debug|Spread modifier: 0.75\n|-damage|p2a: Cloyster|0 fnt\n|-damage|p2b: Gengar|174/262\n|-unboost|p2b: Gengar|spe|1\n|faint|p2a: Cloyster\n|move|p2b: Gengar|Icy Wind|p1a: Sparky|[spread] p1a,p1b\n|debug|Spread modifier: 0.75\n|-crit|p1a: Sparky\n|debug|Spread modifier: 0.75\n|-supereffective|p1b: Puff Daddy\n|-damage|p1a: Sparky|48/271\n|-damage|p1b: Puff Daddy|100/386\n|debug|Covert Cloak prevent secondary\n|debug|move failed because it did nothing\n|move|p1b: Puff Daddy|Dragon Claw|p2b: Gengar\n|-damage|p2b: Gengar|0 fnt\n|faint|p2b: Gengar\n|\n|upkeep\n|\n|t:|1738716899\n|switch|p2b: Nidoking|Nidoking, M|304/304\n|switch|p2a: Muk|Muk, M|414/414\n|turn|6\n|\n|t:|1738716918\n|move|p1b: Puff Daddy|Protect|p1b: Puff Daddy\n|-singleturn|p1b: Puff Daddy|Protect\n|move|p2a: Muk|Shadow Sneak|p1a: Sparky\n|-damage|p1a: Sparky|0 fnt\n|faint|p1a: Sparky\n|move|p2b: Nidoking|Ice Beam|p1b: Puff Daddy\n|-activate|p1b: Puff Daddy|move: Protect\n|\n|upkeep\n|\n|t:|1738716936\n|switch|p1a: Gang Gang|Gengar, M|262/262\n|-damage|p1a: Gang Gang|230/262|[from] Stealth Rock\n|turn|7\n|\n|t:|1738716950\n|move|p1b: Puff Daddy|Protect||[still]\n|debug|Success chance: 33%\n|-fail|p1b: Puff Daddy\n|move|p2a: Muk|Shadow Sneak|p1a: Gang Gang\n|-supereffective|p1a: Gang Gang\n|-damage|p1a: Gang Gang|98/262\n|debug|natural status immunity\n|debug|immune to status\n|move|p2b: Nidoking|Ice Beam|p1b: Puff Daddy\n|-supereffective|p1b: Puff Daddy\n|-damage|p1b: Puff Daddy|0 fnt\n|faint|p1b: Puff Daddy\n|move|p1a: Gang Gang|Psychic|p2b: Nidoking\n|-supereffective|p2b: Nidoking\n|-damage|p2b: Nidoking|40/304\n|\n|upkeep\n|\n|t:|1738716963\n|switch|p1b: Victor|Victreebel, M|302/302\n|-damage|p1b: Victor|265/302|[from] Stealth Rock\n|turn|8\n|\n|t:|1738716982\n|move|p2b: Nidoking|Ice Beam|p1b: Victor\n|-supereffective|p1b: Victor\n|-damage|p1b: Victor|0 fnt\n|faint|p1b: Victor\n|move|p1a: Gang Gang|Will-O-Wisp|p2a: Muk\n|-status|p2a: Muk|brn\n|move|p2a: Muk|Ice Punch|p1a: Gang Gang\n|-damage|p1a: Gang Gang|31/262\n|-start|p2a: Muk|Disable|Ice Punch|[from] ability: Cursed Body|[of] p1a: Gang Gang\n|debug|natural status immunity\n|debug|immune to status\n|\n|-damage|p2a: Muk|389/414 brn|[from] brn\n|upkeep\n|\n|t:|1738716994\n|switch|p1b: Snax|Snorlax, M|461/461\n|-damage|p1b: Snax|404/461|[from] Stealth Rock\n|turn|9\n|\n|t:|1738717022\n|move|p1a: Gang Gang|Protect|p1a: Gang Gang\n|-singleturn|p1a: Gang Gang|Protect\n|move|p2b: Nidoking|Ice Beam|p1a: Gang Gang\n|-activate|p1a: Gang Gang|move: Protect\n|move|p2a: Muk|Poison Jab|p1b: Snax\n|-damage|p1b: Snax|338/461\n|debug|set status [psn] interrupted\n|debug|move failed because it did nothing\n|move|p1b: Snax|Double-Edge|p2a: Muk\n|-damage|p2a: Muk|143/414 brn\n|-damage|p1b: Snax|257/461|[from] Recoil\n|\n|-heal|p2a: Muk|168/414 brn|[from] item: Black Sludge\n|-damage|p2a: Muk|143/414 brn|[from] brn\n|upkeep\n|turn|10\n|\n|t:|1738717057\n|switch|p2b: Rhydon|Rhydon, F|414/414\n|move|p1a: Gang Gang|Protect||[still]\n|debug|Success chance: 33%\n|-fail|p1a: Gang Gang\n|move|p2a: Muk|Shadow Sneak|p1a: Gang Gang\n|-supereffective|p1a: Gang Gang\n|-damage|p1a: Gang Gang|0 fnt\n|faint|p1a: Gang Gang\n|move|p1b: Snax|Self-Destruct|p2a: Muk|[spread] p2a,p2b\n|debug|Spread modifier: 0.75\n|debug|Spread modifier: 0.75\n|-resisted|p2b: Rhydon\n|-damage|p2a: Muk|0 fnt\n|-damage|p2b: Rhydon|342/414\n|faint|p1b: Snax\n|faint|p2a: Muk\n|\n|upkeep\n|\n|t:|1738717069\n|switch|p2a: Nidoking|Nidoking, M|40/304\n|switch|p1b: Polly|Poliwrath, F|110/322\n|-damage|p1b: Polly|90/322|[from] Stealth Rock\n|turn|11\n|-message|mistermoscow forfeited.\n|\n|win|Mattmandaman\n|c|☆mistermoscow|gg\n|c|☆Mattmandaman|gg\n|c|☆mistermoscow|gonna hop off for now, will prob be back on later\n|c|☆Mattmandaman|alright sounds good my dude\n|c|☆Mattmandaman|ill ttyl\n|c|☆mistermoscow|later homie\n","uploadtime":1738717082,"views":"23","formatid":"gen9doublescustomgame","rating":null,"private":0,"password":null}