{"id":"gen9doublescustomgame-2332374857","format":"[Gen 9] Doubles Custom Game","players":["mistermoscow","Mattmandaman"],"log":"|j|☆mistermoscow\n|j|☆Mattmandaman\n|t:|1743465132\n|gametype|doubles\n|player|p1|mistermoscow|alder|\n|player|p2|Mattmandaman|unknown|\n|teamsize|p1|6\n|teamsize|p2|6\n|gen|9\n|tier|[Gen 9] Doubles Custom Game\n|clearpoke\n|poke|p1|Nidoking, M|\n|poke|p1|Dugtrio, M|\n|poke|p1|Primeape, M|\n|poke|p1|Mr. Mime, M|\n|poke|p1|Jolteon, M|\n|poke|p1|Dragonite, M|\n|poke|p2|Starmie|\n|poke|p2|Pikachu, F|\n|poke|p2|Machamp, M|\n|poke|p2|Gengar, M|\n|poke|p2|Clefairy, F|\n|poke|p2|Nidoking, M|\n|teampreview\n|\n|t:|1743465204\n|start\n|switch|p1a: Dougie|Dugtrio, M|212/212\n|switch|p1b: Mimsy|Mr. Mime, M|284/284\n|switch|p2a: Gengar|Gengar, M|262/262\n|switch|p2b: Starmie|Starmie|262/262\n|debug|natural status immunity\n|turn|1\n|\n|t:|1743465227\n|move|p2b: Starmie|Protect|p2b: Starmie\n|-singleturn|p2b: Starmie|Protect\n|move|p1b: Mimsy|Fake Out|p2b: Starmie\n|-activate|p2b: Starmie|move: Protect\n|move|p1a: Dougie|High Horsepower|p2a: Gengar\n|-supereffective|p2a: Gengar\n|-enditem|p2a: Gengar|Focus Sash\n|-damage|p2a: Gengar|1/262\n|move|p2a: Gengar|Will-O-Wisp|p1a: Dougie\n|-status|p1a: Dougie|brn\n|\n|-damage|p1a: Dougie|199/212 brn|[from] brn\n|upkeep\n|debug|natural status immunity\n|turn|2\n|\n|t:|1743465249\n|move|p2a: Gengar|Protect|p2a: Gengar\n|-singleturn|p2a: Gengar|Protect\n|move|p1b: Mimsy|Follow Me|p1b: Mimsy\n|-singleturn|p1b: Mimsy|move: Follow Me\n|move|p1a: Dougie|Sucker Punch||[still]\n|-fail|p1a: Dougie\n|move|p2b: Starmie|Icy Wind|p1b: Mimsy|[spread] p1a,p1b\n|debug|Spread modifier: 0.75\n|-supereffective|p1a: Dougie\n|debug|Spread modifier: 0.75\n|-damage|p1a: Dougie|89/212 brn\n|-damage|p1b: Mimsy|248/284\n|-unboost|p1a: Dougie|spe|1\n|-unboost|p1b: Mimsy|spe|1\n|\n|-heal|p1b: Mimsy|265/284|[from] item: Leftovers\n|-damage|p1a: Dougie|76/212 brn|[from] brn\n|upkeep\n|debug|natural status immunity\n|turn|3\n|\n|t:|1743465274\n|switch|p2a: Clefairy|Clefairy, F|344/344\n|switch|p1a: Sparky|Jolteon, M|272/272\n|move|p2b: Starmie|Icy Wind|p1b: Mimsy|[spread] p1a,p1b\n|debug|Spread modifier: 0.75\n|debug|Spread modifier: 0.75\n|-damage|p1a: Sparky|225/272\n|-damage|p1b: Mimsy|231/284\n|debug|Covert Cloak prevent secondary\n|-unboost|p1b: Mimsy|spe|1\n|move|p1b: Mimsy|Thunder Wave|p2b: Starmie\n|-status|p2b: Starmie|par\n|\n|-heal|p1b: Mimsy|248/284|[from] item: Leftovers\n|upkeep\n|turn|4\n|\n|t:|1743465350\n|move|p1a: Sparky|Volt Switch|p2a: Clefairy\n|-damage|p2a: Clefairy|250/344\n|\n|t:|1743465362\n|switch|p1a: Puff Daddy|Dragonite, M|324/324|[from] Volt Switch\n|move|p2b: Starmie|Psychic|p1a: Puff Daddy\n|-damage|p1a: Puff Daddy|179/324\n|move|p1b: Mimsy|Seismic Toss|p2a: Clefairy\n|-damage|p2a: Clefairy|150/344\n|move|p2a: Clefairy|Heal Pulse|p2b: Starmie\n|-fail|p2b: Starmie|heal\n|debug|move failed because it did nothing\n|\n|-heal|p1b: Mimsy|265/284|[from] item: Leftovers\n|upkeep\n|turn|5\n|\n|t:|1743465403\n|switch|p1b: Apollo|Primeape, M|271/271\n|move|p1a: Puff Daddy|Rock Slide|p2b: Starmie|[spread] p2a,p2b\n|debug|Spread modifier: 0.75\n|debug|Spread modifier: 0.75\n|debug|Friend Guard weaken\n|-damage|p2a: Clefairy|85/344\n|-damage|p2b: Starmie|195/262 par\n|cant|p2b: Starmie|flinch\n|move|p2a: Clefairy|Seismic Toss|p1a: Puff Daddy\n|-damage|p1a: Puff Daddy|79/324\n|\n|upkeep\n|turn|6\n|\n|t:|1743465424\n|move|p1b: Apollo|Protect|p1b: Apollo\n|-singleturn|p1b: Apollo|Protect\n|move|p2a: Clefairy|Follow Me|p2a: Clefairy\n|-singleturn|p2a: Clefairy|move: Follow Me\n|move|p1a: Puff Daddy|Scale Shot|p2a: Clefairy\n|debug|Follow Me redirected target of move\n|-immune|p2a: Clefairy\n|move|p2b: Starmie|Psychic|p1b: Apollo\n|-activate|p1b: Apollo|move: Protect\n|\n|upkeep\n|turn|7\n|\n|t:|1743465438\n|switch|p1b: Mimsy|Mr. Mime, M|265/284\n|move|p1a: Puff Daddy|Extreme Speed|p2a: Clefairy\n|-damage|p2a: Clefairy|0 fnt\n|faint|p2a: Clefairy\n|move|p2b: Starmie|Psychic|p1b: Mimsy\n|-resisted|p1b: Mimsy\n|-damage|p1b: Mimsy|205/284\n|\n|-heal|p1b: Mimsy|222/284|[from] item: Leftovers\n|upkeep\n|\n|t:|1743465451\n|switch|p2a: Gengar|Gengar, M|1/262\n|turn|8\n|\n|t:|1743465491\n|switch|p1a: Sparky|Jolteon, M|225/272\n|move|p2a: Gengar|Protect|p2a: Gengar\n|-singleturn|p2a: Gengar|Protect\n|move|p1b: Mimsy|Thunder Wave|p2a: Gengar\n|-activate|p2a: Gengar|move: Protect\n|move|p2b: Starmie|Icy Wind|p1a: Sparky|[spread] p1a,p1b\n|debug|Spread modifier: 0.75\n|debug|Spread modifier: 0.75\n|-damage|p1a: Sparky|183/272\n|-damage|p1b: Mimsy|190/284\n|debug|Covert Cloak prevent secondary\n|-unboost|p1b: Mimsy|spe|1\n|\n|-heal|p1b: Mimsy|207/284|[from] item: Leftovers\n|upkeep\n|turn|9\n|\n|t:|1743465515\n|switch|p2a: Pikachu|Pikachu, F|211/211\n|move|p1a: Sparky|Electroweb|p2b: Starmie|[spread] p2b\n|-ability|p2a: Pikachu|Lightning Rod|boost\n|-boost|p2a: Pikachu|spa|1\n|debug|Spread modifier: 0.75\n|-supereffective|p2b: Starmie\n|-enditem|p2b: Starmie|Wacan Berry|[eat]\n|debug|-50% reduction\n|-enditem|p2b: Starmie|Wacan Berry|[weaken]\n|-damage|p2b: Starmie|122/262 par\n|-unboost|p2b: Starmie|spe|1\n|move|p1b: Mimsy|Seismic Toss|p2a: Pikachu\n|-damage|p2a: Pikachu|111/211\n|cant|p2b: Starmie|par\n|\n|-heal|p1b: Mimsy|224/284|[from] item: Leftovers\n|upkeep\n|turn|10\n|\n|t:|1743465572\n|switch|p1b: King Nido|Nidoking, M|304/304\n|-curestatus|p2b: Starmie|par|[from] ability: Natural Cure\n|switch|p2b: Nidoking|Nidoking, M|304/304\n|move|p1a: Sparky|Volt Switch|p2a: Pikachu\n|-activate|p2a: Pikachu|ability: Lightning Rod\n|-ability|p2a: Pikachu|Lightning Rod|boost\n|-boost|p2a: Pikachu|spa|1\n|move|p2a: Pikachu|Volt Switch|p1b: King Nido\n|-immune|p1b: King Nido\n|\n|upkeep\n|turn|11\n|\n|t:|1743465598\n|move|p1b: King Nido|Earth Power|p2b: Nidoking\n|-supereffective|p2b: Nidoking\n|-damage|p2b: Nidoking|0 fnt\n|faint|p2b: Nidoking\n|move|p1a: Sparky|Hyper Voice|p2a: Pikachu\n|-damage|p2a: Pikachu|0 fnt\n|faint|p2a: Pikachu\n|\n|upkeep\n|\n|t:|1743465611\n|switch|p2a: Machamp|Machamp, M|384/384\n|switch|p2b: Gengar|Gengar, M|1/262\n|turn|12\n|\n|t:|1743465643\n|move|p2b: Gengar|Protect|p2b: Gengar\n|-singleturn|p2b: Gengar|Protect\n|move|p1b: King Nido|Earth Power|p2a: Machamp\n|-damage|p2a: Machamp|183/384\n|move|p1a: Sparky|Volt Switch|p2a: Machamp\n|-damage|p2a: Machamp|44/384\n|\n|t:|1743465652\n|switch|p1a: Puff Daddy|Dragonite, M|79/324|[from] Volt Switch\n|move|p2a: Machamp|Fissure|p1b: King Nido\n|-damage|p1b: King Nido|0 fnt\n|faint|p1b: King Nido\n|-ohko\n|\n|upkeep\n|\n|t:|1743465669\n|switch|p1b: Dougie|Dugtrio, M|76/212 brn\n|debug|natural status immunity\n|turn|13\n|\n|t:|1743465677\n|switch|p2b: Starmie|Starmie|122/262\n|move|p1a: Puff Daddy|Extreme Speed|p2a: Machamp\n|-damage|p2a: Machamp|0 fnt\n|faint|p2a: Machamp\n|move|p1b: Dougie|Sucker Punch||[still]\n|-fail|p1b: Dougie\n|\n|-damage|p1b: Dougie|63/212 brn|[from] brn\n|upkeep\n|\n|t:|1743465680\n|switch|p2a: Gengar|Gengar, M|1/262\n|debug|natural status immunity\n|turn|14\n|\n|t:|1743465706\n|move|p1b: Dougie|Sucker Punch|p2b: Starmie\n|-supereffective|p2b: Starmie\n|-damage|p2b: Starmie|35/262\n|move|p2b: Starmie|Psychic|p1b: Dougie\n|-damage|p1b: Dougie|0 fnt\n|faint|p1b: Dougie\n|move|p2a: Gengar|Sludge Bomb|p1a: Puff Daddy\n|-damage|p1a: Puff Daddy|0 fnt\n|debug|move failed because it did nothing\n|faint|p1a: Puff Daddy\n|\n|upkeep\n|\n|t:|1743465715\n|switch|p1b: Apollo|Primeape, M|271/271\n|switch|p1a: Mimsy|Mr. Mime, M|224/284\n|turn|15\n|\n|t:|1743465726\n|move|p2b: Starmie|Protect|p2b: Starmie\n|-singleturn|p2b: Starmie|Protect\n|move|p1a: Mimsy|Fake Out|p2b: Starmie\n|-activate|p2b: Starmie|move: Protect\n|move|p2a: Gengar|Sludge Bomb|p1a: Mimsy\n|-supereffective|p1a: Mimsy\n|debug|Filter neutralize\n|-damage|p1a: Mimsy|22/284\n|move|p1b: Apollo|Rage Fist|p2a: Gengar\n|-supereffective|p2a: Gengar\n|-damage|p2a: Gengar|0 fnt\n|-start|p1b: Apollo|Disable|Rage Fist|[from] ability: Cursed Body|[of] p2a: Gengar\n|faint|p2a: Gengar\n|\n|-heal|p1a: Mimsy|39/284|[from] item: Leftovers\n|upkeep\n|turn|16\n|\n|t:|1743465750\n|move|p1a: Mimsy|Follow Me|p1a: Mimsy\n|-singleturn|p1a: Mimsy|move: Follow Me\n|move|p2b: Starmie|Psychic|p1a: Mimsy\n|debug|Follow Me redirected target of move\n|-resisted|p1a: Mimsy\n|-damage|p1a: Mimsy|0 fnt\n|faint|p1a: Mimsy\n|move|p1b: Apollo|Bulk Up|p1b: Apollo\n|-boost|p1b: Apollo|atk|1\n|-boost|p1b: Apollo|def|1\n|\n|upkeep\n|\n|t:|1743465758\n|switch|p1a: Sparky|Jolteon, M|183/272\n|turn|17\n|\n|t:|1743465768\n|move|p1a: Sparky|Volt Switch|p2b: Starmie\n|-supereffective|p2b: Starmie\n|-damage|p2b: Starmie|0 fnt\n|faint|p2b: Starmie\n|\n|win|mistermoscow\n","uploadtime":1743465776,"views":"15","formatid":"gen9doublescustomgame","rating":null,"private":0,"password":null}