{"id":"gen9doublescustomgame-2342917460","format":"[Gen 9] Doubles Custom Game","players":["je64","mistermoscow"],"log":"|j|☆je64\n|j|☆mistermoscow\n|t:|1744676578\n|gametype|doubles\n|player|p1|je64|265|\n|player|p2|mistermoscow|alder|\n|teamsize|p1|6\n|teamsize|p2|6\n|gen|9\n|tier|[Gen 9] Doubles Custom Game\n|clearpoke\n|poke|p1|Gengar, F|\n|poke|p1|Exeggutor, F|\n|poke|p1|Magmar, M|\n|poke|p1|Rhydon, M|\n|poke|p1|Kadabra, M|\n|poke|p1|Golbat, F|\n|poke|p2|Nidoking, M|\n|poke|p2|Primeape, M|\n|poke|p2|Exeggutor, M|\n|poke|p2|Mr. Mime, M|\n|poke|p2|Jolteon, M|\n|poke|p2|Dragonite, M|\n|teampreview\n|\n|t:|1744676670\n|start\n|switch|p1a: La Don|Rhydon, M|351/351\n|switch|p1b: Stranger|Gengar, F|262/262\n|switch|p2a: Apollo|Primeape, M|271/271\n|switch|p2b: Mimsy|Mr. Mime, M|284/284\n|turn|1\n|\n|t:|1744676692\n|move|p2b: Mimsy|Follow Me|p2b: Mimsy\n|-singleturn|p2b: Mimsy|move: Follow Me\n|move|p1b: Stranger|Sludge Bomb|p2b: Mimsy\n|debug|Follow Me redirected target of move\n|-supereffective|p2b: Mimsy\n|debug|Filter neutralize\n|-damage|p2b: Mimsy|85/284\n|-status|p2b: Mimsy|psn\n|move|p2a: Apollo|Bulk Up|p2a: Apollo\n|-boost|p2a: Apollo|atk|1\n|-boost|p2a: Apollo|def|1\n|move|p1a: La Don|Rock Polish|p1a: La Don\n|-boost|p1a: La Don|spe|2\n|\n|-heal|p2b: Mimsy|102/284 psn|[from] item: Leftovers\n|-damage|p2b: Mimsy|67/284 psn|[from] psn\n|upkeep\n|turn|2\n|\n|t:|1744676717\n|move|p1a: La Don|Rock Polish|p1a: La Don\n|-boost|p1a: La Don|spe|2\n|move|p1b: Stranger|Sludge Bomb|p2a: Apollo\n|-damage|p2a: Apollo|157/271\n|move|p2a: Apollo|Drain Punch|p1a: La Don\n|-supereffective|p1a: La Don\n|-damage|p1a: La Don|121/351\n|-heal|p2a: Apollo|271/271|[from] drain|[of] p1a: La Don\n|move|p2b: Mimsy|Sunny Day|p2b: Mimsy\n|-weather|SunnyDay\n|\n|-weather|SunnyDay|[upkeep]\n|-heal|p2b: Mimsy|84/284 psn|[from] item: Leftovers\n|-damage|p2b: Mimsy|49/284 psn|[from] psn\n|upkeep\n|turn|3\n|\n|t:|1744676741\n|move|p2a: Apollo|Protect|p2a: Apollo\n|-singleturn|p2a: Apollo|Protect\n|move|p1a: La Don|Heat Crash|p2a: Apollo\n|-activate|p2a: Apollo|move: Protect\n|move|p1b: Stranger|Sludge Bomb|p2a: Apollo\n|-activate|p2a: Apollo|move: Protect\n|move|p2b: Mimsy|Dazzling Gleam|p1b: Stranger|[spread] p1a,p1b\n|debug|Spread modifier: 0.75\n|debug|Spread modifier: 0.75\n|-resisted|p1b: Stranger\n|-damage|p1a: La Don|27/351\n|-damage|p1b: Stranger|209/262\n|\n|-weather|SunnyDay|[upkeep]\n|-heal|p2b: Mimsy|66/284 psn|[from] item: Leftovers\n|-damage|p2b: Mimsy|31/284 psn|[from] psn\n|upkeep\n|turn|4\n|\n|t:|1744676769\n|move|p2b: Mimsy|Follow Me|p2b: Mimsy\n|-singleturn|p2b: Mimsy|move: Follow Me\n|move|p1a: La Don|Heat Crash|p2b: Mimsy\n|debug|Follow Me redirected target of move\n|debug|BP: 60\n|debug|Sunny Day fire boost\n|-damage|p2b: Mimsy|0 fnt\n|faint|p2b: Mimsy\n|move|p1b: Stranger|Sludge Bomb|p2a: Apollo\n|-damage|p2a: Apollo|156/271\n|move|p2a: Apollo|Rage Fist|p1b: Stranger\n|-supereffective|p1b: Stranger\n|-damage|p1b: Stranger|0 fnt\n|faint|p1b: Stranger\n|\n|-weather|SunnyDay|[upkeep]\n|upkeep\n|\n|t:|1744676808\n|switch|p1b: San Ti Ren 三体人|Exeggutor, F|331/331\n|switch|p2b: Puff Daddy|Dragonite, M|355/355\n|turn|5\n|\n|t:|1744676822\n|move|p1a: La Don|Rock Slide|p2a: Apollo|[spread] p2a,p2b\n|debug|Spread modifier: 0.75\n|-resisted|p2a: Apollo\n|debug|Spread modifier: 0.75\n|-supereffective|p2b: Puff Daddy\n|debug|Multiscale weaken\n|-damage|p2a: Apollo|120/271\n|-damage|p2b: Puff Daddy|256/355\n|debug|Covert Cloak prevent secondary\n|move|p1b: San Ti Ren 三体人|Sleep Powder|p2a: Apollo|[miss]\n|-miss|p1b: San Ti Ren 三体人|p2a: Apollo\n|move|p2b: Puff Daddy|Tailwind|p2b: Puff Daddy\n|-sidestart|p2: mistermoscow|move: Tailwind\n|move|p2a: Apollo|Rage Fist|p1b: San Ti Ren 三体人\n|-supereffective|p1b: San Ti Ren 三体人\n|-damage|p1b: San Ti Ren 三体人|0 fnt\n|faint|p1b: San Ti Ren 三体人\n|\n|-weather|SunnyDay|[upkeep]\n|upkeep\n|\n|t:|1744676857\n|switch|p1b: Myagmar|Magmar, M|334/334\n|turn|6\n|\n|t:|1744676881\n|move|p2a: Apollo|Protect|p2a: Apollo\n|-singleturn|p2a: Apollo|Protect\n|move|p2b: Puff Daddy|Extreme Speed|p1a: La Don\n|-resisted|p1a: La Don\n|-damage|p1a: La Don|0 fnt\n|faint|p1a: La Don\n|move|p1b: Myagmar|Will-O-Wisp|p2b: Puff Daddy\n|-status|p2b: Puff Daddy|brn\n|\n|-weather|none\n|-damage|p2b: Puff Daddy|234/355 brn|[from] brn\n|upkeep\n|\n|t:|1744676894\n|switch|p1a: Ms. Peters|Golbat, F|354/354\n|turn|7\n|\n|t:|1744676939\n|move|p2b: Puff Daddy|Scale Shot|p1a: Ms. Peters\n|-damage|p1a: Ms. Peters|338/354\n|-damage|p1a: Ms. Peters|320/354\n|-damage|p1a: Ms. Peters|301/354\n|-damage|p1a: Ms. Peters|283/354\n|-damage|p1a: Ms. Peters|265/354\n|-hitcount|p1a: Ms. Peters|5\n|-unboost|p2b: Puff Daddy|def|1\n|-boost|p2b: Puff Daddy|spe|1\n|move|p2a: Apollo|Drain Punch|p1b: Myagmar\n|-damage|p1b: Myagmar|195/334\n|-heal|p2a: Apollo|190/271|[from] drain|[of] p1b: Myagmar\n|move|p1b: Myagmar|Will-O-Wisp|p2a: Apollo\n|-status|p2a: Apollo|brn\n|move|p1a: Ms. Peters|Sunny Day|p1a: Ms. Peters\n|-weather|SunnyDay\n|\n|-weather|SunnyDay|[upkeep]\n|-damage|p2b: Puff Daddy|212/355 brn|[from] brn\n|-damage|p2a: Apollo|174/271 brn|[from] brn\n|upkeep\n|turn|8\n|\n|t:|1744676968\n|move|p2b: Puff Daddy|Roost|p2b: Puff Daddy\n|-heal|p2b: Puff Daddy|355/355 brn\n|-singleturn|p2b: Puff Daddy|move: Roost\n|move|p2a: Apollo|Bulk Up|p2a: Apollo\n|-boost|p2a: Apollo|atk|1\n|-boost|p2a: Apollo|def|1\n|move|p1b: Myagmar|Overheat|p2a: Apollo\n|debug|Sunny Day fire boost\n|-damage|p2a: Apollo|15/271 brn\n|-unboost|p1b: Myagmar|spa|2\n|move|p1a: Ms. Peters|Super Fang|p2a: Apollo\n|-damage|p2a: Apollo|8/271 brn\n|\n|-weather|SunnyDay|[upkeep]\n|-damage|p2b: Puff Daddy|333/355 brn|[from] brn\n|-damage|p2a: Apollo|0 fnt|[from] brn\n|faint|p2a: Apollo\n|-sideend|p2: mistermoscow|move: Tailwind\n|upkeep\n|\n|t:|1744676986\n|switch|p2a: Eggman|Exeggutor, M|332/332\n|turn|9\n|\n|t:|1744677004\n|switch|p1b: K.Dot|Kadabra, M|221/221\n|move|p2a: Eggman|Psychic|p1b: K.Dot\n|-resisted|p1b: K.Dot\n|-crit|p1b: K.Dot\n|-enditem|p1b: K.Dot|Focus Sash\n|-damage|p1b: K.Dot|1/221\n|-damage|p2a: Eggman|299/332|[from] item: Life Orb\n|move|p2b: Puff Daddy|Scale Shot|p1b: K.Dot\n|-damage|p1b: K.Dot|0 fnt\n|faint|p1b: K.Dot\n|-hitcount|p1: K.Dot|1\n|-unboost|p2b: Puff Daddy|def|1\n|-boost|p2b: Puff Daddy|spe|1\n|move|p1a: Ms. Peters|Dual Wingbeat|p2a: Eggman\n|-supereffective|p2a: Eggman\n|-damage|p2a: Eggman|215/332\n|-supereffective|p2a: Eggman\n|-damage|p2a: Eggman|119/332\n|-hitcount|p2a: Eggman|2\n|\n|-weather|SunnyDay|[upkeep]\n|-damage|p2b: Puff Daddy|311/355 brn|[from] brn\n|upkeep\n|\n|t:|1744677022\n|switch|p1b: Myagmar|Magmar, M|195/334\n|turn|10\n|\n|t:|1744677076\n|move|p2b: Puff Daddy|Scale Shot|p1b: Myagmar\n|-damage|p1b: Myagmar|177/334\n|-damage|p1b: Myagmar|158/334\n|-hitcount|p1b: Myagmar|2\n|-unboost|p2b: Puff Daddy|def|1\n|-boost|p2b: Puff Daddy|spe|1\n|move|p2a: Eggman|Psychic|p1a: Ms. Peters\n|-supereffective|p1a: Ms. Peters\n|-damage|p1a: Ms. Peters|0 fnt\n|faint|p1a: Ms. Peters\n|-damage|p2a: Eggman|86/332|[from] item: Life Orb\n|move|p1b: Myagmar|Overheat|p2b: Puff Daddy\n|debug|Sunny Day fire boost\n|-resisted|p2b: Puff Daddy\n|-damage|p2b: Puff Daddy|201/355 brn\n|-unboost|p1b: Myagmar|spa|2\n|\n|-weather|SunnyDay|[upkeep]\n|-damage|p2b: Puff Daddy|179/355 brn|[from] brn\n|upkeep\n|turn|11\n|\n|t:|1744677097\n|move|p2b: Puff Daddy|Scale Shot|p1b: Myagmar\n|-damage|p1b: Myagmar|140/334\n|-damage|p1b: Myagmar|122/334\n|-damage|p1b: Myagmar|102/334\n|-damage|p1b: Myagmar|83/334\n|-hitcount|p1b: Myagmar|4\n|-unboost|p2b: Puff Daddy|def|1\n|-boost|p2b: Puff Daddy|spe|1\n|move|p2a: Eggman|Psychic|p1b: Myagmar\n|-damage|p1b: Myagmar|0 fnt\n|faint|p1b: Myagmar\n|-damage|p2a: Eggman|53/332|[from] item: Life Orb\n|\n|win|mistermoscow\n","uploadtime":1744677110,"views":"11","formatid":"gen9doublescustomgame","rating":null,"private":0,"password":null}