{"id":"gen9doublescustomgame-2283259512","format":"[Gen 9] Doubles Custom Game","players":["mistermoscow","je64"],"log":"|j|☆mistermoscow\n|j|☆je64\n|t:|1737170741\n|gametype|doubles\n|player|p1|mistermoscow|alder|\n|player|p2|je64|170|\n|teamsize|p1|6\n|teamsize|p2|6\n|gen|9\n|tier|[Gen 9] Doubles Custom Game\n|clearpoke\n|poke|p1|Clefairy, M|\n|poke|p1|Gengar, M|\n|poke|p1|Kingler, M|\n|poke|p1|Ditto|\n|poke|p1|Jolteon, M|\n|poke|p1|Dragonite, M|\n|poke|p2|Dugtrio, M|\n|poke|p2|Hitmonchan, M|\n|poke|p2|Magmar, F|\n|poke|p2|Exeggcute, F|\n|poke|p2|Dodrio, M|\n|poke|p2|Articuno|\n|teampreview\n|j| Mattmandaman\n|c| Mattmandaman|go stephen!\n|c|☆je64|quiet in the chat plz\n|\n|t:|1737170820\n|start\n|switch|p1a: Spook|Gengar, M|261/261\n|switch|p1b: Puff|Dragonite, M|355/355\n|switch|p2a: Fissure Bro|Dugtrio, M, shiny|274/274\n|switch|p2b: Myagmar|Magmar, F|271/271\n|debug|natural status immunity\n|turn|1\n|\n|t:|1737170882\n|switch|p1a: Mister Snips|Kingler, M|252/252\n|move|p2a: Fissure Bro|High Horsepower|p1a: Mister Snips\n|-damage|p1a: Mister Snips|146/252\n|move|p2b: Myagmar|Psychic|p1b: Puff\n|-damage|p1b: Puff|220/355\n|-unboost|p1b: Puff|spd|1\n|move|p1b: Puff|Dragon Dance|p1b: Puff\n|-boost|p1b: Puff|atk|1\n|-boost|p1b: Puff|spe|1\n|\n|-heal|p1b: Puff|242/355|[from] item: Leftovers\n|upkeep\n|turn|2\n|\n|t:|1737170915\n|switch|p2a: Articu-no-hit-me|Articuno|384/384\n|switch|p2b: Jackie|Hitmonchan, M|242/242\n|move|p1b: Puff|Rock Slide|p2b: Jackie|[spread] p2a,p2b\n|debug|Spread modifier: 0.75\n|-supereffective|p2a: Articu-no-hit-me\n|debug|Spread modifier: 0.75\n|-resisted|p2b: Jackie\n|-damage|p2a: Articu-no-hit-me|4/384\n|-damage|p2b: Jackie|175/242\n|move|p1a: Mister Snips|Liquidation|p2a: Articu-no-hit-me\n|-damage|p2a: Articu-no-hit-me|0 fnt\n|faint|p2a: Articu-no-hit-me\n|\n|-heal|p1b: Puff|264/355|[from] item: Leftovers\n|upkeep\n|c| Mattmandaman|no AT??\n|c|☆je64|AT?\n|c|☆mistermoscow|AT?\n|c| Mattmandaman|arena trap\n|c|☆mistermoscow|arena trap doesnt affect ghost types\n|c|☆je64|no it has it\n|c|☆je64|cmon matt\n|c| Mattmandaman|ohh ghosts just immune to all trapping shit?\n|c| Mattmandaman|i thought that was just shadow tag\n|\n|t:|1737171006\n|switch|p2a: Dodrio|Dodrio, M|261/261\n|turn|3\n|c| Mattmandaman|and arena trap was all but flying and levitate\n|c|☆mistermoscow|yeah idk\n|\n|t:|1737171042\n|switch|p1a: Clifford|Clefairy, M|344/344\n|move|p2a: Dodrio|Double-Edge|p1a: Clifford\n|-enditem|p2a: Dodrio|Normal Gem|[from] gem\n|debug|Gem Boost\n|-damage|p1a: Clifford|73/344\n|-damage|p2a: Dodrio|172/261|[from] Recoil\n|move|p1b: Puff|Rock Slide|p2a: Dodrio|[spread] p2a,p2b\n|debug|Spread modifier: 0.75\n|-supereffective|p2a: Dodrio\n|debug|Spread modifier: 0.75\n|-resisted|p2b: Jackie\n|-damage|p2a: Dodrio|0 fnt\n|-damage|p2b: Jackie|106/242\n|debug|move failed because it did nothing\n|faint|p2a: Dodrio\n|move|p2b: Jackie|Ice Punch|p1b: Puff\n|debug|Punching Glove boost\n|debug|Iron Fist boost\n|-supereffective|p1b: Puff\n|debug|Friend Guard weaken\n|-damage|p1b: Puff|0 fnt\n|faint|p1b: Puff\n|\n|upkeep\n|c| Mattmandaman|theres like no bulk in this league\n|\n|t:|1737171085\n|switch|p2a: Fissure Bro|Dugtrio, M, shiny|274/274\n|switch|p1b: Mister Snips|Kingler, M|146/252\n|turn|4\n|c|☆je64|chansey got all that bulk\n|c| Mattmandaman|snorlax too\n|\n|t:|1737171176\n|move|p2a: Fissure Bro|High Horsepower|p1b: Mister Snips\n|debug|Friend Guard weaken\n|-damage|p1b: Mister Snips|67/252\n|move|p2b: Jackie|Drain Punch|p1b: Mister Snips\n|debug|Punching Glove boost\n|debug|Iron Fist boost\n|debug|Friend Guard weaken\n|-damage|p1b: Mister Snips|0 fnt\n|-heal|p2b: Jackie|140/242|[from] drain|[of] p1b: Mister Snips\n|faint|p1b: Mister Snips\n|move|p1a: Clifford|Reflect|p1a: Clifford\n|-sidestart|p1: mistermoscow|Reflect\n|\n|upkeep\n|\n|t:|1737171190\n|switch|p1b: Spook|Gengar, M|261/261\n|debug|natural status immunity\n|turn|5\n|\n|t:|1737171213\n|move|p2a: Fissure Bro|High Horsepower|p1b: Spook\n|-supereffective|p1b: Spook\n|debug|Friend Guard weaken\n|debug|Reflect weaken\n|-damage|p1b: Spook|105/261\n|move|p1b: Spook|Will-O-Wisp|p2a: Fissure Bro\n|-status|p2a: Fissure Bro|brn\n|move|p2b: Jackie|Coaching|p2a: Fissure Bro\n|-boost|p2a: Fissure Bro|atk|1\n|-boost|p2a: Fissure Bro|def|1\n|move|p1a: Clifford|Light Screen|p1a: Clifford\n|-sidestart|p1: mistermoscow|move: Light Screen\n|\n|-damage|p2a: Fissure Bro|257/274 brn|[from] brn\n|upkeep\n|debug|natural status immunity\n|turn|6\n|\n|t:|1737171230\n|move|p2a: Fissure Bro|High Horsepower|p1b: Spook\n|-supereffective|p1b: Spook\n|debug|Friend Guard weaken\n|debug|Reflect weaken\n|-damage|p1b: Spook|0 fnt\n|faint|p1b: Spook\n|move|p2b: Jackie|Coaching|p2a: Fissure Bro\n|-boost|p2a: Fissure Bro|atk|1\n|-boost|p2a: Fissure Bro|def|1\n|move|p1a: Clifford|Moonblast|p2b: Jackie\n|-supereffective|p2b: Jackie\n|-damage|p2b: Jackie|0 fnt\n|faint|p2b: Jackie\n|\n|-damage|p2a: Fissure Bro|240/274 brn|[from] brn\n|upkeep\n|\n|t:|1737171248\n|switch|p1b: Imp|Ditto|300/300\n|switch|p2b: One day...|Exeggcute, F|324/324\n|-transform|p1b: Imp|p2a: Fissure Bro|[from] ability: Imposter\n|turn|7\n|\n|t:|1737171282\n|move|p2a: Fissure Bro|High Horsepower|p1a: Clifford\n|debug|Reflect weaken\n|-damage|p1a: Clifford|0 fnt\n|faint|p1a: Clifford\n|move|p1b: Imp|High Horsepower|p2a: Fissure Bro|[miss]\n|-miss|p1b: Imp|p2a: Fissure Bro\n|move|p2b: One day...|Leech Seed|p1b: Imp\n|-start|p1b: Imp|move: Leech Seed\n|\n|-damage|p1b: Imp|263/300|[from] Leech Seed|[of] p2b: One day...\n|-damage|p2a: Fissure Bro|223/274 brn|[from] brn\n|upkeep\n|\n|t:|1737171292\n|switch|p1a: Sparky|Jolteon, M|271/271\n|-item|p1a: Sparky|Air Balloon\n|turn|8\n|\n|t:|1737171306\n|move|p2a: Fissure Bro|Protect|p2a: Fissure Bro\n|-singleturn|p2a: Fissure Bro|Protect\n|move|p1a: Sparky|Shadow Ball|p2b: One day...\n|-supereffective|p2b: One day...\n|-damage|p2b: One day...|122/324\n|-enditem|p2b: One day...|Sitrus Berry|[eat]\n|-heal|p2b: One day...|203/324|[from] item: Sitrus Berry\n|move|p1b: Imp|High Horsepower|p2a: Fissure Bro\n|-activate|p2a: Fissure Bro|move: Protect\n|move|p2b: One day...|Psychic|p1a: Sparky\n|debug|Light Screen weaken\n|-damage|p1a: Sparky|226/271\n|-enditem|p1a: Sparky|Air Balloon\n|\n|-damage|p1b: Imp|226/300|[from] Leech Seed|[of] p2b: One day...\n|-heal|p2b: One day...|240/324|[silent]\n|-damage|p2a: Fissure Bro|206/274 brn|[from] brn\n|-sideend|p1: mistermoscow|Reflect\n|-item|p2b: One day...|Sitrus Berry|[from] ability: Harvest\n|upkeep\n|turn|9\n|\n|t:|1737171360\n|move|p1a: Sparky|Shadow Ball|p2b: One day...\n|-supereffective|p2b: One day...\n|-damage|p2b: One day...|6/324\n|-enditem|p2b: One day...|Sitrus Berry|[eat]\n|-heal|p2b: One day...|87/324|[from] item: Sitrus Berry\n|move|p1b: Imp|High Horsepower|p2b: One day...\n|-resisted|p2b: One day...\n|-damage|p2b: One day...|0 fnt\n|faint|p2b: One day...\n|move|p2a: Fissure Bro|Scary Face|p1b: Imp\n|-unboost|p1b: Imp|spe|2\n|\n|debug|Nothing to leech into\n|-damage|p2a: Fissure Bro|189/274 brn|[from] brn\n|-sideend|p1: mistermoscow|move: Light Screen\n|upkeep\n|\n|t:|1737171373\n|switch|p2b: Myagmar|Magmar, F|271/271\n|turn|10\n|\n|t:|1737171426\n|move|p1a: Sparky|Electroweb|p2b: Myagmar|[spread] p2b\n|-immune|p2a: Fissure Bro\n|debug|Spread modifier: 0.75\n|-damage|p2b: Myagmar|192/271\n|-unboost|p2b: Myagmar|spe|1\n|move|p2a: Fissure Bro|Sunny Day|p2a: Fissure Bro\n|-weather|SunnyDay\n|move|p2b: Myagmar|Heat Wave|p1b: Imp|[spread] p1a,p1b\n|debug|Spread modifier: 0.75\n|debug|Sunny Day fire boost\n|debug|Spread modifier: 0.75\n|debug|Sunny Day fire boost\n|-damage|p1a: Sparky|0 fnt\n|-damage|p1b: Imp|0 fnt\n|debug|Covert Cloak prevent secondary\n|faint|p1a: Sparky\n|faint|p1b: Imp\n|\n|win|je64\n|c| Mattmandaman|damn\n|c|☆je64|yessss\n","uploadtime":1737171442,"views":"31","formatid":"gen9doublescustomgame","rating":null,"private":0,"password":null}