{"id":"gen9doublescustomgame-2281910362","format":"[Gen 9] Doubles Custom Game","players":["mistermoscow","Mattmandaman"],"log":"|j|☆mistermoscow\n|j|☆Mattmandaman\n|t:|1736988197\n|gametype|doubles\n|player|p1|mistermoscow|alder|\n|player|p2|Mattmandaman|giovanni|\n|teamsize|p1|6\n|teamsize|p2|6\n|gen|9\n|tier|[Gen 9] Doubles Custom Game\n|clearpoke\n|poke|p1|Victreebel, M|\n|poke|p1|Gengar, M|\n|poke|p1|Kingler, M|\n|poke|p1|Pinsir, F|\n|poke|p1|Snorlax, M|\n|poke|p1|Dragonite, M|\n|poke|p2|Starmie|\n|poke|p2|Gengar, M|\n|poke|p2|Electrode|\n|poke|p2|Dodrio, F|\n|poke|p2|Nidoking, M|\n|poke|p2|Marowak, F|\n|teampreview\n|\n|t:|1736988285\n|start\n|switch|p1a: Puff|Dragonite, M|324/324\n|switch|p1b: Victor|Victreebel, M|333/333\n|switch|p2a: Dodrio|Dodrio, F|262/262\n|switch|p2b: Marowak|Marowak, F|262/262\n|turn|1\n|\n|t:|1736988306\n|move|p2a: Dodrio|Tailwind|p2a: Dodrio\n|-sidestart|p2: Mattmandaman|move: Tailwind\n|move|p2b: Marowak|Rock Slide|p1a: Puff|[spread] p1a,p1b\n|debug|Spread modifier: 0.75\n|-supereffective|p1a: Puff\n|debug|Spread modifier: 0.75\n|-crit|p1b: Victor\n|-damage|p1a: Puff|144/324\n|-damage|p1b: Victor|132/333\n|move|p1a: Puff|Dragon Dance|p1a: Puff\n|-boost|p1a: Puff|atk|1\n|-boost|p1a: Puff|spe|1\n|move|p1b: Victor|Sleep Powder|p2b: Marowak\n|-status|p2b: Marowak|slp|[from] move: Sleep Powder\n|\n|-heal|p1b: Victor|152/333|[from] item: Black Sludge\n|upkeep\n|turn|2\n|\n|t:|1736988343\n|move|p2a: Dodrio|Brave Bird|p1a: Puff\n|-crit|p1a: Puff\n|-damage|p1a: Puff|0 fnt\n|faint|p1a: Puff\n|-damage|p2a: Dodrio|214/262|[from] Recoil\n|cant|p2b: Marowak|slp\n|move|p1b: Victor|Sleep Powder|p2a: Dodrio\n|-status|p2a: Dodrio|slp|[from] move: Sleep Powder\n|\n|-heal|p1b: Victor|172/333|[from] item: Black Sludge\n|upkeep\n|\n|t:|1736988377\n|switch|p1a: Spook|Gengar, M|262/262\n|turn|3\n|\n|t:|1736988398\n|-curestatus|p2a: Dodrio|slp|[msg]\n|move|p2a: Dodrio|Brave Bird|p1b: Victor\n|-supereffective|p1b: Victor\n|-damage|p1b: Victor|0 fnt\n|faint|p1b: Victor\n|-damage|p2a: Dodrio|157/262|[from] Recoil\n|-curestatus|p2b: Marowak|slp|[msg]\n|move|p2b: Marowak|Earthquake|p1a: Spook|[spread] p1a\n|-immune|p2a: Dodrio\n|debug|Spread modifier: 0.75\n|-supereffective|p1a: Spook\n|-enditem|p1a: Spook|Focus Sash\n|-damage|p1a: Spook|1/262\n|-start|p2b: Marowak|Disable|Earthquake|[from] ability: Cursed Body|[of] p1a: Spook\n|move|p1a: Spook|Sludge Bomb|p2a: Dodrio\n|-damage|p2a: Dodrio|0 fnt\n|debug|Covert Cloak prevent secondary\n|faint|p2a: Dodrio\n|\n|upkeep\n|\n|t:|1736988439\n|switch|p2a: Nidoking|Nidoking, M|304/304\n|switch|p1b: Clamps 2|Pinsir, F|334/334\n|turn|4\n|\n|t:|1736988456\n|switch|p2b: Gengar|Gengar, M|262/262\n|move|p1a: Spook|Protect|p1a: Spook\n|-singleturn|p1a: Spook|Protect\n|move|p2a: Nidoking|Sludge Wave|p1b: Clamps 2|[spread] p2b,p1b\n|-activate|p1a: Spook|move: Protect\n|debug|Spread modifier: 0.75\n|-resisted|p2b: Gengar\n|debug|Spread modifier: 0.75\n|-damage|p2b: Gengar|202/262\n|-damage|p1b: Clamps 2|134/334\n|-start|p2a: Nidoking|Disable|Sludge Wave|[from] ability: Cursed Body|[of] p2b: Gengar\n|move|p1b: Clamps 2|Guillotine|p2a: Nidoking|[miss]\n|-miss|p1b: Clamps 2|p2a: Nidoking\n|\n|-sideend|p2: Mattmandaman|move: Tailwind\n|upkeep\n|turn|5\n|j| jhlbv\n|l| jhlbv\n|\n|t:|1736988492\n|move|p1a: Spook|Psychic|p2b: Gengar\n|-supereffective|p2b: Gengar\n|-damage|p2b: Gengar|0 fnt\n|faint|p2b: Gengar\n|move|p2a: Nidoking|Earth Power|p1b: Clamps 2\n|-resisted|p1b: Clamps 2\n|-damage|p1b: Clamps 2|5/334\n|move|p1b: Clamps 2|Guillotine|p2a: Nidoking|[miss]\n|-miss|p1b: Clamps 2|p2a: Nidoking\n|\n|upkeep\n|\n|t:|1736988502\n|switch|p2b: Electrode|Electrode|324/324\n|turn|6\n|\n|t:|1736988517\n|move|p1a: Spook|Protect|p1a: Spook\n|-singleturn|p1a: Spook|Protect\n|move|p2b: Electrode|Electroweb|p1a: Spook|[spread] p1b\n|-activate|p1a: Spook|move: Protect\n|debug|Spread modifier: 0.75\n|-damage|p1b: Clamps 2|0 fnt\n|debug|Covert Cloak prevent secondary\n|faint|p1b: Clamps 2\n|move|p2a: Nidoking|Earth Power|p1a: Spook\n|-activate|p1a: Spook|move: Protect\n|\n|upkeep\n|\n|t:|1736988530\n|switch|p1b: Clamps 1|Kingler, M|251/251\n|turn|7\n|\n|t:|1736988547\n|move|p1b: Clamps 1|Wide Guard|p1b: Clamps 1\n|-singleturn|p1b: Clamps 1|Wide Guard\n|move|p2b: Electrode|Electroweb|p1b: Clamps 1|[spread] \n|-activate|p1a: Spook|move: Wide Guard\n|-activate|p1b: Clamps 1|move: Wide Guard\n|move|p1a: Spook|Psychic|p2a: Nidoking\n|-supereffective|p2a: Nidoking\n|-damage|p2a: Nidoking|32/304\n|move|p2a: Nidoking|Earth Power|p1b: Clamps 1\n|-damage|p1b: Clamps 1|0 fnt\n|faint|p1b: Clamps 1\n|\n|-end|p2a: Nidoking|Disable\n|upkeep\n|\n|t:|1736988560\n|switch|p1b: Snax|Snorlax, M|462/462\n|turn|8\n|\n|t:|1736988588\n|move|p1a: Spook|Protect|p1a: Spook\n|-singleturn|p1a: Spook|Protect\n|move|p2b: Electrode|Electroweb|p1a: Spook|[spread] p1b\n|-activate|p1a: Spook|move: Protect\n|debug|Spread modifier: 0.75\n|-damage|p1b: Snax|411/462\n|-unboost|p1b: Snax|spe|1\n|move|p2a: Nidoking|Earth Power|p1b: Snax\n|-damage|p1b: Snax|200/462\n|move|p1b: Snax|Double-Edge|p2b: Electrode\n|-damage|p2b: Electrode|32/324\n|-damage|p1b: Snax|104/462|[from] Recoil\n|\n|-heal|p1b: Snax|132/462|[from] item: Leftovers\n|upkeep\n|turn|9\n|j| jhlbv\n|l| jhlbv\n|\n|t:|1736988632\n|move|p1a: Spook|Protect||[still]\n|debug|Success chance: 33%\n|-fail|p1a: Spook\n|move|p2b: Electrode|Electroweb|p1a: Spook|[spread] p1a,p1b\n|debug|Spread modifier: 0.75\n|debug|Spread modifier: 0.75\n|-damage|p1a: Spook|0 fnt\n|-damage|p1b: Snax|80/462\n|-unboost|p1b: Snax|spe|1\n|faint|p1a: Spook\n|move|p2a: Nidoking|Earth Power|p1b: Snax\n|-damage|p1b: Snax|0 fnt\n|faint|p1b: Snax\n|\n|win|Mattmandaman\n","uploadtime":1736988646,"views":"29","formatid":"gen9doublescustomgame","rating":null,"private":0,"password":null}