{"id":"gen9doublescustomgame-2195470481","format":"[Gen 9] Doubles Custom Game","players":["mistermoscow","Mango Meloetta"],"log":"|j|☆mistermoscow\n|j|☆Mango Meloetta\n|t:|1725581983\n|gametype|doubles\n|player|p1|mistermoscow|alder|\n|player|p2|Mango Meloetta|li|\n|teamsize|p1|6\n|teamsize|p2|6\n|gen|9\n|tier|[Gen 9] Doubles Custom Game\n|clearpoke\n|poke|p1|Ninetales-Alola, F|\n|poke|p1|Incineroar, F|\n|poke|p1|Landorus, M|\n|poke|p1|Gholdengo|\n|poke|p1|Ogerpon-Wellspring, F|\n|poke|p1|Regieleki|\n|poke|p2|Porygon2|\n|poke|p2|Zygarde|\n|poke|p2|Chien-Pao|\n|poke|p2|Genesect|\n|poke|p2|Gengar, F|\n|poke|p2|Dragonite, M|\n|teampreview\n|j| Mattmandaman\n|j| smokeydabearrr\n|\n|t:|1725582051\n|start\n|switch|p1a: Cindy|Incineroar, F|394/394\n|switch|p1b: Goldi|Gholdengo|378/378\n|switch|p2a: Porygon2|Porygon2|374/374\n|switch|p2b: Dragonite|Dragonite, M|386/386\n|-ability|p1a: Cindy|Intimidate|boost\n|-unboost|p2a: Porygon2|atk|1\n|-unboost|p2b: Dragonite|atk|1\n|-ability|p2a: Porygon2|Intimidate|boost\n|-unboost|p1a: Cindy|atk|1\n|-unboost|p1b: Goldi|atk|1\n|-ability|p2a: Porygon2|Intimidate|[from] ability: Trace|[of] p1a: Cindy\n|turn|1\n|\n|t:|1725582092\n|move|p1a: Cindy|Fake Out|p2a: Porygon2\n|-damage|p2a: Porygon2|354/374\n|move|p1b: Goldi|Make It Rain|p2b: Dragonite|[spread] p2a,p2b\n|debug|Spread modifier: 0.75\n|debug|Spread modifier: 0.75\n|debug|Multiscale weaken\n|-damage|p2a: Porygon2|203/374\n|-damage|p2b: Dragonite|323/386\n|-unboost|p1b: Goldi|spa|1\n|move|p2b: Dragonite|Tailwind|p2b: Dragonite\n|-sidestart|p2: Mango Meloetta|move: Tailwind\n|cant|p2a: Porygon2|flinch\n|\n|-heal|p2b: Dragonite|347/386|[from] item: Leftovers\n|upkeep\n|turn|2\n|\n|t:|1725582129\n|switch|p2b: Gengar|Gengar, F|261/261\n|switch|p2a: Genesect|Genesect|283/283\n|-ability|p2a: Genesect|Download|boost\n|-boost|p2a: Genesect|atk|1\n|switch|p1b: Princess Buttercup|Ninetales-Alola, F|350/350\n|-weather|Snow|[from] ability: Snow Warning|[of] p1b: Princess Buttercup\n|move|p1a: Cindy|Knock Off|p2a: Genesect\n|-damage|p2a: Genesect|178/283\n|-enditem|p2a: Genesect|Choice Scarf|[from] move: Knock Off|[of] p1a: Cindy\n|\n|-weather|Snow|[upkeep]\n|upkeep\n|turn|3\n|\n|t:|1725582179\n|switch|p1a: Goldi|Gholdengo|378/378\n|detailschange|p2b: Gengar|Gengar-Mega, F\n|-mega|p2b: Gengar|Gengar|Gengarite\n|move|p1b: Princess Buttercup|Protect|p1b: Princess Buttercup\n|-singleturn|p1b: Princess Buttercup|Protect\n|move|p2b: Gengar|Sludge Wave|p1b: Princess Buttercup|[spread] \n|-activate|p1b: Princess Buttercup|move: Protect\n|-immune|p2a: Genesect\n|-immune|p1a: Goldi\n|move|p2a: Genesect|Iron Head|p1b: Princess Buttercup\n|-activate|p1b: Princess Buttercup|move: Protect\n|\n|-weather|Snow|[upkeep]\n|upkeep\n|debug|natural status immunity\n|turn|4\n|\n|t:|1725582231\n|-terastallize|p1b: Princess Buttercup|Ghost\n|move|p1a: Goldi|Protect|p1a: Goldi\n|-singleturn|p1a: Goldi|Protect\n|move|p2b: Gengar|Shadow Ball|p1a: Goldi\n|-activate|p1a: Goldi|move: Protect\n|move|p2a: Genesect|Iron Head|p1b: Princess Buttercup\n|-damage|p1b: Princess Buttercup|158/350\n|cant|p1b: Princess Buttercup|flinch\n|\n|-weather|Snow|[upkeep]\n|-sideend|p2: Mango Meloetta|move: Tailwind\n|upkeep\n|debug|natural status immunity\n|debug|natural status immunity\n|turn|5\n|\n|t:|1725582271\n|switch|p1a: Cindy|Incineroar, F|394/394\n|-ability|p1a: Cindy|Intimidate|boost\n|-unboost|p2a: Genesect|atk|1\n|-unboost|p2b: Gengar|atk|1\n|move|p2b: Gengar|Shadow Ball|p1a: Cindy\n|-resisted|p1a: Cindy\n|-damage|p1a: Cindy|322/394\n|move|p1b: Princess Buttercup|Aurora Veil|p1b: Princess Buttercup\n|-sidestart|p1: mistermoscow|move: Aurora Veil\n|move|p2a: Genesect|Iron Head|p1b: Princess Buttercup\n|debug|Aurora Veil weaken\n|-damage|p1b: Princess Buttercup|60/350\n|\n|-weather|Snow|[upkeep]\n|upkeep\n|debug|natural status immunity\n|turn|6\n|\n|t:|1725582307\n|switch|p2b: Dragonite|Dragonite, M|347/386\n|switch|p2a: Porygon2|Porygon2|203/374\n|-ability|p2a: Porygon2|Intimidate|boost\n|-unboost|p1a: Cindy|atk|1\n|-unboost|p1b: Princess Buttercup|atk|1\n|-ability|p2a: Porygon2|Intimidate|[from] ability: Trace|[of] p1a: Cindy\n|move|p1b: Princess Buttercup|Protect|p1b: Princess Buttercup\n|-singleturn|p1b: Princess Buttercup|Protect\n|move|p1a: Cindy|Knock Off|p2b: Dragonite\n|-damage|p2b: Dragonite|268/386\n|-enditem|p2b: Dragonite|Leftovers|[from] move: Knock Off|[of] p1a: Cindy\n|\n|-weather|none\n|upkeep\n|turn|7\n|\n|t:|1725582333\n|move|p1b: Princess Buttercup|Icy Wind|p2a: Porygon2|[spread] p2a,p2b\n|debug|Spread modifier: 0.75\n|debug|Spread modifier: 0.75\n|-supereffective|p2b: Dragonite\n|-crit|p2b: Dragonite\n|-damage|p2a: Porygon2|164/374\n|-damage|p2b: Dragonite|84/386\n|-unboost|p2a: Porygon2|spe|1\n|-unboost|p2b: Dragonite|spe|1\n|move|p1a: Cindy|Parting Shot|p2b: Dragonite\n|-unboost|p2b: Dragonite|atk|1\n|-unboost|p2b: Dragonite|spa|1\n|\n|t:|1725582364\n|switch|p1a: Shock|Regieleki|302/302|[from] Parting Shot\n|move|p2b: Dragonite|Tailwind|p2b: Dragonite\n|-sidestart|p2: Mango Meloetta|move: Tailwind\n|move|p2a: Porygon2|Recover|p2a: Porygon2\n|-heal|p2a: Porygon2|351/374\n|\n|upkeep\n|turn|8\n|\n|t:|1725582416\n|move|p1a: Shock|Thunder Wave|p2a: Porygon2\n|-status|p2a: Porygon2|par\n|move|p1b: Princess Buttercup|Icy Wind|p2b: Dragonite|[spread] p2a,p2b\n|debug|Spread modifier: 0.75\n|debug|Spread modifier: 0.75\n|-supereffective|p2b: Dragonite\n|-damage|p2a: Porygon2|311/374 par\n|-damage|p2b: Dragonite|0 fnt\n|-unboost|p2a: Porygon2|spe|1\n|faint|p2b: Dragonite\n|move|p2a: Porygon2|Toxic|p1a: Shock\n|-status|p1a: Shock|tox\n|\n|-damage|p1a: Shock|284/302 tox|[from] psn\n|upkeep\n|\n|t:|1725582429\n|switch|p2b: Gengar|Gengar-Mega, F|261/261\n|debug|natural status immunity\n|turn|9\n|\n|t:|1725582478\n|switch|p2a: Zygarde|Zygarde|420/420\n|-ability|p2a: Zygarde|Aura Break\n|move|p2b: Gengar|Shadow Ball|p1b: Princess Buttercup\n|-supereffective|p1b: Princess Buttercup\n|-crit|p1b: Princess Buttercup\n|-damage|p1b: Princess Buttercup|0 fnt\n|faint|p1b: Princess Buttercup\n|move|p1a: Shock|Thunder Wave|p2b: Gengar\n|-status|p2b: Gengar|par\n|\n|-damage|p1a: Shock|248/302 tox|[from] psn\n|upkeep\n|\n|t:|1725582491\n|switch|p1b: Cindy|Incineroar, F|322/394\n|-ability|p1b: Cindy|Intimidate|boost\n|-unboost|p2a: Zygarde|atk|1\n|-unboost|p2b: Gengar|atk|1\n|turn|10\n|\n|t:|1725582519\n|move|p1b: Cindy|Fake Out|p2a: Zygarde\n|-damage|p2a: Zygarde|392/420\n|move|p1a: Shock|Volt Switch|p2b: Gengar\n|debug|Transistor boost\n|-damage|p2b: Gengar|120/261 par\n|\n|t:|1725582566\n|switch|p1a: God|Landorus, M|319/319|[from] Volt Switch\n|cant|p2a: Zygarde|flinch\n|move|p2b: Gengar|Shadow Ball|p1a: God\n|debug|Aurora Veil weaken\n|-damage|p1a: God|188/319\n|\n|-sideend|p2: Mango Meloetta|move: Tailwind\n|upkeep\n|turn|11\n|\n|t:|1725582639\n|switch|p2b: Porygon2|Porygon2|311/374 par\n|-ability|p2b: Porygon2|Intimidate|boost\n|-unboost|p1a: God|atk|1\n|-unboost|p1b: Cindy|atk|1\n|-ability|p2b: Porygon2|Intimidate|[from] ability: Trace|[of] p1b: Cindy\n|move|p1a: God|Substitute|p1a: God\n|-start|p1a: God|Substitute\n|-damage|p1a: God|109/319\n|move|p2a: Zygarde|Brick Break|p1b: Cindy\n|-sideend|p1: mistermoscow|move: Aurora Veil\n|-supereffective|p1b: Cindy\n|-damage|p1b: Cindy|148/394\n|-enditem|p1b: Cindy|Sitrus Berry|[eat]\n|-heal|p1b: Cindy|246/394|[from] item: Sitrus Berry\n|move|p1b: Cindy|Parting Shot|p2a: Zygarde\n|-unboost|p2a: Zygarde|atk|1\n|-unboost|p2a: Zygarde|spa|1\n|l| smokeydabearrr\n|\n|t:|1725582681\n|switch|p1b: Zora|Ogerpon-Wellspring, F|351/351|[from] Parting Shot\n|\n|upkeep\n|turn|12\n|j| smokeydabearrr\n|\n|t:|1725582723\n|switch|p2a: Gengar|Gengar-Mega, F|120/261 par\n|move|p1b: Zora|Ivy Cudgel|p2a: Gengar|[anim] Ivy Cudgel Water\n|-damage|p2a: Gengar|0 fnt\n|faint|p2a: Gengar\n|move|p1a: God|Earth Power|p2b: Porygon2\n|-damage|p2b: Porygon2|107/374 par\n|cant|p2b: Porygon2|par\n|\n|upkeep\n|\n|t:|1725582740\n|switch|p2a: Genesect|Genesect|178/283\n|-ability|p2a: Genesect|Download|boost\n|-boost|p2a: Genesect|atk|1\n|turn|13\n|\n|t:|1725582761\n|switch|p1b: Shock|Regieleki|248/302 tox\n|-terastallize|p2a: Genesect|Electric\n|move|p1a: God|Earth Power|p2a: Genesect\n|-supereffective|p2a: Genesect\n|-damage|p2a: Genesect|0 fnt\n|faint|p2a: Genesect\n|cant|p2b: Porygon2|par\n|\n|-damage|p1b: Shock|230/302 tox|[from] psn\n|upkeep\n|\n|t:|1725582782\n|switch|p2a: Zygarde|Zygarde|392/420\n|-ability|p2a: Zygarde|Aura Break\n|turn|14\n|\n|t:|1725582796\n|switch|p2b: Chien-Pao|Chien-Pao|301/301\n|-ability|p2b: Chien-Pao|Sword of Ruin\n|move|p1b: Shock|Volt Switch|p2b: Chien-Pao\n|debug|Transistor boost\n|-damage|p2b: Chien-Pao|114/301\n|\n|t:|1725582803\n|switch|p1b: Cindy|Incineroar, F|246/394|[from] Volt Switch\n|-ability|p1b: Cindy|Intimidate|boost\n|-unboost|p2a: Zygarde|atk|1\n|-unboost|p2b: Chien-Pao|atk|1\n|move|p1a: God|Earth Power|p2a: Zygarde\n|-damage|p2a: Zygarde|149/420\n|move|p2a: Zygarde|Thousand Waves|p1a: God|[spread] p1b\n|-immune|p1a: God\n|debug|Sword of Ruin Def drop\n|debug|Spread modifier: 0.75\n|-supereffective|p1b: Cindy\n|-damage|p1b: Cindy|0 fnt\n|faint|p1b: Cindy\n|\n|upkeep\n|\n|t:|1725582832\n|switch|p1b: Shock|Regieleki|230/302 tox\n|turn|15\n|\n|t:|1725582868\n|move|p1b: Shock|Volt Switch|p2b: Chien-Pao\n|debug|Transistor boost\n|-damage|p2b: Chien-Pao|0 fnt\n|faint|p2b: Chien-Pao\n|\n|t:|1725582872\n|switch|p1b: Zora|Ogerpon-Wellspring, F|351/351|[from] Volt Switch\n|move|p1a: God|Earth Power|p2a: Zygarde\n|-damage|p2a: Zygarde|0 fnt\n|faint|p2a: Zygarde\n|\n|upkeep\n|\n|t:|1725582877\n|switch|p2b: Porygon2|Porygon2|107/374 par\n|-ability|p2b: Porygon2|Water Absorb|[from] ability: Trace|[of] p1b: Zora\n|turn|16\n|\n|t:|1725582886\n|move|p1b: Zora|Horn Leech|p2b: Porygon2\n|-damage|p2b: Porygon2|0 fnt\n|faint|p2b: Porygon2\n|\n|win|mistermoscow\n|c|☆Mango Meloetta|gg\n|l|☆Mango Meloetta\n|player|p2|\n","uploadtime":1725582894,"views":"34","formatid":"gen9doublescustomgame","rating":null,"private":0,"password":null}