{"id":"gen9doublescustomgame-2017855054","format":"[Gen 9] Doubles Custom Game","players":["Mister Moscow","noli_cannoli10"],"log":"|j|☆Mister Moscow\n|j|☆noli_cannoli10\n|t:|1703284871\n|gametype|doubles\n|player|p1|Mister Moscow|alder|\n|player|p2|noli_cannoli10|265|\n|teamsize|p1|6\n|teamsize|p2|6\n|gen|9\n|tier|[Gen 9] Doubles Custom Game\n|clearpoke\n|poke|p1|Indeedee-F, F|\n|poke|p1|Necrozma|\n|poke|p1|Darkrai|\n|poke|p1|Ogerpon-Hearthflame, F|\n|poke|p1|Sylveon, M|\n|poke|p1|Great Tusk|\n|poke|p2|Metagross|\n|poke|p2|Murkrow, M|\n|poke|p2|Gholdengo|\n|poke|p2|Blacephalon|\n|poke|p2|Regidrago|\n|poke|p2|Iron Hands|\n|teampreview\n|j| mattmandaman\n|\n|t:|1703284924\n|start\n|switch|p1a: Dee Dee|Indeedee-F, F|313/313\n|switch|p1b: Majora|Ogerpon-Hearthflame, F|301/301\n|switch|p2a: Maybe murder bird|Murkrow, M|323/323\n|switch|p2b: Metal spuder|Metagross|301/301\n|-ability|p1b: Majora|Mold Breaker\n|-fieldstart|move: Psychic Terrain|[from] ability: Psychic Surge|[of] p1a: Dee Dee\n|turn|1\n|\n|t:|1703284958\n|-terastallize|p1b: Majora|Fire\n|detailschange|p1b: Majora|Ogerpon-Hearthflame-Tera, F, tera:Fire\n|-ability|p1b: Majora|Embody Aspect (Hearthflame)|boost\n|-boost|p1b: Majora|atk|1\n|move|p1b: Majora|Ivy Cudgel|p2b: Metal spuder|[anim] Ivy Cudgel Fire\n|-supereffective|p2b: Metal spuder\n|-damage|p2b: Metal spuder|0 fnt\n|faint|p2b: Metal spuder\n|move|p2a: Maybe murder bird|Tailwind|p2a: Maybe murder bird\n|-sidestart|p2: noli_cannoli10|move: Tailwind\n|move|p1a: Dee Dee|Trick Room|p1a: Dee Dee\n|-fieldstart|move: Trick Room|[of] p1a: Dee Dee\n|\n|upkeep\n|\n|t:|1703284981\n|switch|p2b: It shoots fire?!|Blacephalon|247/247\n|turn|2\n|\n|t:|1703285005\n|switch|p2a: Catch dez hands|Iron Hands|511/511\n|move|p1a: Dee Dee|Follow Me|p1a: Dee Dee\n|-singleturn|p1a: Dee Dee|move: Follow Me\n|move|p1b: Majora|Knock Off|p2b: It shoots fire?!\n|-supereffective|p2b: It shoots fire?!\n|-damage|p2b: It shoots fire?!|0 fnt\n|-enditem|p2b: It shoots fire?!|Choice Specs|[from] move: Knock Off|[of] p1b: Majora\n|faint|p2b: It shoots fire?!\n|\n|upkeep\n|\n|t:|1703285016\n|switch|p2b: Where's the mouth?|Regidrago|541/541\n|turn|3\n|\n|t:|1703285066\n|switch|p1a: Pepe Silva|Sylveon, M|331/331\n|move|p2a: Catch dez hands|Iron Head|p1b: Majora\n|-resisted|p1b: Majora\n|-damage|p1b: Majora|234/301\n|cant|p1b: Majora|flinch\n|move|p2b: Where's the mouth?|Dragon Energy|p1b: Majora|[spread] p1b\n|-immune|p1a: Pepe Silva\n|debug|BP: 150\n|debug|Dragon's Maw boost\n|debug|Spread modifier: 0.75\n|-damage|p1b: Majora|0 fnt\n|faint|p1b: Majora\n|\n|upkeep\n|\n|t:|1703285080\n|switch|p1b: Nicholas|Necrozma|367/367\n|turn|4\n|\n|t:|1703285096\n|move|p1a: Pepe Silva|Hyper Voice|p2b: Where's the mouth?|[spread] p2a,p2b\n|debug|Spread modifier: 0.75\n|-supereffective|p2a: Catch dez hands\n|debug|Spread modifier: 0.75\n|-supereffective|p2b: Where's the mouth?\n|-crit|p2b: Where's the mouth?\n|-damage|p2a: Catch dez hands|235/511\n|-damage|p2b: Where's the mouth?|0 fnt\n|faint|p2b: Where's the mouth?\n|move|p1b: Nicholas|Expanding Force|p2a: Catch dez hands\n|debug|psychic terrain boost\n|debug|terrain buff\n|-supereffective|p2a: Catch dez hands\n|-damage|p2a: Catch dez hands|0 fnt\n|faint|p2a: Catch dez hands\n|-end|p2a: Catch dez hands|Quark Drive|[silent]\n|\n|-sideend|p2: noli_cannoli10|move: Tailwind\n|upkeep\n|\n|t:|1703285108\n|switch|p2a: Maybe murder bird|Murkrow, M|323/323\n|switch|p2b: Golden one|Gholdengo|315/315\n|turn|5\n|\n|t:|1703285134\n|move|p1a: Pepe Silva|Protect|p1a: Pepe Silva\n|-singleturn|p1a: Pepe Silva|Protect\n|move|p1b: Nicholas|Dark Pulse|p2b: Golden one\n|-supereffective|p2b: Golden one\n|-damage|p2b: Golden one|111/315\n|move|p2b: Golden one|Make It Rain|p1b: Nicholas|[spread] p1b\n|-activate|p1a: Pepe Silva|move: Protect\n|debug|Spread modifier: 0.75\n|-damage|p1b: Nicholas|205/367\n|-unboost|p2b: Golden one|spa|1\n|move|p2a: Maybe murder bird|Foul Play|p1a: Pepe Silva\n|-activate|p1a: Pepe Silva|move: Protect\n|\n|-fieldend|move: Trick Room\n|-fieldend|move: Psychic Terrain\n|upkeep\n|turn|6\n|\n|t:|1703285189\n|switch|p1a: Dee Dee|Indeedee-F, F|313/313\n|-fieldstart|move: Psychic Terrain|[from] ability: Psychic Surge|[of] p1a: Dee Dee\n|move|p2a: Maybe murder bird|Foul Play|p1a: Dee Dee\n|-supereffective|p1a: Dee Dee\n|-damage|p1a: Dee Dee|209/313\n|move|p2b: Golden one|Make It Rain|p1a: Dee Dee|[spread] p1a,p1b\n|debug|Spread modifier: 0.75\n|debug|Spread modifier: 0.75\n|-damage|p1a: Dee Dee|130/313\n|-damage|p1b: Nicholas|97/367\n|-unboost|p2b: Golden one|spa|1\n|move|p1b: Nicholas|Heat Wave|p2a: Maybe murder bird|[spread] p2a,p2b\n|debug|Spread modifier: 0.75\n|debug|Spread modifier: 0.75\n|-supereffective|p2b: Golden one\n|-damage|p2a: Maybe murder bird|161/323\n|-damage|p2b: Golden one|0 fnt\n|faint|p2b: Golden one\n|\n|upkeep\n|turn|7\n|\n|t:|1703285218\n|switch|p1a: Darren|Darkrai|344/344\n|move|p2a: Maybe murder bird|Quash||[still]\n|-fail|p2a: Maybe murder bird\n|debug|move failed because it did nothing\n|move|p1b: Nicholas|Heat Wave|p2a: Maybe murder bird|[miss]\n|-miss|p1b: Nicholas|p2a: Maybe murder bird\n|\n|upkeep\n|turn|8\n|\n|t:|1703285233\n|switch|p1b: Pepe Silva|Sylveon, M|331/331\n|move|p1a: Darren|Icy Wind|p2a: Maybe murder bird\n|-supereffective|p2a: Maybe murder bird\n|-crit|p2a: Maybe murder bird\n|-damage|p2a: Maybe murder bird|0 fnt\n|faint|p2a: Maybe murder bird\n|\n|win|Mister Moscow\n|l|☆noli_cannoli10\n","uploadtime":1703285257,"views":"27","formatid":"gen9doublescustomgame","rating":null,"private":0,"password":null}