{"id":"gen9doublescustomgame-2352745174","format":"[Gen 9] Doubles Custom Game","players":["mistermoscow","Mattmandaman"],"log":"|j|☆mistermoscow\n|j|☆Mattmandaman\n|t:|1745875281\n|gametype|doubles\n|player|p1|mistermoscow|alder|\n|player|p2|Mattmandaman|giovanni|\n|teamsize|p1|6\n|teamsize|p2|6\n|gen|9\n|tier|[Gen 9] Doubles Custom Game\n|clearpoke\n|poke|p1|Nidoking, M|\n|poke|p1|Dugtrio, M|\n|poke|p1|Exeggutor, M|\n|poke|p1|Mr. Mime, M|\n|poke|p1|Jolteon, M|\n|poke|p1|Flareon, F|\n|poke|p2|Dodrio, M|\n|poke|p2|Nidoking, M|\n|poke|p2|Starmie|\n|poke|p2|Nidoqueen, F|\n|poke|p2|Chansey, F|\n|poke|p2|Gengar, F|\n|teampreview\n|\n|t:|1745875310\n|start\n|switch|p1a: The Big Dees|Dugtrio, M|211/211\n|switch|p1b: Mimsy|Mr. Mime, M|284/284\n|switch|p2a: Gengar|Gengar, F|262/262\n|switch|p2b: Dodrio|Dodrio, M|262/262\n|debug|natural status immunity\n|turn|1\n|\n|t:|1745875331\n|move|p1b: Mimsy|Fake Out|p2b: Dodrio\n|-damage|p2b: Dodrio|243/262\n|debug|Covert Cloak prevent secondary\n|move|p1a: The Big Dees|Rock Slide|p2a: Gengar|[spread] p2a,p2b\n|debug|Spread modifier: 0.75\n|debug|Spread modifier: 0.75\n|-supereffective|p2b: Dodrio\n|-damage|p2a: Gengar|175/262\n|-damage|p2b: Dodrio|91/262\n|debug|Covert Cloak prevent secondary\n|move|p2a: Gengar|Sludge Bomb|p1b: Mimsy\n|-supereffective|p1b: Mimsy\n|debug|Filter neutralize\n|-damage|p1b: Mimsy|71/284\n|move|p2b: Dodrio|Tailwind|p2b: Dodrio\n|-sidestart|p2: Mattmandaman|move: Tailwind\n|\n|upkeep\n|debug|natural status immunity\n|turn|2\n|\n|t:|1745875349\n|switch|p1b: King Nido|Nidoking, M|303/303\n|move|p2b: Dodrio|Brave Bird|p1b: King Nido\n|-damage|p1b: King Nido|65/303\n|-damage|p2b: Dodrio|12/262|[from] Recoil\n|move|p2a: Gengar|Will-O-Wisp|p1a: The Big Dees\n|-status|p1a: The Big Dees|brn\n|move|p1a: The Big Dees|Rock Slide|p2a: Gengar|[spread] p2a,p2b\n|debug|Spread modifier: 0.75\n|debug|Spread modifier: 0.75\n|-supereffective|p2b: Dodrio\n|-damage|p2a: Gengar|133/262\n|-damage|p2b: Dodrio|0 fnt\n|debug|Covert Cloak prevent secondary\n|faint|p2b: Dodrio\n|\n|-damage|p1a: The Big Dees|198/211 brn|[from] brn\n|upkeep\n|\n|t:|1745875368\n|switch|p2b: Nidoqueen|Nidoqueen, F|384/384\n|debug|natural status immunity\n|turn|3\n|\n|t:|1745875379\n|move|p2a: Gengar|Psychic|p1b: King Nido\n|-supereffective|p1b: King Nido\n|-damage|p1b: King Nido|0 fnt\n|faint|p1b: King Nido\n|move|p2b: Nidoqueen|Stealth Rock|p1a: The Big Dees\n|-sidestart|p1: mistermoscow|move: Stealth Rock\n|move|p1a: The Big Dees|High Horsepower|p2a: Gengar\n|-supereffective|p2a: Gengar\n|-damage|p2a: Gengar|0 fnt\n|faint|p2a: Gengar\n|\n|-damage|p1a: The Big Dees|185/211 brn|[from] brn\n|upkeep\n|\n|t:|1745875403\n|switch|p2a: Starmie|Starmie|262/262\n|switch|p1b: Eggman|Exeggutor, M|332/332\n|-damage|p1b: Eggman|291/332|[from] Stealth Rock\n|turn|4\n|\n|t:|1745875421\n|move|p1a: The Big Dees|Protect|p1a: The Big Dees\n|-singleturn|p1a: The Big Dees|Protect\n|move|p1b: Eggman|Protect|p1b: Eggman\n|-singleturn|p1b: Eggman|Protect\n|move|p2a: Starmie|Icy Wind|p1a: The Big Dees|[spread] \n|-activate|p1a: The Big Dees|move: Protect\n|-activate|p1b: Eggman|move: Protect\n|move|p2b: Nidoqueen|Poison Jab|p1b: Eggman\n|-activate|p1b: Eggman|move: Protect\n|\n|-damage|p1a: The Big Dees|172/211 brn|[from] brn\n|-sideend|p2: Mattmandaman|move: Tailwind\n|upkeep\n|turn|5\n|\n|t:|1745875446\n|move|p1a: The Big Dees|Sunny Day|p1a: The Big Dees\n|-weather|SunnyDay\n|move|p1b: Eggman|Expanding Force|p2b: Nidoqueen\n|-supereffective|p2b: Nidoqueen\n|-damage|p2b: Nidoqueen|0 fnt\n|faint|p2b: Nidoqueen\n|-damage|p1b: Eggman|258/332|[from] item: Life Orb\n|move|p2a: Starmie|Icy Wind|p1b: Eggman|[spread] p1a,p1b\n|debug|Spread modifier: 0.75\n|-supereffective|p1a: The Big Dees\n|debug|Spread modifier: 0.75\n|-supereffective|p1b: Eggman\n|-damage|p1a: The Big Dees|56/211 brn\n|-damage|p1b: Eggman|160/332\n|-unboost|p1a: The Big Dees|spe|1\n|-unboost|p1b: Eggman|spe|1\n|\n|-weather|SunnyDay|[upkeep]\n|-damage|p1a: The Big Dees|43/211 brn|[from] brn\n|upkeep\n|\n|t:|1745875459\n|switch|p2b: Chansey|Chansey, F|642/642\n|turn|6\n|\n|t:|1745875475\n|switch|p1b: Sparky|Jolteon, M|271/271\n|-damage|p1b: Sparky|238/271|[from] Stealth Rock\n|move|p2a: Starmie|Ice Beam|p1b: Sparky\n|-damage|p1b: Sparky|151/271\n|move|p1a: The Big Dees|Rock Slide|p2b: Chansey|[spread] p2b\n|-miss|p1a: The Big Dees|p2a: Starmie\n|debug|Spread modifier: 0.75\n|-damage|p2b: Chansey|601/642\n|move|p2b: Chansey|Teleport|p2b: Chansey\n|\n|t:|1745875485\n|switch|p2b: Nidoking|Nidoking, M|304/304|[from] Teleport\n|\n|-weather|SunnyDay|[upkeep]\n|-damage|p1a: The Big Dees|30/211 brn|[from] brn\n|upkeep\n|turn|7\n|\n|t:|1745875515\n|switch|p1a: Fluffy|Flareon, F|334/334\n|-damage|p1a: Fluffy|251/334|[from] Stealth Rock\n|move|p2b: Nidoking|Earth Power|p1b: Sparky\n|-supereffective|p1b: Sparky\n|-damage|p1b: Sparky|0 fnt\n|faint|p1b: Sparky\n|move|p2a: Starmie|Icy Wind|p1a: Fluffy\n|-resisted|p1a: Fluffy\n|-damage|p1a: Fluffy|224/334\n|-unboost|p1a: Fluffy|spe|1\n|\n|-weather|SunnyDay|[upkeep]\n|-status|p1a: Fluffy|tox|[from] item: Toxic Orb\n|upkeep\n|\n|t:|1745875531\n|switch|p1b: The Big Dees|Dugtrio, M|30/211 brn\n|-damage|p1b: The Big Dees|17/211 brn|[from] Stealth Rock\n|turn|8\n|\n|t:|1745875547\n|move|p2b: Nidoking|Earth Power|p1a: Fluffy\n|-supereffective|p1a: Fluffy\n|-damage|p1a: Fluffy|0 fnt\n|faint|p1a: Fluffy\n|move|p1b: The Big Dees|High Horsepower|p2b: Nidoking\n|-supereffective|p2b: Nidoking\n|-damage|p2b: Nidoking|120/304\n|move|p2a: Starmie|Icy Wind|p1b: The Big Dees\n|-supereffective|p1b: The Big Dees\n|-damage|p1b: The Big Dees|0 fnt\n|faint|p1b: The Big Dees\n|\n|-weather|SunnyDay|[upkeep]\n|upkeep\n|\n|t:|1745875557\n|switch|p1b: Eggman|Exeggutor, M|160/332\n|switch|p1a: Mimsy|Mr. Mime, M|71/284\n|-damage|p1b: Eggman|119/332|[from] Stealth Rock\n|-damage|p1a: Mimsy|36/284|[from] Stealth Rock\n|turn|9\n|\n|t:|1745875578\n|switch|p2b: Chansey|Chansey, F|601/642\n|move|p1a: Mimsy|Fake Out|p2b: Chansey\n|-damage|p2b: Chansey|579/642\n|move|p1b: Eggman|Giga Drain|p2a: Starmie\n|-supereffective|p2a: Starmie\n|-damage|p2a: Starmie|0 fnt\n|-heal|p1b: Eggman|250/332|[from] drain|[of] p2a: Starmie\n|faint|p2a: Starmie\n|-damage|p1b: Eggman|217/332|[from] item: Life Orb\n|\n|-weather|none\n|upkeep\n|\n|t:|1745875584\n|switch|p2a: Nidoking|Nidoking, M|120/304\n|turn|10\n|\n|t:|1745875599\n|move|p2a: Nidoking|Sludge Wave|p1a: Mimsy|[spread] p2b,p1a,p1b\n|debug|Spread modifier: 0.75\n|debug|Spread modifier: 0.75\n|-supereffective|p1a: Mimsy\n|debug|Filter neutralize\n|debug|Spread modifier: 0.75\n|-supereffective|p1b: Eggman\n|-damage|p2b: Chansey|515/642\n|-damage|p1a: Mimsy|0 fnt\n|-damage|p1b: Eggman|0 fnt\n|faint|p1a: Mimsy\n|faint|p1b: Eggman\n|\n|win|Mattmandaman\n|c|☆mistermoscow|gg\n|c|☆Mattmandaman|gg\n|l|☆mistermoscow\n|player|p1|\n","uploadtime":1745875606,"views":"12","formatid":"gen9doublescustomgame","rating":null,"private":0,"password":null}