{"id":"gen9doublescustomgame-2612876698","format":"[Gen 9] Doubles Custom Game","players":["mistermoscow","Jamochi"],"log":"|j|☆mistermoscow\n|j|☆Jamochi\n|t:|1779154859\n|gametype|doubles\n|player|p1|mistermoscow|alder|\n|player|p2|Jamochi|li|\n|gen|9\n|tier|[Gen 9] Doubles Custom Game\n|clearpoke\n|poke|p1|Venusaur, M|\n|poke|p1|Ninetales, M|\n|poke|p1|Magearna|\n|poke|p1|Tapu Fini|\n|poke|p1|Flutter Mane|\n|poke|p1|Chi-Yu|\n|poke|p2|Charizard|\n|poke|p2|Brute Bonnet|\n|poke|p2|Landorus-Therian|\n|poke|p2|Kingambit|\n|poke|p2|Dragonite|\n|poke|p2|Porygon2|\n|teampreview\n|j| noli_cannoli10\n|\n|t:|1779154902\n|teamsize|p1|6\n|teamsize|p2|6\n|start\n|switch|p1a: Prince Ember|Ninetales, M|350/350\n|switch|p1b: Chip|Chi-Yu|252/252\n|switch|p2a: Porygon2|Porygon2|374/374\n|switch|p2b: Kingambit|Kingambit|404/404\n|-ability|p1b: Chip|Beads of Ruin\n|-weather|SunnyDay|[from] ability: Drought|[of] p1a: Prince Ember\n|-ability|p2a: Porygon2|Download|boost\n|-boost|p2a: Porygon2|atk|1\n|turn|1\n|j| je64\n|\n|t:|1779154964\n|move|p1a: Prince Ember|Helping Hand|p1b: Chip\n|-singleturn|p1b: Chip|Helping Hand|[of] p1a: Prince Ember\n|move|p2b: Kingambit|Protect|p2b: Kingambit\n|-singleturn|p2b: Kingambit|Protect\n|move|p1b: Chip|Heat Wave|p2a: Porygon2|[spread] p2a\n|-activate|p2b: Kingambit|move: Protect\n|debug|Boosting from Helping Hand: 1.5\n|debug|Beads of Ruin SpD drop\n|debug|Spread modifier: 0.75\n|debug|Sunny Day fire boost\n|-damage|p2a: Porygon2|112/374\n|move|p2a: Porygon2|Thunderbolt|p1b: Chip\n|-damage|p1b: Chip|177/252\n|\n|-weather|SunnyDay|[upkeep]\n|upkeep\n|turn|2\n|\n|t:|1779154993\n|switch|p1a: Mags|Magearna|364/364\n|move|p2b: Kingambit|Sucker Punch|p1b: Chip\n|-resisted|p1b: Chip\n|-damage|p1b: Chip|78/252\n|move|p1b: Chip|Heat Wave|p2a: Porygon2|[spread] p2a,p2b\n|debug|Beads of Ruin SpD drop\n|debug|Spread modifier: 0.75\n|debug|Sunny Day fire boost\n|debug|Beads of Ruin SpD drop\n|debug|Spread modifier: 0.75\n|debug|Sunny Day fire boost\n|-supereffective|p2b: Kingambit\n|-damage|p2a: Porygon2|0 fnt\n|-damage|p2b: Kingambit|0 fnt\n|faint|p2a: Porygon2\n|-ability|p1a: Mags|Soul-Heart|boost\n|-boost|p1a: Mags|spa|1\n|faint|p2b: Kingambit\n|-ability|p1a: Mags|Soul-Heart|boost\n|-boost|p1a: Mags|spa|1\n|-end|p2b: Kingambit|fallenundefined|[silent]\n|\n|-weather|SunnyDay|[upkeep]\n|upkeep\n|\n|t:|1779155003\n|switch|p2b: Dragonite|Dragonite|323/323\n|switch|p2a: Landorus|Landorus-Therian|382/382\n|-ability|p2a: Landorus|Intimidate|boost\n|-fail|p1a: Mags|unboost|[from] item: Clear Amulet|[of] p1a: Mags\n|-unboost|p1b: Chip|atk|1\n|turn|3\n|\n|t:|1779155016\n|switch|p1b: Floots|Flutter Mane|251/251\n|-activate|p1b: Floots|ability: Protosynthesis\n|-start|p1b: Floots|protosynthesisspa\n|move|p2b: Dragonite|Dragon Dance|p2b: Dragonite\n|-boost|p2b: Dragonite|atk|1\n|-boost|p2b: Dragonite|spe|1\n|move|p2a: Landorus|Earthquake|p1b: Floots|[spread] p1a,p1b\n|-immune|p2b: Dragonite\n|debug|Spread modifier: 0.75\n|-supereffective|p1a: Mags\n|debug|Spread modifier: 0.75\n|-damage|p1a: Mags|196/364\n|-damage|p1b: Floots|52/251\n|move|p1a: Mags|Dazzling Gleam|p2b: Dragonite|[spread] p2a,p2b\n|debug|Spread modifier: 0.75\n|debug|Spread modifier: 0.75\n|-supereffective|p2b: Dragonite\n|debug|Multiscale weaken\n|-damage|p2a: Landorus|184/382\n|-damage|p2b: Dragonite|136/323\n|\n|-weather|SunnyDay|[upkeep]\n|upkeep\n|turn|4\n|c| je64|aww jeez here we go\n|\n|t:|1779155074\n|move|p2b: Dragonite|Protect|p2b: Dragonite\n|-singleturn|p2b: Dragonite|Protect\n|move|p1b: Floots|Icy Wind|p2a: Landorus|[spread] p2a\n|-activate|p2b: Dragonite|move: Protect\n|debug|Protosynthesis spa boost\n|debug|Spread modifier: 0.75\n|-supereffective|p2a: Landorus\n|-damage|p2a: Landorus|0 fnt\n|faint|p2a: Landorus\n|-ability|p1a: Mags|Soul-Heart|boost\n|-boost|p1a: Mags|spa|1\n|move|p1a: Mags|Calm Mind|p1a: Mags\n|-boost|p1a: Mags|spa|1\n|-boost|p1a: Mags|spd|1\n|\n|-weather|SunnyDay|[upkeep]\n|upkeep\n|\n|t:|1779155084\n|switch|p2a: Brute Bonnet|Brute Bonnet|426/426\n|-activate|p2a: Brute Bonnet|ability: Protosynthesis\n|-start|p2a: Brute Bonnet|protosynthesisatk\n|turn|5\n|\n|t:|1779155103\n|switch|p2b: Charizard|Charizard|298/298\n|-end|p1b: Floots|Protosynthesis|[silent]\n|switch|p1b: Ursula|Tapu Fini|344/344\n|-fieldstart|move: Misty Terrain|[from] ability: Misty Surge|[of] p1b: Ursula\n|move|p1a: Mags|Dazzling Gleam|p2a: Brute Bonnet|[spread] p2a,p2b\n|debug|Spread modifier: 0.75\n|-supereffective|p2a: Brute Bonnet\n|debug|Spread modifier: 0.75\n|-resisted|p2b: Charizard\n|-damage|p2a: Brute Bonnet|0 fnt\n|-damage|p2b: Charizard|134/298\n|faint|p2a: Brute Bonnet\n|-ability|p1a: Mags|Soul-Heart|boost\n|-boost|p1a: Mags|spa|1\n|-end|p2a: Brute Bonnet|Protosynthesis|[silent]\n|\n|-weather|SunnyDay|[upkeep]\n|upkeep\n|\n|t:|1779155134\n|switch|p2a: Dragonite|Dragonite|136/323\n|turn|6\n|\n|t:|1779155147\n|detailschange|p2b: Charizard|Charizard-Mega-Y\n|-mega|p2b: Charizard|Charizard|Charizardite Y\n|move|p1a: Mags|Protect|p1a: Mags\n|-singleturn|p1a: Mags|Protect\n|move|p2a: Dragonite|Extreme Speed|p1b: Ursula\n|-damage|p1b: Ursula|272/344\n|move|p2b: Charizard|Heat Wave|p1a: Mags|[spread] p1b\n|-activate|p1a: Mags|move: Protect\n|debug|Spread modifier: 0.75\n|debug|Sunny Day fire boost\n|-resisted|p1b: Ursula\n|-damage|p1b: Ursula|190/344\n|move|p1b: Ursula|Soak|p2b: Charizard\n|-start|p2b: Charizard|typechange|Water\n|\n|-weather|SunnyDay|[upkeep]\n|-heal|p1b: Ursula|211/344|[from] item: Leftovers\n|upkeep\n|turn|7\n|\n|t:|1779155170\n|move|p2a: Dragonite|Extreme Speed|p1b: Ursula\n|-damage|p1b: Ursula|146/344\n|move|p2b: Charizard|Solar Beam||[still]\n|-prepare|p2b: Charizard|Solar Beam\n|-anim|p2b: Charizard|Solar Beam|p1b: Ursula\n|-supereffective|p1b: Ursula\n|-damage|p1b: Ursula|0 fnt\n|faint|p1b: Ursula\n|-ability|p1a: Mags|Soul-Heart|boost\n|-boost|p1a: Mags|spa|1\n|move|p1a: Mags|Dazzling Gleam|p2a: Dragonite|[spread] p2a,p2b\n|debug|Spread modifier: 0.75\n|-supereffective|p2a: Dragonite\n|debug|Spread modifier: 0.75\n|-damage|p2a: Dragonite|0 fnt\n|-damage|p2b: Charizard|0 fnt\n|faint|p2a: Dragonite\n|faint|p2b: Charizard\n|detailschange|p2: Charizard|Charizard|[silent]\n|\n|win|mistermoscow\n|c|☆mistermoscow|gg\n|c|☆Jamochi|ah shit I really whiffed this one\n|c|☆Jamochi|gg\n","uploadtime":1779155200,"views":"9","formatid":"gen9doublescustomgame","rating":null,"private":0,"password":null}