{"id":"gen9doublescustomgame-2369896272","format":"[Gen 9] Doubles Custom Game","players":["mistermoscow","Mattmandaman"],"log":"|j|☆mistermoscow\n|j|☆Mattmandaman\n|t:|1747957600\n|gametype|doubles\n|player|p1|mistermoscow|alder|\n|player|p2|Mattmandaman|giovanni|\n|teamsize|p1|6\n|teamsize|p2|6\n|gen|9\n|tier|[Gen 9] Doubles Custom Game\n|clearpoke\n|poke|p1|Nidoking, M|\n|poke|p1|Primeape, M|\n|poke|p1|Dewgong, M|\n|poke|p1|Mr. Mime, M|\n|poke|p1|Jolteon, M|\n|poke|p1|Dragonite, M|\n|poke|p2|Dodrio, M|\n|poke|p2|Nidoking, M|\n|poke|p2|Starmie|\n|poke|p2|Nidoqueen, F|\n|poke|p2|Chansey, F|\n|poke|p2|Gengar, F|\n|teampreview\n|\n|t:|1747957638\n|start\n|switch|p1a: King Nido|Nidoking, M|303/303\n|switch|p1b: Dewey|Dewgong, M|353/353\n|switch|p2a: Starmie|Starmie|262/262\n|switch|p2b: Nidoqueen|Nidoqueen, F|384/384\n|turn|1\n|\n|t:|1747957695\n|move|p1b: Dewey|Fake Out|p2b: Nidoqueen\n|-damage|p2b: Nidoqueen|354/384\n|move|p1a: King Nido|Thunder|p2a: Starmie\n|-supereffective|p2a: Starmie\n|-damage|p2a: Starmie|30/262\n|move|p2a: Starmie|Psychic|p1a: King Nido\n|-supereffective|p1a: King Nido\n|-damage|p1a: King Nido|0 fnt\n|faint|p1a: King Nido\n|cant|p2b: Nidoqueen|flinch\n|\n|-heal|p2b: Nidoqueen|378/384|[from] item: Black Sludge\n|upkeep\n|c|☆mistermoscow|Whack\n|\n|t:|1747957723\n|switch|p1a: Mimsy|Mr. Mime, M|284/284\n|turn|2\n|c|☆Mattmandaman|AV\n|\n|t:|1747957755\n|switch|p2a: Chansey|Chansey, F|642/642\n|move|p1a: Mimsy|Fake Out|p2a: Chansey\n|-damage|p2a: Chansey|619/642\n|move|p2b: Nidoqueen|Poison Jab|p1a: Mimsy\n|-supereffective|p1a: Mimsy\n|debug|Filter neutralize\n|-damage|p1a: Mimsy|77/284\n|move|p1b: Dewey|Ice Spinner|p2b: Nidoqueen\n|-supereffective|p2b: Nidoqueen\n|-damage|p2b: Nidoqueen|198/384\n|-status|p1b: Dewey|psn|[from] ability: Poison Point|[of] p2b: Nidoqueen\n|\n|-heal|p1a: Mimsy|94/284|[from] item: Leftovers\n|-heal|p2b: Nidoqueen|222/384|[from] item: Black Sludge\n|-damage|p1b: Dewey|309/353 psn|[from] psn\n|upkeep\n|turn|3\n|c|☆mistermoscow|Figured\n|\n|t:|1747957815\n|move|p2b: Nidoqueen|Protect|p2b: Nidoqueen\n|-singleturn|p2b: Nidoqueen|Protect\n|move|p1a: Mimsy|Psyshock|p2a: Chansey\n|-damage|p2a: Chansey|418/642\n|move|p1b: Dewey|Ice Spinner|p2b: Nidoqueen\n|-activate|p2b: Nidoqueen|move: Protect\n|move|p2a: Chansey|Thunder Wave|p1a: Mimsy\n|-status|p1a: Mimsy|par\n|\n|-heal|p2b: Nidoqueen|246/384|[from] item: Black Sludge\n|-heal|p1a: Mimsy|111/284 par|[from] item: Leftovers\n|-damage|p1b: Dewey|265/353 psn|[from] psn\n|upkeep\n|turn|4\n|\n|t:|1747957865\n|switch|p1a: Apollo|Primeape, M|334/334\n|move|p2b: Nidoqueen|Stealth Rock|p1b: Dewey\n|-sidestart|p1: mistermoscow|move: Stealth Rock\n|move|p1b: Dewey|Ice Spinner|p2b: Nidoqueen\n|-supereffective|p2b: Nidoqueen\n|-damage|p2b: Nidoqueen|48/384\n|move|p2a: Chansey|Soft-Boiled|p2a: Chansey\n|-heal|p2a: Chansey|642/642\n|\n|-heal|p2b: Nidoqueen|72/384|[from] item: Black Sludge\n|-damage|p1b: Dewey|221/353 psn|[from] psn\n|upkeep\n|turn|5\n|\n|t:|1747957927\n|move|p1a: Apollo|Bulk Up|p1a: Apollo\n|-boost|p1a: Apollo|atk|1\n|-boost|p1a: Apollo|def|1\n|move|p1b: Dewey|Knock Off|p2a: Chansey\n|-damage|p2a: Chansey|525/642\n|-enditem|p2a: Chansey|Eviolite|[from] move: Knock Off|[of] p1b: Dewey\n|move|p2b: Nidoqueen|Roar|p1a: Apollo\n|drag|p1a: Sparky|Jolteon, M|272/272\n|-damage|p1a: Sparky|238/272|[from] Stealth Rock\n|move|p2a: Chansey|Teleport|p2a: Chansey\n|\n|t:|1747957949\n|switch|p2a: Nidoking|Nidoking, M|304/304|[from] Teleport\n|\n|-heal|p2b: Nidoqueen|96/384|[from] item: Black Sludge\n|-damage|p1b: Dewey|177/353 psn|[from] psn\n|upkeep\n|turn|6\n|\n|t:|1747957995\n|switch|p2a: Chansey|Chansey, F|525/642\n|move|p1a: Sparky|Reflect|p1a: Sparky\n|-sidestart|p1: mistermoscow|Reflect\n|move|p2b: Nidoqueen|Poison Jab|p1b: Dewey\n|debug|Reflect weaken\n|-damage|p1b: Dewey|115/353 psn\n|debug|Covert Cloak prevent secondary\n|move|p1b: Dewey|Ice Spinner|p2b: Nidoqueen\n|-supereffective|p2b: Nidoqueen\n|-damage|p2b: Nidoqueen|0 fnt\n|faint|p2b: Nidoqueen\n|\n|-damage|p1b: Dewey|71/353 psn|[from] psn\n|upkeep\n|\n|t:|1747958014\n|switch|p2b: Nidoking|Nidoking, M|304/304\n|turn|7\n|\n|t:|1747958025\n|move|p2b: Nidoking|Sludge Wave|p1a: Sparky|[spread] p2a,p1a,p1b\n|debug|Spread modifier: 0.75\n|debug|Spread modifier: 0.75\n|debug|Spread modifier: 0.75\n|-damage|p2a: Chansey|422/642\n|-damage|p1a: Sparky|100/272\n|-damage|p1b: Dewey|0 fnt\n|faint|p1b: Dewey\n|move|p1a: Sparky|Light Screen|p1a: Sparky\n|-sidestart|p1: mistermoscow|move: Light Screen\n|move|p2a: Chansey|Teleport|p2a: Chansey\n|\n|t:|1747958048\n|switch|p2a: Dodrio|Dodrio, M|262/262|[from] Teleport\n|\n|upkeep\n|\n|t:|1747958077\n|switch|p1b: Mimsy|Mr. Mime, M|111/284 par\n|-damage|p1b: Mimsy|76/284 par|[from] Stealth Rock\n|turn|8\n|\n|t:|1747958103\n|switch|p2b: Chansey|Chansey, F|422/642\n|move|p2a: Dodrio|Protect|p2a: Dodrio\n|-singleturn|p2a: Dodrio|Protect\n|move|p1b: Mimsy|Fake Out|p2b: Chansey\n|-damage|p2b: Chansey|390/642\n|move|p1a: Sparky|Electroweb|p2a: Dodrio|[spread] p2b\n|-activate|p2a: Dodrio|move: Protect\n|debug|Spread modifier: 0.75\n|-damage|p2b: Chansey|345/642\n|-unboost|p2b: Chansey|spe|1\n|\n|-heal|p1b: Mimsy|93/284 par|[from] item: Leftovers\n|upkeep\n|turn|9\n|\n|t:|1747958160\n|move|p1a: Sparky|Electroweb|p2a: Dodrio|[spread] p2a\n|-miss|p1a: Sparky|p2b: Chansey\n|debug|Spread modifier: 0.75\n|-supereffective|p2a: Dodrio\n|-damage|p2a: Dodrio|46/262\n|debug|Covert Cloak prevent secondary\n|move|p2a: Dodrio|Brave Bird|p1b: Mimsy\n|debug|Reflect weaken\n|-damage|p1b: Mimsy|0 fnt\n|faint|p1b: Mimsy\n|-damage|p2a: Dodrio|15/262|[from] Recoil\n|move|p2b: Chansey|Seismic Toss|p1a: Sparky\n|-damage|p1a: Sparky|0 fnt\n|faint|p1a: Sparky\n|\n|upkeep\n|\n|t:|1747958191\n|switch|p1a: Puff Daddy|Dragonite, M|386/386\n|switch|p1b: Apollo|Primeape, M|334/334\n|-damage|p1b: Apollo|314/334|[from] Stealth Rock\n|-damage|p1a: Puff Daddy|290/386|[from] Stealth Rock\n|turn|10\n|\n|t:|1747958219\n|move|p2a: Dodrio|Taunt|p1b: Apollo\n|-start|p1b: Apollo|move: Taunt\n|cant|p1b: Apollo|move: Taunt|Bulk Up\n|move|p1a: Puff Daddy|Tailwind|p1a: Puff Daddy\n|-sidestart|p1: mistermoscow|move: Tailwind\n|move|p2b: Chansey|Thunder Wave|p1a: Puff Daddy\n|-status|p1a: Puff Daddy|par\n|\n|upkeep\n|turn|11\n|\n|t:|1747958244\n|move|p2a: Dodrio|Protect|p2a: Dodrio\n|-singleturn|p2a: Dodrio|Protect\n|move|p1b: Apollo|Drain Punch|p2b: Chansey\n|-supereffective|p2b: Chansey\n|-damage|p2b: Chansey|0 fnt\n|-heal|p1b: Apollo|334/334|[from] drain|[of] p2b: Chansey\n|faint|p2b: Chansey\n|move|p1a: Puff Daddy|Dragon Dance|p1a: Puff Daddy\n|-boost|p1a: Puff Daddy|atk|1\n|-boost|p1a: Puff Daddy|spe|1\n|\n|upkeep\n|\n|t:|1747958254\n|switch|p2b: Nidoking|Nidoking, M|304/304\n|turn|12\n|\n|t:|1747958286\n|cant|p1a: Puff Daddy|par\n|move|p1b: Apollo|Rage Fist|p2b: Nidoking\n|-damage|p2b: Nidoking|250/304\n|move|p2b: Nidoking|Ice Beam|p1a: Puff Daddy\n|-supereffective|p1a: Puff Daddy\n|debug|Light Screen weaken\n|-damage|p1a: Puff Daddy|0 fnt\n|faint|p1a: Puff Daddy\n|move|p2a: Dodrio|Tailwind|p2a: Dodrio\n|-sidestart|p2: Mattmandaman|move: Tailwind\n|\n|-end|p1b: Apollo|move: Taunt\n|upkeep\n|turn|13\n|\n|t:|1747958306\n|move|p2b: Nidoking|Ice Beam|p1b: Apollo\n|debug|Light Screen weaken\n|-damage|p1b: Apollo|288/334\n|move|p2a: Dodrio|Brave Bird|p1b: Apollo\n|-supereffective|p1b: Apollo\n|debug|Reflect weaken\n|-damage|p1b: Apollo|27/334\n|-damage|p2a: Dodrio|0 fnt|[from] Recoil\n|faint|p2a: Dodrio\n|move|p1b: Apollo|Rage Fist|p2b: Nidoking\n|-damage|p2b: Nidoking|89/304\n|\n|-sideend|p1: mistermoscow|Reflect\n|-sideend|p1: mistermoscow|move: Tailwind\n|upkeep\n|\n|t:|1747958310\n|switch|p2a: Gengar|Gengar, F|262/262\n|turn|14\n|\n|t:|1747958330\n|move|p2b: Nidoking|Ice Beam|p1b: Apollo\n|debug|Light Screen weaken\n|-damage|p1b: Apollo|0 fnt\n|faint|p1b: Apollo\n|\n|win|Mattmandaman\n|c|☆mistermoscow|gg\n|c|☆Mattmandaman|gg\n|c|☆mistermoscow|pokemon is stupid\n|c|☆Mattmandaman|lmao id feel that way too\n","uploadtime":1747958338,"views":"18","formatid":"gen9doublescustomgame","rating":null,"private":0,"password":null}