{"id":"gen9doublescustomgame-2242768375","format":"[Gen 9] Doubles Custom Game","players":["mistermoscow","noli_cannoli10"],"log":"|j|☆mistermoscow\n|j|☆noli_cannoli10\n|t:|1731461605\n|gametype|doubles\n|player|p1|mistermoscow|alder|\n|player|p2|noli_cannoli10|102|\n|teamsize|p1|6\n|teamsize|p2|6\n|gen|9\n|tier|[Gen 9] Doubles Custom Game\n|clearpoke\n|poke|p1|Murkrow, M|\n|poke|p1|Landorus, M|\n|poke|p1|Incineroar, F|\n|poke|p1|Iron Hands|\n|poke|p1|Gholdengo|\n|poke|p1|Ogerpon-Wellspring, F|\n|poke|p2|Smeargle, F|\n|poke|p2|Metagross|\n|poke|p2|Volcarona, F|\n|poke|p2|Magearna|\n|poke|p2|Urshifu-*, F|\n|poke|p2|Annihilape, M|\n|teampreview\n|j| je64\n|\n|t:|1731461631\n|start\n|switch|p1a: Cindy|Incineroar, F|363/363\n|switch|p1b: Zora|Ogerpon-Wellspring, F|302/302\n|switch|p2a: Facebook Eww|Metagross|301/301\n|switch|p2b: Usher Foo|Urshifu-Rapid-Strike, F|341/341\n|-ability|p1a: Cindy|Intimidate|boost\n|-fail|p2a: Facebook Eww|unboost|[from] ability: Clear Body|[of] p2a: Facebook Eww\n|-unboost|p2b: Usher Foo|atk|1\n|turn|1\n|\n|t:|1731461689\n|switch|p2a: Butterfree?!|Volcarona, F|374/374\n|-terastallize|p1a: Cindy|Grass\n|move|p2b: Usher Foo|Surging Strikes|p1a: Cindy\n|debug|Negating (sp)atk boost/penalty.\n|-resisted|p1a: Cindy\n|-crit|p1a: Cindy\n|-damage|p1a: Cindy|318/363\n|debug|Negating (sp)atk boost/penalty.\n|-resisted|p1a: Cindy\n|-crit|p1a: Cindy\n|-damage|p1a: Cindy|273/363\n|debug|Negating (sp)atk boost/penalty.\n|-resisted|p1a: Cindy\n|-crit|p1a: Cindy\n|-damage|p1a: Cindy|228/363\n|-hitcount|p1a: Cindy|3\n|move|p1b: Zora|Wood Hammer|p2b: Usher Foo\n|-supereffective|p2b: Usher Foo\n|-damage|p2b: Usher Foo|0 fnt\n|faint|p2b: Usher Foo\n|-damage|p1b: Zora|189/302|[from] Recoil\n|move|p1a: Cindy|Knock Off|p2a: Butterfree?!\n|-damage|p2a: Butterfree?!|205/374\n|-enditem|p2a: Butterfree?!|Leftovers|[from] move: Knock Off|[of] p1a: Cindy\n|\n|upkeep\n|j| mattmandaman\n|\n|t:|1731461712\n|switch|p2b: smearin' deez|Smeargle, F|314/314\n|turn|2\n|\n|t:|1731461754\n|move|p1b: Zora|Ivy Cudgel|p2a: Butterfree?!|[anim] Ivy Cudgel Water\n|-supereffective|p2a: Butterfree?!\n|-damage|p2a: Butterfree?!|0 fnt\n|faint|p2a: Butterfree?!\n|move|p2b: smearin' deez|Tailwind|p2b: smearin' deez\n|-sidestart|p2: noli_cannoli10|move: Tailwind\n|move|p1a: Cindy|Parting Shot|p2b: smearin' deez\n|-unboost|p2b: smearin' deez|atk|1\n|-unboost|p2b: smearin' deez|spa|1\n|\n|t:|1731461784\n|switch|p1a: Krowbar|Murkrow, M|324/324|[from] Parting Shot\n|\n|-ability|p2b: smearin' deez|Moody|boost\n|-boost|p2b: smearin' deez|spd|2\n|-unboost|p2b: smearin' deez|atk|1\n|upkeep\n|\n|t:|1731461792\n|switch|p2a: Facebook Eww|Metagross|301/301\n|turn|3\n|\n|t:|1731461810\n|detailschange|p2a: Facebook Eww|Metagross-Mega\n|-mega|p2a: Facebook Eww|Metagross|Metagrossite\n|move|p1a: Krowbar|Sucker Punch|p2a: Facebook Eww\n|-supereffective|p2a: Facebook Eww\n|-damage|p2a: Facebook Eww|151/301\n|move|p2a: Facebook Eww|Zen Headbutt|p1b: Zora\n|-damage|p1b: Zora|0 fnt\n|faint|p1b: Zora\n|move|p2b: smearin' deez|Spore|p1a: Krowbar\n|-status|p1a: Krowbar|slp|[from] move: Spore\n|\n|-ability|p2b: smearin' deez|Moody|boost\n|-boost|p2b: smearin' deez|spd|2\n|-unboost|p2b: smearin' deez|spe|1\n|upkeep\n|j| Mango Meloetta\n|\n|t:|1731461823\n|switch|p1b: Cindy|Incineroar, F, tera:Grass|228/363\n|-ability|p1b: Cindy|Intimidate|boost\n|-unboost|p2a: Facebook Eww|atk|1\n|-unboost|p2b: smearin' deez|atk|1\n|turn|4\n|\n|t:|1731461837\n|cant|p1a: Krowbar|slp\n|move|p2a: Facebook Eww|Zen Headbutt|p1b: Cindy\n|-damage|p1b: Cindy|90/363\n|debug|Covert Cloak prevent secondary\n|move|p2b: smearin' deez|Spore|p1b: Cindy\n|debug|natural powder immunity\n|-immune|p1b: Cindy\n|move|p1b: Cindy|Brick Break|p2b: smearin' deez\n|-supereffective|p2b: smearin' deez\n|-enditem|p2b: smearin' deez|Focus Sash\n|-damage|p2b: smearin' deez|1/314\n|\n|-ability|p2b: smearin' deez|Moody|boost\n|-boost|p2b: smearin' deez|spe|2\n|-unboost|p2b: smearin' deez|def|1\n|upkeep\n|turn|5\n|\n|t:|1731461876\n|switch|p1b: Goldi|Gholdengo|378/378\n|move|p2b: smearin' deez|Spiky Shield|p2b: smearin' deez\n|-singleturn|p2b: smearin' deez|move: Protect\n|cant|p1a: Krowbar|slp\n|move|p2a: Facebook Eww|Zen Headbutt|p1b: Goldi\n|-resisted|p1b: Goldi\n|-damage|p1b: Goldi|304/378\n|\n|-sideend|p2: noli_cannoli10|move: Tailwind\n|-ability|p2b: smearin' deez|Moody|boost\n|-boost|p2b: smearin' deez|atk|2\n|-unboost|p2b: smearin' deez|def|1\n|upkeep\n|turn|6\n|\n|t:|1731461910\n|cant|p1a: Krowbar|slp\n|move|p2b: smearin' deez|Spore|p1b: Goldi\n|-immune|p1b: Goldi|[from] ability: Good as Gold\n|move|p2a: Facebook Eww|Ice Punch|p1b: Goldi\n|-resisted|p1b: Goldi\n|-damage|p1b: Goldi|257/378\n|move|p1b: Goldi|Shadow Ball|p2a: Facebook Eww\n|-supereffective|p2a: Facebook Eww\n|-damage|p2a: Facebook Eww|0 fnt\n|faint|p2a: Facebook Eww\n|\n|-ability|p2b: smearin' deez|Moody|boost\n|-boost|p2b: smearin' deez|def|2\n|-unboost|p2b: smearin' deez|spd|1\n|upkeep\n|\n|t:|1731461924\n|switch|p2a: Metal Gyatt|Magearna|364/364\n|turn|7\n|\n|t:|1731461938\n|move|p2b: smearin' deez|Spiky Shield|p2b: smearin' deez\n|-singleturn|p2b: smearin' deez|move: Protect\n|-curestatus|p1a: Krowbar|slp|[msg]\n|move|p1a: Krowbar|Tailwind|p1a: Krowbar\n|-sidestart|p1: mistermoscow|move: Tailwind\n|move|p1b: Goldi|Nasty Plot|p1b: Goldi\n|-boost|p1b: Goldi|spa|2\n|move|p2a: Metal Gyatt|Dazzling Gleam|p1b: Goldi|[spread] p1a,p1b\n|debug|Spread modifier: 0.75\n|-supereffective|p1a: Krowbar\n|debug|Spread modifier: 0.75\n|-resisted|p1b: Goldi\n|-damage|p1a: Krowbar|58/324\n|-damage|p1b: Goldi|206/378\n|\n|-ability|p2b: smearin' deez|Moody|boost\n|-boost|p2b: smearin' deez|def|2\n|-unboost|p2b: smearin' deez|atk|1\n|upkeep\n|turn|8\n|\n|t:|1731461985\n|move|p1a: Krowbar|Tailwind||[still]\n|-fail|p1a: Krowbar\n|debug|move failed because it did nothing\n|move|p2b: smearin' deez|Tailwind|p2b: smearin' deez\n|-sidestart|p2: noli_cannoli10|move: Tailwind\n|move|p1b: Goldi|Recover|p1b: Goldi\n|-heal|p1b: Goldi|378/378\n|move|p2a: Metal Gyatt|Dazzling Gleam|p1b: Goldi|[spread] p1a,p1b\n|debug|Spread modifier: 0.75\n|-supereffective|p1a: Krowbar\n|-crit|p1a: Krowbar\n|debug|Spread modifier: 0.75\n|-resisted|p1b: Goldi\n|-damage|p1a: Krowbar|0 fnt\n|-damage|p1b: Goldi|318/378\n|faint|p1a: Krowbar\n|-ability|p2a: Metal Gyatt|Soul-Heart|boost\n|-boost|p2a: Metal Gyatt|spa|1\n|\n|-ability|p2b: smearin' deez|Moody|boost\n|-boost|p2b: smearin' deez|spd|2\n|-unboost|p2b: smearin' deez|spa|1\n|upkeep\n|\n|t:|1731462005\n|switch|p1a: Cindy|Incineroar, F, tera:Grass|90/363\n|-ability|p1a: Cindy|Intimidate|boost\n|-unboost|p2a: Metal Gyatt|atk|1\n|-unboost|p2b: smearin' deez|atk|1\n|turn|9\n|\n|t:|1731462015\n|move|p2b: smearin' deez|Spiky Shield|p2b: smearin' deez\n|-singleturn|p2b: smearin' deez|move: Protect\n|move|p1a: Cindy|Fake Out|p2a: Metal Gyatt\n|-resisted|p2a: Metal Gyatt\n|-damage|p2a: Metal Gyatt|344/364\n|move|p1b: Goldi|Nasty Plot|p1b: Goldi\n|-boost|p1b: Goldi|spa|2\n|cant|p2a: Metal Gyatt|flinch\n|\n|-ability|p2b: smearin' deez|Moody|boost\n|-boost|p2b: smearin' deez|spa|2\n|-unboost|p2b: smearin' deez|spe|1\n|upkeep\n|turn|10\n|\n|t:|1731462053\n|move|p2b: smearin' deez|Tailwind||[still]\n|-fail|p2b: smearin' deez\n|debug|move failed because it did nothing\n|move|p1b: Goldi|Make It Rain|p2b: smearin' deez|[spread] p2a,p2b\n|debug|Spread modifier: 0.75\n|debug|Spread modifier: 0.75\n|-damage|p2a: Metal Gyatt|0 fnt\n|-damage|p2b: smearin' deez|0 fnt\n|-unboost|p1b: Goldi|spa|1\n|faint|p2a: Metal Gyatt\n|faint|p2b: smearin' deez\n|move|p1a: Cindy|Parting Shot|p2: Metal Gyatt|[notarget]\n|-fail|p1a: Cindy\n|\n|-sideend|p1: mistermoscow|move: Tailwind\n|upkeep\n|\n|t:|1731462066\n|switch|p2b: Tickle Me Elmo|Annihilape, M|423/423\n|turn|11\n|\n|t:|1731462088\n|move|p2b: Tickle Me Elmo|Rage Fist|p1b: Goldi\n|-supereffective|p1b: Goldi\n|-damage|p1b: Goldi|120/378\n|move|p1b: Goldi|Shadow Ball|p2b: Tickle Me Elmo\n|-supereffective|p2b: Tickle Me Elmo\n|-damage|p2b: Tickle Me Elmo|0 fnt\n|faint|p2b: Tickle Me Elmo\n|\n|win|mistermoscow\n|l|☆noli_cannoli10\n|player|p2|\n","uploadtime":1731462096,"views":"27","formatid":"gen9doublescustomgame","rating":null,"private":0,"password":null}