{"id":"gen9doublescustomgame-2242772711","format":"[Gen 9] Doubles Custom Game","players":["je64","mattmandaman"],"log":"|badge|p2|silver|gen9doublesou|30-3\n|uhtml|medal-msg|<div class=\"broadcast-blue\">Curious what those medals under the avatar are? PS now has Ladder Seasons! For more information, check out the <a href=\"https://www.smogon.com/forums/threads/3740067/\">thread on Smogon.</a></div>\n|j|☆je64\n|j|☆mattmandaman\n|t:|1731462147\n|gametype|doubles\n|player|p1|je64|1|\n|player|p2|mattmandaman|giovanni|\n|teamsize|p1|6\n|teamsize|p2|6\n|gen|9\n|tier|[Gen 9] Doubles Custom Game\n|clearpoke\n|poke|p1|Flutter Mane|\n|poke|p1|Salamence, M|\n|poke|p1|Tapu Fini|\n|poke|p1|Zeraora|\n|poke|p1|Ursaluna-Bloodmoon, M|\n|poke|p1|Farigiraf, F|\n|poke|p2|Deoxys-Attack|\n|poke|p2|Indeedee-F, F|\n|poke|p2|Diancie|\n|poke|p2|Volcanion|\n|poke|p2|Grimmsnarl, M|\n|poke|p2|Venusaur, F|\n|teampreview\n|j| mistermoscow\n|j| Mango Meloetta\n|\n|t:|1731462246\n|start\n|switch|p1a: Zeraora|Zeraora|318/318\n|switch|p1b: Farigiraf|Farigiraf, F|444/444\n|switch|p2a: Diancie|Diancie|304/304\n|switch|p2b: Deoxys|Deoxys-Attack|241/241\n|-ability|p2b: Deoxys|Pressure\n|-item|p1a: Zeraora|Air Balloon\n|turn|1\n|\n|t:|1731462292\n|switch|p1b: Tapu Fini|Tapu Fini|344/344\n|-fieldstart|move: Misty Terrain|[from] ability: Misty Surge|[of] p1b: Tapu Fini\n|move|p2b: Deoxys|Protect|p2b: Deoxys\n|-singleturn|p2b: Deoxys|Protect\n|move|p1a: Zeraora|Fake Out|p2b: Deoxys\n|-activate|p2b: Deoxys|move: Protect\n|move|p2a: Diancie|Diamond Storm|p1b: Tapu Fini|[spread] p1a,p1b\n|debug|Spread modifier: 0.75\n|-crit|p1a: Zeraora\n|debug|Spread modifier: 0.75\n|-damage|p1a: Zeraora|102/318\n|-damage|p1b: Tapu Fini|244/344\n|-boost|p2a: Diancie|def|2\n|-enditem|p1a: Zeraora|Air Balloon\n|\n|-heal|p1b: Tapu Fini|265/344|[from] item: Leftovers\n|upkeep\n|turn|2\n|\n|t:|1731462359\n|switch|p1a: Farigiraf|Farigiraf, F|444/444\n|switch|p2a: Indeedee|Indeedee-F, F|344/344\n|-fieldstart|move: Psychic Terrain|[from] ability: Psychic Surge|[of] p2a: Indeedee\n|-terastallize|p2b: Deoxys|Psychic\n|move|p2b: Deoxys|Expanding Force|p1a: Farigiraf|[spread] p1a,p1b\n|debug|psychic terrain boost\n|debug|terrain buff\n|debug|Spread modifier: 0.75\n|-resisted|p1a: Farigiraf\n|debug|psychic terrain boost\n|debug|terrain buff\n|debug|Spread modifier: 0.75\n|-damage|p1a: Farigiraf|188/444\n|-damage|p1b: Tapu Fini|0 fnt\n|-enditem|p1a: Farigiraf|Sitrus Berry|[eat]\n|-heal|p1a: Farigiraf|299/444|[from] item: Sitrus Berry\n|faint|p1b: Tapu Fini\n|\n|upkeep\n|\n|t:|1731462389\n|switch|p1b: Gucci Mane|Flutter Mane|284/284\n|-enditem|p1b: Gucci Mane|Booster Energy\n|-activate|p1b: Gucci Mane|ability: Protosynthesis|[fromitem]\n|-start|p1b: Gucci Mane|protosynthesisspe\n|turn|3\n|debug|Protosynthesis spe boost\n|debug|Protosynthesis spe boost\n|\n|t:|1731462408\n|debug|Protosynthesis spe boost\n|debug|Protosynthesis spe boost\n|move|p2a: Indeedee|Helping Hand|p2b: Deoxys\n|-singleturn|p2b: Deoxys|Helping Hand|[of] p2a: Indeedee\n|debug|Protosynthesis spe boost\n|debug|Protosynthesis spe boost\n|move|p1b: Gucci Mane|Dazzling Gleam|p2b: Deoxys|[spread] p2a,p2b\n|debug|Spread modifier: 0.75\n|debug|Spread modifier: 0.75\n|-damage|p2a: Indeedee|256/344\n|-enditem|p2b: Deoxys|Focus Sash\n|-damage|p2b: Deoxys|1/241\n|debug|Protosynthesis spe boost\n|move|p2b: Deoxys|Expanding Force|p1b: Gucci Mane|[spread] p1a,p1b\n|debug|Boosting from Helping Hand: 1.5\n|debug|psychic terrain boost\n|debug|terrain buff\n|debug|Spread modifier: 0.75\n|-resisted|p1a: Farigiraf\n|-crit|p1a: Farigiraf\n|debug|Boosting from Helping Hand: 1.5\n|debug|psychic terrain boost\n|debug|terrain buff\n|debug|Spread modifier: 0.75\n|-damage|p1a: Farigiraf|0 fnt\n|-damage|p1b: Gucci Mane|0 fnt\n|faint|p1a: Farigiraf\n|faint|p1b: Gucci Mane\n|-end|p1b: Gucci Mane|Protosynthesis|[silent]\n|\n|upkeep\n|\n|t:|1731462430\n|switch|p1b: Zeraora|Zeraora|102/318\n|switch|p1a: M as in Mancy|Salamence, M|331/331\n|-ability|p1a: M as in Mancy|Intimidate|boost\n|-unboost|p2a: Indeedee|atk|1\n|-unboost|p2b: Deoxys|atk|1\n|turn|4\n|\n|t:|1731462486\n|detailschange|p1a: M as in Mancy|Salamence-Mega, M\n|-mega|p1a: M as in Mancy|Salamence|Salamencite\n|move|p2a: Indeedee|Helping Hand|p2b: Deoxys\n|-singleturn|p2b: Deoxys|Helping Hand|[of] p2a: Indeedee\n|move|p1a: M as in Mancy|Protect|p1a: M as in Mancy\n|-singleturn|p1a: M as in Mancy|Protect\n|move|p2b: Deoxys|Expanding Force|p1b: Zeraora|[spread] p1b\n|-activate|p1a: M as in Mancy|move: Protect\n|debug|Boosting from Helping Hand: 1.5\n|debug|psychic terrain boost\n|debug|terrain buff\n|debug|Spread modifier: 0.75\n|-damage|p1b: Zeraora|0 fnt\n|faint|p1b: Zeraora\n|\n|upkeep\n|\n|t:|1731462495\n|switch|p1b: Yāoguài 妖怪|Ursaluna-Bloodmoon, M|430/430\n|turn|5\n|\n|t:|1731462501\n|move|p2a: Indeedee|Helping Hand|p2b: Deoxys\n|-singleturn|p2b: Deoxys|Helping Hand|[of] p2a: Indeedee\n|move|p1a: M as in Mancy|Protect||[still]\n|debug|Success chance: 33%\n|-fail|p1a: M as in Mancy\n|move|p1b: Yāoguài 妖怪|Protect|p1b: Yāoguài 妖怪\n|-singleturn|p1b: Yāoguài 妖怪|Protect\n|move|p2b: Deoxys|Expanding Force|p1a: M as in Mancy|[spread] p1a\n|-activate|p1b: Yāoguài 妖怪|move: Protect\n|debug|Boosting from Helping Hand: 1.5\n|debug|psychic terrain boost\n|debug|terrain buff\n|debug|Spread modifier: 0.75\n|-damage|p1a: M as in Mancy|0 fnt\n|faint|p1a: M as in Mancy\n|\n|upkeep\n|turn|6\n|\n|t:|1731462514\n|move|p2a: Indeedee|Helping Hand|p2b: Deoxys\n|-singleturn|p2b: Deoxys|Helping Hand|[of] p2a: Indeedee\n|move|p1b: Yāoguài 妖怪|Protect||[still]\n|debug|Success chance: 33%\n|-fail|p1b: Yāoguài 妖怪\n|move|p2b: Deoxys|Expanding Force|p1b: Yāoguài 妖怪\n|debug|Boosting from Helping Hand: 1.5\n|debug|psychic terrain boost\n|debug|terrain buff\n|-damage|p1b: Yāoguài 妖怪|0 fnt\n|faint|p1b: Yāoguài 妖怪\n|\n|win|mattmandaman\n|l|☆je64\n|player|p1|\n","uploadtime":1731462522,"views":"38","formatid":"gen9doublescustomgame","rating":null,"private":0,"password":null}