{"id":"gen9doublescustomgame-2294570346","format":"[Gen 9] Doubles Custom Game","players":["mistermoscow","Mattmandaman"],"log":"|j|☆mistermoscow\n|j|☆Mattmandaman\n|t:|1738715536\n|gametype|doubles\n|player|p1|mistermoscow|alder|\n|player|p2|Mattmandaman|giovanni|\n|teamsize|p1|6\n|teamsize|p2|6\n|gen|9\n|tier|[Gen 9] Doubles Custom Game\n|clearpoke\n|poke|p1|Nidoking, M|\n|poke|p1|Clefairy, M|\n|poke|p1|Dewgong, M|\n|poke|p1|Gengar, M|\n|poke|p1|Snorlax, M|\n|poke|p1|Dragonite, M|\n|poke|p2|Rhydon, M|\n|poke|p2|Starmie|\n|poke|p2|Gengar, F|\n|poke|p2|Nidoking, M|\n|poke|p2|Muk, M|\n|poke|p2|Cloyster, M|\n|teampreview\n|\n|t:|1738715564\n|start\n|switch|p1a: Clifford|Clefairy, M|344/344\n|switch|p1b: Dewey|Dewgong, M|353/353\n|switch|p2a: Muk|Muk, M|414/414\n|switch|p2b: Rhydon|Rhydon, M|414/414\n|turn|1\n|\n|t:|1738715588\n|move|p1b: Dewey|Fake Out|p2a: Muk\n|-damage|p2a: Muk|366/414\n|cant|p2a: Muk|flinch\n|move|p2b: Rhydon|Stealth Rock|p1a: Clifford\n|-sidestart|p1: mistermoscow|move: Stealth Rock\n|move|p1a: Clifford|Stealth Rock|p2a: Muk\n|-sidestart|p2: Mattmandaman|move: Stealth Rock\n|\n|-heal|p2a: Muk|391/414|[from] item: Black Sludge\n|upkeep\n|turn|2\n|\n|t:|1738715609\n|switch|p2b: Starmie|Starmie|262/262\n|-damage|p2b: Starmie|230/262|[from] Stealth Rock\n|move|p1b: Dewey|Knock Off|p2b: Starmie\n|-supereffective|p2b: Starmie\n|-damage|p2b: Starmie|42/262\n|-enditem|p2b: Starmie|Assault Vest|[from] move: Knock Off|[of] p1b: Dewey\n|move|p2a: Muk|Poison Jab|p1a: Clifford\n|-supereffective|p1a: Clifford\n|-damage|p1a: Clifford|138/344\n|move|p1a: Clifford|Minimize|p1a: Clifford\n|-boost|p1a: Clifford|evasion|2\n|\n|-heal|p2a: Muk|414/414|[from] item: Black Sludge\n|upkeep\n|turn|3\n|\n|t:|1738715643\n|move|p2b: Starmie|Psychic|p1b: Dewey\n|debug|Friend Guard weaken\n|-damage|p1b: Dewey|256/353\n|move|p1b: Dewey|Knock Off|p2a: Muk\n|-damage|p2a: Muk|311/414\n|-enditem|p2a: Muk|Black Sludge|[from] move: Knock Off|[of] p1b: Dewey\n|move|p2a: Muk|Poison Jab|p1a: Clifford\n|-supereffective|p1a: Clifford\n|-damage|p1a: Clifford|0 fnt\n|debug|move failed because it did nothing\n|faint|p1a: Clifford\n|\n|-heal|p1b: Dewey|278/353|[from] item: Leftovers\n|upkeep\n|\n|t:|1738715671\n|switch|p1a: King Nido|Nidoking, M|303/303\n|-damage|p1a: King Nido|285/303|[from] Stealth Rock\n|turn|4\n|\n|t:|1738715717\n|switch|p1b: Snax|Snorlax, M|462/462\n|-damage|p1b: Snax|405/462|[from] Stealth Rock\n|move|p1a: King Nido|Sucker Punch|p2b: Starmie\n|-supereffective|p2b: Starmie\n|-damage|p2b: Starmie|0 fnt\n|faint|p2b: Starmie\n|-damage|p1a: King Nido|255/303|[from] item: Life Orb\n|move|p2a: Muk|Ice Punch|p1a: King Nido\n|-supereffective|p1a: King Nido\n|-damage|p1a: King Nido|59/303\n|-status|p1a: King Nido|frz\n|\n|upkeep\n|c|☆mistermoscow|jfc\n|c|☆Mattmandaman|yea thats shot\n|\n|t:|1738715781\n|switch|p2b: Cloyster|Cloyster, M|242/242\n|-damage|p2b: Cloyster|182/242|[from] Stealth Rock\n|turn|5\n|\n|t:|1738715861\n|switch|p1a: Dewey|Dewgong, M|278/353\n|-damage|p1a: Dewey|190/353|[from] Stealth Rock\n|move|p2b: Cloyster|Icicle Spear|p1b: Snax\n|-damage|p1b: Snax|368/462\n|-crit|p1b: Snax\n|-damage|p1b: Snax|314/462\n|-damage|p1b: Snax|275/462\n|-hitcount|p1b: Snax|3\n|move|p2a: Muk|Poison Jab|p1b: Snax\n|-damage|p1b: Snax|145/462\n|move|p1b: Snax|Power-Up Punch|p2b: Cloyster\n|-supereffective|p2b: Cloyster\n|-damage|p2b: Cloyster|126/242\n|-boost|p1b: Snax|atk|1\n|\n|-heal|p1a: Dewey|212/353|[from] item: Leftovers\n|upkeep\n|turn|6\n|\n|t:|1738715889\n|move|p2b: Cloyster|Icicle Spear|p1b: Snax\n|-damage|p1b: Snax|109/462\n|-damage|p1b: Snax|70/462\n|-damage|p1b: Snax|34/462\n|-hitcount|p1b: Snax|3\n|move|p1a: Dewey|Knock Off|p2b: Cloyster\n|-damage|p2b: Cloyster|73/242\n|-enditem|p2b: Cloyster|Choice Scarf|[from] move: Knock Off|[of] p1a: Dewey\n|move|p2a: Muk|Poison Jab|p1b: Snax\n|-damage|p1b: Snax|0 fnt\n|faint|p1b: Snax\n|\n|-heal|p1a: Dewey|234/353|[from] item: Leftovers\n|upkeep\n|\n|t:|1738715913\n|switch|p1b: Gang Gang|Gengar, M|262/262\n|-damage|p1b: Gang Gang|230/262|[from] Stealth Rock\n|turn|7\n|\n|t:|1738715938\n|switch|p1a: Puff Daddy|Dragonite, M|386/386\n|-damage|p1a: Puff Daddy|290/386|[from] Stealth Rock\n|move|p2a: Muk|Shadow Sneak|p1b: Gang Gang\n|-supereffective|p1b: Gang Gang\n|-damage|p1b: Gang Gang|88/262\n|move|p1b: Gang Gang|Shadow Ball|p2b: Cloyster\n|-damage|p2b: Cloyster|0 fnt\n|faint|p2b: Cloyster\n|\n|upkeep\n|\n|t:|1738715954\n|switch|p2b: Rhydon|Rhydon, M|414/414\n|-damage|p2b: Rhydon|389/414|[from] Stealth Rock\n|turn|8\n|\n|t:|1738715975\n|move|p2a: Muk|Shadow Sneak|p1b: Gang Gang\n|-supereffective|p1b: Gang Gang\n|-damage|p1b: Gang Gang|0 fnt\n|faint|p1b: Gang Gang\n|move|p1a: Puff Daddy|Tailwind|p1a: Puff Daddy\n|-sidestart|p1: mistermoscow|move: Tailwind\n|move|p2b: Rhydon|Rock Slide|p1a: Puff Daddy\n|-supereffective|p1a: Puff Daddy\n|-damage|p1a: Puff Daddy|14/386\n|\n|upkeep\n|\n|t:|1738715990\n|switch|p1b: King Nido|Nidoking, M|59/303 frz\n|-damage|p1b: King Nido|41/303 frz|[from] Stealth Rock\n|turn|9\n|\n|t:|1738716013\n|move|p1a: Puff Daddy|Extreme Speed|p2a: Muk\n|-damage|p2a: Muk|182/414\n|move|p2a: Muk|Shadow Sneak|p1b: King Nido\n|-crit|p1b: King Nido\n|-damage|p1b: King Nido|0 fnt\n|faint|p1b: King Nido\n|move|p2b: Rhydon|Rock Slide|p1a: Puff Daddy\n|-supereffective|p1a: Puff Daddy\n|-damage|p1a: Puff Daddy|0 fnt\n|faint|p1a: Puff Daddy\n|\n|upkeep\n|-message|mistermoscow forfeited.\n|\n|win|Mattmandaman\n|c|☆mistermoscow|gg\n|c|☆Mattmandaman|gg\n|c|☆mistermoscow|another?\n|c|☆Mattmandaman|surely\n|l|☆mistermoscow\n|player|p1|\n","uploadtime":1738716026,"views":"10","formatid":"gen9doublescustomgame","rating":null,"private":0,"password":null}