{"id":"gen9doublescustomgame-2127202050","format":"[Gen 9] Doubles Custom Game","players":["smokeydabearrr","je64"],"log":"|j|☆smokeydabearrr\n|j|☆je64\n|t:|1716260738\n|gametype|doubles\n|player|p1|smokeydabearrr|2|\n|player|p2|je64|170|\n|teamsize|p1|6\n|teamsize|p2|6\n|gen|9\n|tier|[Gen 9] Doubles Custom Game\n|clearpoke\n|poke|p1|Cresselia, F|\n|poke|p1|Dudunsparce-*, M|\n|poke|p1|Rillaboom, F|\n|poke|p1|Raging Bolt|\n|poke|p1|Charizard, M|\n|poke|p1|Darkrai|\n|poke|p2|Mew|\n|poke|p2|Scizor, F|\n|poke|p2|Tornadus, M|\n|poke|p2|Ursaluna-Bloodmoon, M|\n|poke|p2|Flutter Mane|\n|poke|p2|Chi-Yu|\n|teampreview\n|j| mistermoscow\n|j| Mango Meloetta\n|\n|t:|1716260772\n|start\n|switch|p1a: GRASS MONKEY|Rillaboom, F|404/404\n|switch|p1b: vajayjayyy|Cresselia, F|444/444\n|switch|p2a: Agatha|Flutter Mane|284/284\n|switch|p2b: Shi-Yu In Hell|Chi-Yu|252/252\n|-ability|p2b: Shi-Yu In Hell|Beads of Ruin\n|-fieldstart|move: Grassy Terrain|[from] ability: Grassy Surge|[of] p1a: GRASS MONKEY\n|-enditem|p2a: Agatha|Booster Energy\n|-activate|p2a: Agatha|ability: Protosynthesis|[fromitem]\n|-start|p2a: Agatha|protosynthesisspe\n|turn|1\n|debug|Protosynthesis spe boost\n|debug|Protosynthesis spe boost\n|\n|t:|1716260813\n|debug|Protosynthesis spe boost\n|debug|Protosynthesis spe boost\n|move|p2b: Shi-Yu In Hell|Protect|p2b: Shi-Yu In Hell\n|-singleturn|p2b: Shi-Yu In Hell|Protect\n|debug|Protosynthesis spe boost\n|debug|Protosynthesis spe boost\n|move|p1a: GRASS MONKEY|Fake Out|p2b: Shi-Yu In Hell\n|-activate|p2b: Shi-Yu In Hell|move: Protect\n|debug|Protosynthesis spe boost\n|debug|Protosynthesis spe boost\n|move|p2a: Agatha|Moonblast|p1a: GRASS MONKEY\n|debug|Beads of Ruin SpD drop\n|-damage|p1a: GRASS MONKEY|206/404\n|-unboost|p1a: GRASS MONKEY|spa|1\n|debug|Protosynthesis spe boost\n|move|p1b: vajayjayyy|Trick Room|p1b: vajayjayyy\n|-fieldstart|move: Trick Room|[of] p1b: vajayjayyy\n|\n|debug|Protosynthesis spe boost\n|-heal|p1a: GRASS MONKEY|231/404|[from] Grassy Terrain\n|debug|Pokemon semi-invuln or not grounded; Grassy Terrain skipped\n|upkeep\n|turn|2\n|debug|Protosynthesis spe boost\n|debug|Protosynthesis spe boost\n|\n|t:|1716260881\n|switch|p2b: Ditto's Daddy|Mew|404/404\n|debug|Protosynthesis spe boost\n|debug|Protosynthesis spe boost\n|move|p1b: vajayjayyy|Helping Hand|p1a: GRASS MONKEY\n|-singleturn|p1a: GRASS MONKEY|Helping Hand|[of] p1b: vajayjayyy\n|debug|Protosynthesis spe boost\n|debug|Protosynthesis spe boost\n|move|p1a: GRASS MONKEY|Grassy Glide|p2a: Agatha\n|debug|Boosting from Helping Hand: 1.5\n|debug|grassy terrain boost\n|-crit|p2a: Agatha\n|-damage|p2a: Agatha|0 fnt\n|faint|p2a: Agatha\n|-end|p2a: Agatha|Protosynthesis|[silent]\n|\n|debug|Pokemon semi-invuln or not grounded; Grassy Terrain skipped\n|-heal|p1a: GRASS MONKEY|256/404|[from] Grassy Terrain\n|upkeep\n|\n|t:|1716260891\n|switch|p2a: Yāoguài 妖怪|Ursaluna-Bloodmoon, M|430/430\n|turn|3\n|\n|t:|1716260974\n|-terastallize|p2a: Yāoguài 妖怪|Normal\n|move|p1b: vajayjayyy|Helping Hand|p1a: GRASS MONKEY\n|-singleturn|p1a: GRASS MONKEY|Helping Hand|[of] p1b: vajayjayyy\n|move|p2b: Ditto's Daddy|Fake Out|p1a: GRASS MONKEY\n|-damage|p1a: GRASS MONKEY|224/404\n|move|p2a: Yāoguài 妖怪|Hyper Voice|p1b: vajayjayyy|[spread] p1a,p1b\n|debug|Spread modifier: 0.75\n|-crit|p1a: GRASS MONKEY\n|debug|Spread modifier: 0.75\n|-damage|p1a: GRASS MONKEY|0 fnt\n|-damage|p1b: vajayjayyy|308/444\n|faint|p1a: GRASS MONKEY\n|-enditem|p2a: Yāoguài 妖怪|Throat Spray\n|-boost|p2a: Yāoguài 妖怪|spa|1|[from] item: Throat Spray\n|\n|debug|Pokemon semi-invuln or not grounded; Grassy Terrain skipped\n|upkeep\n|\n|t:|1716260989\n|switch|p1a: Dun Dun DUNNN|Dudunsparce-Three-Segment, M|454/454\n|turn|4\n|\n|t:|1716261006\n|move|p1b: vajayjayyy|Helping Hand|p1a: Dun Dun DUNNN\n|-singleturn|p1a: Dun Dun DUNNN|Helping Hand|[of] p1b: vajayjayyy\n|move|p2a: Yāoguài 妖怪|Blood Moon|p1b: vajayjayyy\n|-damage|p1b: vajayjayyy|0 fnt\n|faint|p1b: vajayjayyy\n|debug|doubling secondary chance\n|move|p1a: Dun Dun DUNNN|Rock Slide|p2b: Ditto's Daddy|[spread] p2a,p2b\n|debug|Boosting from Helping Hand: 1.5\n|debug|Spread modifier: 0.75\n|debug|Boosting from Helping Hand: 1.5\n|debug|Spread modifier: 0.75\n|-damage|p2a: Yāoguài 妖怪|349/430\n|-damage|p2b: Ditto's Daddy|331/404\n|move|p2b: Ditto's Daddy|Teleport|p2b: Ditto's Daddy\n|\n|t:|1716261017\n|switch|p2b: ScytherPunk 2077|Scizor, F|344/344|[from] Teleport\n|\n|-heal|p2a: Yāoguài 妖怪|375/430|[from] Grassy Terrain\n|upkeep\n|\n|t:|1716261054\n|switch|p1b: STILL not a drag|Charizard, M|298/298\n|turn|5\n|\n|t:|1716261071\n|switch|p2b: Ditto's Daddy|Mew|331/404\n|detailschange|p1b: STILL not a drag|Charizard-Mega-Y, M\n|-mega|p1b: STILL not a drag|Charizard|Charizardite Y\n|-weather|SunnyDay|[from] ability: Drought|[of] p1b: STILL not a drag\n|move|p1b: STILL not a drag|Protect|p1b: STILL not a drag\n|-singleturn|p1b: STILL not a drag|Protect\n|move|p2a: Yāoguài 妖怪|Hyper Voice|p1b: STILL not a drag|[spread] p1a\n|-activate|p1b: STILL not a drag|move: Protect\n|debug|Spread modifier: 0.75\n|-damage|p1a: Dun Dun DUNNN|118/454\n|debug|doubling secondary chance\n|move|p1a: Dun Dun DUNNN|Rock Slide|p2b: Ditto's Daddy|[spread] p2a,p2b\n|debug|Spread modifier: 0.75\n|debug|Spread modifier: 0.75\n|-damage|p2a: Yāoguài 妖怪|325/430\n|-damage|p2b: Ditto's Daddy|281/404\n|\n|-weather|SunnyDay|[upkeep]\n|-heal|p2a: Yāoguài 妖怪|351/430|[from] Grassy Terrain\n|-heal|p1a: Dun Dun DUNNN|146/454|[from] Grassy Terrain\n|-heal|p1a: Dun Dun DUNNN|174/454|[from] item: Leftovers\n|-heal|p2b: Ditto's Daddy|306/404|[from] Grassy Terrain\n|debug|Pokemon semi-invuln or not grounded; Grassy Terrain skipped\n|-fieldend|move: Trick Room\n|-fieldend|move: Grassy Terrain\n|upkeep\n|turn|6\n|\n|t:|1716261112\n|-terastallize|p1a: Dun Dun DUNNN|Ghost\n|move|p2b: Ditto's Daddy|Fake Out|p1b: STILL not a drag\n|-damage|p1b: STILL not a drag|256/298\n|cant|p1b: STILL not a drag|flinch\n|debug|doubling secondary chance\n|move|p1a: Dun Dun DUNNN|Rock Slide|p2b: Ditto's Daddy|[spread] p2a,p2b\n|debug|Spread modifier: 0.75\n|debug|Spread modifier: 0.75\n|-damage|p2a: Yāoguài 妖怪|298/430\n|-damage|p2b: Ditto's Daddy|252/404\n|cant|p2a: Yāoguài 妖怪|flinch\n|\n|-weather|SunnyDay|[upkeep]\n|-heal|p1a: Dun Dun DUNNN|202/454|[from] item: Leftovers\n|upkeep\n|turn|7\n|\n|t:|1716261160\n|move|p2a: Yāoguài 妖怪|Protect|p2a: Yāoguài 妖怪\n|-singleturn|p2a: Yāoguài 妖怪|Protect\n|move|p1b: STILL not a drag|Heat Wave|p2a: Yāoguài 妖怪|[spread] p2b\n|-activate|p2a: Yāoguài 妖怪|move: Protect\n|debug|Spread modifier: 0.75\n|debug|Sunny Day fire boost\n|-damage|p2b: Ditto's Daddy|75/404\n|-enditem|p2b: Ditto's Daddy|Sitrus Berry|[eat]\n|-heal|p2b: Ditto's Daddy|176/404|[from] item: Sitrus Berry\n|debug|doubling secondary chance\n|move|p1a: Dun Dun DUNNN|Rock Slide|p2a: Yāoguài 妖怪|[spread] p2b\n|-activate|p2a: Yāoguài 妖怪|move: Protect\n|debug|Spread modifier: 0.75\n|-damage|p2b: Ditto's Daddy|127/404\n|cant|p2b: Ditto's Daddy|flinch\n|\n|-weather|SunnyDay|[upkeep]\n|-heal|p1a: Dun Dun DUNNN|230/454|[from] item: Leftovers\n|upkeep\n|turn|8\n|\n|t:|1716261209\n|move|p1b: STILL not a drag|Heat Wave|p2a: Yāoguài 妖怪|[spread] p2a,p2b\n|debug|Spread modifier: 0.75\n|debug|Sunny Day fire boost\n|debug|Spread modifier: 0.75\n|debug|Sunny Day fire boost\n|-damage|p2a: Yāoguài 妖怪|0 fnt\n|-damage|p2b: Ditto's Daddy|0 fnt\n|faint|p2a: Yāoguài 妖怪\n|faint|p2b: Ditto's Daddy\n|debug|doubling secondary chance\n|move|p1a: Dun Dun DUNNN|Rock Slide|p2: Yāoguài 妖怪|[notarget]\n|-fail|p1a: Dun Dun DUNNN\n|\n|-weather|SunnyDay|[upkeep]\n|-heal|p1a: Dun Dun DUNNN|258/454|[from] item: Leftovers\n|upkeep\n|\n|t:|1716261219\n|switch|p2b: Shi-Yu In Hell|Chi-Yu|252/252\n|switch|p2a: Lakitu|Tornadus, M|362/362\n|-ability|p2b: Shi-Yu In Hell|Beads of Ruin\n|turn|9\n|\n|t:|1716261290\n|move|p2a: Lakitu|Tailwind|p2a: Lakitu\n|-sidestart|p2: je64|move: Tailwind\n|move|p2b: Shi-Yu In Hell|Dark Pulse|p1a: Dun Dun DUNNN\n|debug|Beads of Ruin SpD drop\n|-supereffective|p1a: Dun Dun DUNNN\n|-damage|p1a: Dun Dun DUNNN|0 fnt\n|faint|p1a: Dun Dun DUNNN\n|-damage|p2b: Shi-Yu In Hell|227/252|[from] item: Life Orb\n|move|p1b: STILL not a drag|Heat Wave|p2b: Shi-Yu In Hell|[spread] p2a,p2b\n|debug|Beads of Ruin SpD drop\n|debug|Spread modifier: 0.75\n|debug|Sunny Day fire boost\n|debug|Spread modifier: 0.75\n|debug|Sunny Day fire boost\n|-resisted|p2b: Shi-Yu In Hell\n|-damage|p2a: Lakitu|92/362\n|-damage|p2b: Shi-Yu In Hell|131/252\n|debug|Covert Cloak prevent secondary\n|\n|-weather|none\n|upkeep\n|\n|t:|1716261324\n|switch|p1a: Raging B0ner|Raging Bolt|454/454\n|turn|10\n|\n|t:|1716261388\n|move|p1b: STILL not a drag|Protect|p1b: STILL not a drag\n|-singleturn|p1b: STILL not a drag|Protect\n|move|p1a: Raging B0ner|Thunderclap|p2b: Shi-Yu In Hell\n|-damage|p2b: Shi-Yu In Hell|0 fnt\n|faint|p2b: Shi-Yu In Hell\n|-damage|p1a: Raging B0ner|409/454|[from] item: Life Orb\n|move|p2a: Lakitu|Bleakwind Storm|p1b: STILL not a drag|[spread] p1a\n|-activate|p1b: STILL not a drag|move: Protect\n|debug|Spread modifier: 0.75\n|-resisted|p1a: Raging B0ner\n|-damage|p1a: Raging B0ner|350/454\n|\n|upkeep\n|\n|t:|1716261398\n|switch|p2b: ScytherPunk 2077|Scizor, F|344/344\n|turn|11\n|\n|t:|1716261454\n|switch|p1b: Dark Cries|Darkrai|281/281\n|detailschange|p2b: ScytherPunk 2077|Scizor-Mega, F\n|-mega|p2b: ScytherPunk 2077|Scizor|Scizorite\n|move|p2a: Lakitu|Bleakwind Storm|p1b: Dark Cries|[spread] p1a\n|-miss|p2a: Lakitu|p1b: Dark Cries\n|debug|Spread modifier: 0.75\n|-resisted|p1a: Raging B0ner\n|-damage|p1a: Raging B0ner|295/454\n|move|p2b: ScytherPunk 2077|Dual Wingbeat|p1b: Dark Cries\n|debug|Base Power: 40\n|debug|Technician boost\n|-damage|p1b: Dark Cries|180/281\n|debug|Base Power: 40\n|debug|Technician boost\n|-damage|p1b: Dark Cries|84/281\n|-hitcount|p1b: Dark Cries|2\n|move|p1a: Raging B0ner|Electroweb|p2b: ScytherPunk 2077|[spread] p2a,p2b\n|debug|Spread modifier: 0.75\n|-supereffective|p2a: Lakitu\n|debug|Spread modifier: 0.75\n|-damage|p2a: Lakitu|0 fnt\n|-damage|p2b: ScytherPunk 2077|235/344\n|debug|Covert Cloak prevent secondary\n|-unboost|p2b: ScytherPunk 2077|spe|1\n|faint|p2a: Lakitu\n|-damage|p1a: Raging B0ner|250/454|[from] item: Life Orb\n|\n|upkeep\n|turn|12\n|\n|t:|1716261491\n|move|p1b: Dark Cries|Spacial Rend|p2b: ScytherPunk 2077\n|-resisted|p2b: ScytherPunk 2077\n|-damage|p2b: ScytherPunk 2077|174/344\n|move|p2b: ScytherPunk 2077|Swords Dance|p2b: ScytherPunk 2077\n|-boost|p2b: ScytherPunk 2077|atk|2\n|move|p1a: Raging B0ner|Electroweb|p2b: ScytherPunk 2077\n|-damage|p2b: ScytherPunk 2077|21/344\n|-unboost|p2b: ScytherPunk 2077|spe|1\n|-damage|p1a: Raging B0ner|205/454|[from] item: Life Orb\n|\n|-sideend|p2: je64|move: Tailwind\n|upkeep\n|turn|13\n|\n|t:|1716261507\n|move|p2b: ScytherPunk 2077|Bullet Punch|p1a: Raging B0ner\n|debug|Base Power: 40\n|debug|Technician boost\n|-resisted|p1a: Raging B0ner\n|-damage|p1a: Raging B0ner|59/454\n|move|p1b: Dark Cries|Spacial Rend|p2b: ScytherPunk 2077\n|-resisted|p2b: ScytherPunk 2077\n|-damage|p2b: ScytherPunk 2077|0 fnt\n|faint|p2b: ScytherPunk 2077\n|\n|win|smokeydabearrr\n|c|☆je64|Ggs! Damnn that was good\n","uploadtime":1716261521,"views":"29","formatid":"gen9doublescustomgame","rating":null,"private":0,"password":null}