{"id":"gen9doublescustomgame-2265011606","format":"[Gen 9] Doubles Custom Game","players":["mistermoscow","Mattmandaman"],"log":"|badge|p2|gold|gen9doublesou|3-3\n|uhtml|medal-msg|<div class=\"broadcast-blue\">Curious what those medals under the avatar are? PS now has Ladder Seasons! For more information, check out the <a href=\"https://www.smogon.com/forums/threads/3740067/\">thread on Smogon.</a></div>\n|j|☆mistermoscow\n|j|☆Mattmandaman\n|t:|1734480318\n|gametype|doubles\n|player|p1|mistermoscow|alder|\n|player|p2|Mattmandaman|giovanni|\n|teamsize|p1|6\n|teamsize|p2|6\n|gen|9\n|tier|[Gen 9] Doubles Custom Game\n|clearpoke\n|poke|p1|Butterfree, F|\n|poke|p1|Clefairy, M|\n|poke|p1|Poliwrath, F|\n|poke|p1|Ditto|\n|poke|p1|Porygon|\n|poke|p1|Snorlax, M|\n|poke|p2|Primeape, M|\n|poke|p2|Marowak, F|\n|poke|p2|Dodrio, M|\n|poke|p2|Gengar, F|\n|poke|p2|Pikachu, M|\n|poke|p2|Tentacruel, M|\n|teampreview\n|\n|t:|1734480350\n|start\n|switch|p1a: Purple Haze|Butterfree, F|262/262\n|switch|p1b: Pogo Jr|Porygon|271/271\n|switch|p2a: Dodrio|Dodrio, M|262/262\n|switch|p2b: Primeape|Primeape, M|272/272\n|-ability|p1b: Pogo Jr|Download|boost\n|-boost|p1b: Pogo Jr|spa|1\n|turn|1\n|\n|t:|1734480379\n|move|p1a: Purple Haze|Protect|p1a: Purple Haze\n|-singleturn|p1a: Purple Haze|Protect\n|move|p2a: Dodrio|Taunt|p1b: Pogo Jr\n|-start|p1b: Pogo Jr|move: Taunt\n|move|p2b: Primeape|Rock Slide|p1b: Pogo Jr|[spread] p1b\n|-activate|p1a: Purple Haze|move: Protect\n|debug|Spread modifier: 0.75\n|-damage|p1b: Pogo Jr|232/271\n|cant|p1b: Pogo Jr|flinch\n|\n|upkeep\n|turn|2\n|\n|t:|1734480407\n|switch|p1a: Imp|Ditto|300/300\n|-transform|p1a: Imp|p2b: Primeape|[from] ability: Imposter\n|move|p2a: Dodrio|Brave Bird|p1b: Pogo Jr\n|-damage|p1b: Pogo Jr|97/271\n|-damage|p2a: Dodrio|217/262|[from] Recoil\n|move|p2b: Primeape|Drain Punch|p1b: Pogo Jr\n|-supereffective|p1b: Pogo Jr\n|-damage|p1b: Pogo Jr|0 fnt\n|faint|p1b: Pogo Jr\n|\n|upkeep\n|\n|t:|1734480426\n|switch|p1b: Purple Haze|Butterfree, F|262/262\n|turn|3\n|\n|t:|1734480438\n|move|p2a: Dodrio|Tailwind|p2a: Dodrio\n|-sidestart|p2: Mattmandaman|move: Tailwind\n|move|p2b: Primeape|Rock Slide|p1a: Imp|[spread] p1a,p1b\n|debug|Spread modifier: 0.75\n|-resisted|p1a: Imp\n|debug|Spread modifier: 0.75\n|-supereffective|p1b: Purple Haze\n|-damage|p1a: Imp|261/300\n|-damage|p1b: Purple Haze|0 fnt\n|debug|Covert Cloak prevent secondary\n|faint|p1b: Purple Haze\n|cant|p1a: Imp|flinch\n|\n|upkeep\n|\n|t:|1734480452\n|switch|p1b: Polly|Poliwrath, F|353/353\n|turn|4\n|\n|t:|1734480468\n|move|p1a: Imp|Protect|p1a: Imp\n|-singleturn|p1a: Imp|Protect\n|move|p2a: Dodrio|Brave Bird|p1b: Polly\n|-supereffective|p1b: Polly\n|-damage|p1b: Polly|47/353\n|-enditem|p1b: Polly|Aguav Berry|[eat]\n|-heal|p1b: Polly|164/353|[from] item: Aguav Berry\n|-damage|p2a: Dodrio|116/262|[from] Recoil\n|move|p2b: Primeape|Drain Punch|p1b: Polly\n|-damage|p1b: Polly|71/353\n|move|p1b: Polly|Coaching|p1a: Imp\n|-boost|p1a: Imp|atk|1\n|-boost|p1a: Imp|def|1\n|\n|upkeep\n|turn|5\n|\n|t:|1734480495\n|switch|p1b: Clifford|Clefairy, M|282/282\n|move|p2a: Dodrio|Brave Bird|p1a: Imp\n|-supereffective|p1a: Imp\n|debug|Friend Guard weaken\n|-damage|p1a: Imp|0 fnt\n|faint|p1a: Imp\n|-damage|p2a: Dodrio|30/262|[from] Recoil\n|move|p2b: Primeape|Drain Punch|p1b: Clifford\n|-resisted|p1b: Clifford\n|-damage|p1b: Clifford|237/282\n|\n|upkeep\n|-message|mistermoscow forfeited.\n|\n|win|Mattmandaman\n|c|☆mistermoscow|boo\n|c|☆Mattmandaman|nice\n","uploadtime":1734480519,"views":"51","formatid":"gen9doublescustomgame","rating":null,"private":0,"password":null}