{"id":"gen9doublescustomgame-2309429977","format":"[Gen 9] Doubles Custom Game","players":["je64","mattmandaman"],"log":"|j|☆je64\n|j|☆mattmandaman\n|t:|1740715660\n|gametype|doubles\n|player|p1|je64|265|\n|player|p2|mattmandaman|giovanni|\n|teamsize|p1|6\n|teamsize|p2|6\n|gen|9\n|tier|[Gen 9] Doubles Custom Game\n|clearpoke\n|poke|p1|Electabuzz, M|\n|poke|p1|Gyarados, M|\n|poke|p1|Golduck, M|\n|poke|p1|Chansey, F|\n|poke|p1|Dewgong, F|\n|poke|p1|Venomoth, F|\n|poke|p2|Slowpoke, F|\n|poke|p2|Clefairy, M|\n|poke|p2|Marowak, M|\n|poke|p2|Gengar, M|\n|poke|p2|Snorlax, F|\n|poke|p2|Muk, M|\n|teampreview\n|j| mistermoscow\n|\n|t:|1740715715\n|start\n|switch|p1a: Gyarados|Gyarados, M|331/331\n|switch|p1b: Venomoth|Venomoth, F|281/281\n|switch|p2a: Gengar|Gengar, M|262/262\n|switch|p2b: Snorlax|Snorlax, F|491/491\n|-ability|p1a: Gyarados|Intimidate|boost\n|-unboost|p2a: Gengar|atk|1\n|-unboost|p2b: Snorlax|atk|1\n|turn|1\n|\n|t:|1740715766\n|move|p1a: Gyarados|Crunch|p2a: Gengar\n|-supereffective|p2a: Gengar\n|-enditem|p2a: Gengar|Focus Sash\n|-damage|p2a: Gengar|1/262\n|-start|p1a: Gyarados|Disable|Crunch|[from] ability: Cursed Body|[of] p2a: Gengar\n|move|p1b: Venomoth|Sleep Powder|p2b: Snorlax|[miss]\n|-miss|p1b: Venomoth|p2b: Snorlax\n|move|p2b: Snorlax|Belly Drum|p2b: Snorlax\n|-damage|p2b: Snorlax|246/491\n|-setboost|p2b: Snorlax|atk|6|[from] move: Belly Drum\n|move|p2a: Gengar|Trick Room|p2a: Gengar\n|-fieldstart|move: Trick Room|[of] p2a: Gengar\n|\n|upkeep\n|turn|2\n|\n|t:|1740715813\n|switch|p2a: Clefairy|Clefairy, M|344/344\n|switch|p1a: Buzz Lightyear|Electabuzz, M|334/334\n|move|p2b: Snorlax|Rock Slide|p1a: Buzz Lightyear|[spread] p1a,p1b\n|debug|Spread modifier: 0.75\n|debug|Spread modifier: 0.75\n|-supereffective|p1b: Venomoth\n|-damage|p1a: Buzz Lightyear|172/334\n|-damage|p1b: Venomoth|0 fnt\n|faint|p1b: Venomoth\n|\n|upkeep\n|\n|t:|1740715833\n|switch|p1b: Dude Thong|Dewgong, F|384/384\n|turn|3\n|\n|t:|1740715859\n|move|p2b: Snorlax|Protect|p2b: Snorlax\n|-singleturn|p2b: Snorlax|Protect\n|move|p1b: Dude Thong|Fake Out|p2b: Snorlax\n|-activate|p2b: Snorlax|move: Protect\n|move|p2a: Clefairy|Life Dew||[still]|[spread] p2a,p2b\n|-fail|p2a: Clefairy|heal\n|-heal|p2b: Snorlax|369/491\n|move|p1a: Buzz Lightyear|Electroweb|p2a: Clefairy|[spread] \n|-activate|p2b: Snorlax|move: Protect\n|-miss|p1a: Buzz Lightyear|p2a: Clefairy\n|\n|upkeep\n|turn|4\n|\n|t:|1740715887\n|move|p2a: Clefairy|Helping Hand|p2b: Snorlax\n|-singleturn|p2b: Snorlax|Helping Hand|[of] p2a: Clefairy\n|move|p2b: Snorlax|Rock Slide|p1a: Buzz Lightyear|[spread] p1a,p1b\n|debug|Boosting from Helping Hand: 1.5\n|debug|Spread modifier: 0.75\n|debug|Boosting from Helping Hand: 1.5\n|debug|Spread modifier: 0.75\n|-supereffective|p1b: Dude Thong\n|-damage|p1a: Buzz Lightyear|0 fnt\n|-damage|p1b: Dude Thong|0 fnt\n|faint|p1a: Buzz Lightyear\n|faint|p1b: Dude Thong\n|\n|upkeep\n|\n|t:|1740715918\n|switch|p1b: Lizzo|Chansey, F|704/704\n|switch|p1a: Golduck|Golduck, M|333/333\n|turn|5\n|\n|t:|1740715944\n|move|p1a: Golduck|Protect|p1a: Golduck\n|-singleturn|p1a: Golduck|Protect\n|move|p2b: Snorlax|Body Slam|p1b: Lizzo\n|-damage|p1b: Lizzo|0 fnt\n|faint|p1b: Lizzo\n|move|p2a: Clefairy|Life Dew||[still]|[spread] p2a,p2b\n|-fail|p2a: Clefairy|heal\n|-heal|p2b: Snorlax|491/491\n|\n|-fieldend|move: Trick Room\n|upkeep\n|\n|t:|1740715953\n|switch|p1b: Gyarados|Gyarados, M|331/331\n|-ability|p1b: Gyarados|Intimidate|boost\n|-unboost|p2a: Clefairy|atk|1\n|-unboost|p2b: Snorlax|atk|1\n|turn|6\n|\n|t:|1740715976\n|move|p2a: Clefairy|Follow Me|p2a: Clefairy\n|-singleturn|p2a: Clefairy|move: Follow Me\n|move|p1b: Gyarados|Waterfall|p2a: Clefairy\n|debug|Follow Me redirected target of move\n|-damage|p2a: Clefairy|217/344\n|move|p1a: Golduck|Nasty Plot|p1a: Golduck\n|-boost|p1a: Golduck|spa|2\n|move|p2b: Snorlax|Body Slam|p1a: Golduck\n|-damage|p1a: Golduck|0 fnt\n|debug|move failed because it did nothing\n|faint|p1a: Golduck\n|\n|upkeep\n|turn|7\n|j| Mango Meloetta\n|\n|t:|1740715994\n|move|p2a: Clefairy|Follow Me|p2a: Clefairy\n|-singleturn|p2a: Clefairy|move: Follow Me\n|move|p1b: Gyarados|Waterfall|p2a: Clefairy\n|debug|Follow Me redirected target of move\n|-damage|p2a: Clefairy|81/344\n|move|p2b: Snorlax|Body Slam|p1b: Gyarados\n|-damage|p1b: Gyarados|0 fnt\n|faint|p1b: Gyarados\n|\n|win|mattmandaman\n|l| mistermoscow\n|l|☆je64\n|player|p1|\n|l| Mango Meloetta\n","uploadtime":1740716002,"views":"11","formatid":"gen9doublescustomgame","rating":null,"private":0,"password":null}