{"id":"gen9doublescustomgame-2356448676","format":"[Gen 9] Doubles Custom Game","players":["Mango Meloetta","mistermoscow"],"log":"|j|☆Mango Meloetta\n|j|☆mistermoscow\n|t:|1746327982\n|gametype|doubles\n|player|p1|Mango Meloetta|ghetsis-gen5bw|\n|player|p2|mistermoscow|alder|\n|teamsize|p1|6\n|teamsize|p2|6\n|gen|9\n|tier|[Gen 9] Doubles Custom Game\n|clearpoke\n|poke|p1|Electabuzz, M|\n|poke|p1|Arcanine, M|\n|poke|p1|Weezing, F|\n|poke|p1|Snorlax, M|\n|poke|p1|Persian, M|\n|poke|p1|Pinsir, M|\n|poke|p2|Clefairy, M|\n|poke|p2|Primeape, M|\n|poke|p2|Exeggutor, M|\n|poke|p2|Mr. Mime, F|\n|poke|p2|Jolteon, M|\n|poke|p2|Dragonite, M|\n|teampreview\n|\n|t:|1746328045\n|start\n|switch|p1a: Pinsir|Pinsir, M|271/271\n|switch|p1b: Weezing|Weezing, F|334/334\n|switch|p2a: Mimsy|Mr. Mime, F|284/284\n|switch|p2b: Sparky|Jolteon, M|271/271\n|turn|1\n|\n|t:|1746328063\n|move|p2a: Mimsy|Fake Out|p1b: Weezing\n|-damage|p1b: Weezing|320/334\n|move|p2b: Sparky|Reflect|p2b: Sparky\n|-sidestart|p2: mistermoscow|Reflect\n|move|p1a: Pinsir|X-Scissor|p2a: Mimsy\n|debug|Reflect weaken\n|-damage|p2a: Mimsy|145/284\n|cant|p1b: Weezing|flinch\n|\n|-heal|p1b: Weezing|334/334|[from] item: Black Sludge\n|upkeep\n|turn|2\n|\n|t:|1746328079\n|move|p2b: Sparky|Electroweb|p1a: Pinsir|[spread] p1a,p1b\n|debug|Spread modifier: 0.75\n|debug|Spread modifier: 0.75\n|-damage|p1a: Pinsir|205/271\n|-damage|p1b: Weezing|286/334\n|-unboost|p1a: Pinsir|spe|1\n|-unboost|p1b: Weezing|spe|1\n|move|p2a: Mimsy|Expanding Force|p1b: Weezing\n|-supereffective|p1b: Weezing\n|-damage|p1b: Weezing|122/334\n|move|p1a: Pinsir|X-Scissor|p2b: Sparky\n|debug|Reflect weaken\n|-damage|p2b: Sparky|116/271\n|move|p1b: Weezing|Poison Gas|p2a: Mimsy|[spread] p2a,p2b\n|-status|p2a: Mimsy|psn\n|-status|p2b: Sparky|psn\n|\n|-heal|p1b: Weezing|142/334|[from] item: Black Sludge\n|-damage|p2b: Sparky|83/271 psn|[from] psn\n|-damage|p2a: Mimsy|110/284 psn|[from] psn\n|upkeep\n|turn|3\n|\n|t:|1746328103\n|switch|p1a: Arcanine|Arcanine, M|321/321\n|-ability|p1a: Arcanine|Intimidate|boost\n|-unboost|p2a: Mimsy|atk|1\n|-unboost|p2b: Sparky|atk|1\n|switch|p1b: Electabuzz|Electabuzz, M|334/334\n|move|p2b: Sparky|Light Screen|p2b: Sparky\n|-sidestart|p2: mistermoscow|move: Light Screen\n|move|p2a: Mimsy|Expanding Force|p1b: Electabuzz\n|-damage|p1b: Electabuzz|262/334\n|\n|-damage|p2b: Sparky|50/271 psn|[from] psn\n|-damage|p2a: Mimsy|75/284 psn|[from] psn\n|upkeep\n|turn|4\n|\n|t:|1746328122\n|switch|p2b: Clifford|Clefairy, M|282/282\n|switch|p2a: Apollo|Primeape, M|271/271\n|move|p1a: Arcanine|Extreme Speed|p2b: Clifford\n|debug|Reflect weaken\n|-damage|p2b: Clifford|238/282\n|move|p1b: Electabuzz|Electroweb|p2b: Clifford|[spread] p2a,p2b\n|debug|Spread modifier: 0.75\n|debug|Friend Guard weaken\n|debug|Light Screen weaken\n|debug|Spread modifier: 0.75\n|debug|Light Screen weaken\n|-damage|p2a: Apollo|251/271\n|-damage|p2b: Clifford|216/282\n|-unboost|p2a: Apollo|spe|1\n|-ability|p2a: Apollo|Defiant|boost\n|-boost|p2a: Apollo|atk|2\n|-unboost|p2b: Clifford|spe|1\n|\n|upkeep\n|turn|5\n|\n|t:|1746328161\n|move|p1a: Arcanine|Protect|p1a: Arcanine\n|-singleturn|p1a: Arcanine|Protect\n|move|p1b: Electabuzz|Light Screen|p1b: Electabuzz\n|-sidestart|p1: Mango Meloetta|move: Light Screen\n|move|p2a: Apollo|Bulk Up|p2a: Apollo\n|-boost|p2a: Apollo|atk|1\n|-boost|p2a: Apollo|def|1\n|move|p2b: Clifford|Seismic Toss|p1b: Electabuzz\n|-damage|p1b: Electabuzz|162/334\n|\n|upkeep\n|turn|6\n|\n|t:|1746328186\n|move|p1a: Arcanine|Flare Blitz|p2a: Apollo\n|debug|Friend Guard weaken\n|debug|Reflect weaken\n|-damage|p2a: Apollo|197/271\n|-damage|p1a: Arcanine|303/321|[from] Recoil\n|move|p1b: Electabuzz|Volt Switch|p2a: Apollo\n|debug|Friend Guard weaken\n|debug|Light Screen weaken\n|-damage|p2a: Apollo|165/271\n|\n|t:|1746328197\n|switch|p1b: Persian|Persian, M|272/272|[from] Volt Switch\n|move|p2a: Apollo|Drain Punch|p1a: Arcanine\n|-damage|p1a: Arcanine|0 fnt\n|-heal|p2a: Apollo|271/271|[from] drain|[of] p1a: Arcanine\n|faint|p1a: Arcanine\n|move|p2b: Clifford|Seismic Toss|p1b: Persian\n|-damage|p1b: Persian|172/272\n|\n|upkeep\n|\n|t:|1746328200\n|switch|p1a: Snorlax|Snorlax, M|524/524\n|turn|7\n|\n|t:|1746328234\n|move|p1b: Persian|Fake Out|p2a: Apollo\n|debug|Base Power: 40\n|debug|Technician boost\n|debug|Friend Guard weaken\n|debug|Reflect weaken\n|-damage|p2a: Apollo|251/271\n|cant|p2a: Apollo|flinch\n|move|p1a: Snorlax|Belly Drum|p1a: Snorlax\n|-damage|p1a: Snorlax|262/524\n|-setboost|p1a: Snorlax|atk|6|[from] move: Belly Drum\n|-enditem|p1a: Snorlax|Figy Berry|[eat]\n|-heal|p1a: Snorlax|436/524|[from] item: Figy Berry\n|move|p2b: Clifford|Seismic Toss|p1a: Snorlax\n|-damage|p1a: Snorlax|336/524\n|\n|upkeep\n|turn|8\n|\n|t:|1746328293\n|move|p2b: Clifford|Follow Me|p2b: Clifford\n|-singleturn|p2b: Clifford|move: Follow Me\n|move|p1b: Persian|Thunder Wave|p2b: Clifford\n|debug|Follow Me redirected target of move\n|-status|p2b: Clifford|par\n|move|p2a: Apollo|Drain Punch|p1b: Persian\n|-supereffective|p1b: Persian\n|-damage|p1b: Persian|0 fnt\n|-heal|p2a: Apollo|271/271|[from] drain|[of] p1b: Persian\n|faint|p1b: Persian\n|move|p1a: Snorlax|Recycle|p1a: Snorlax\n|-item|p1a: Snorlax|Figy Berry|[from] move: Recycle\n|\n|-sideend|p2: mistermoscow|Reflect\n|upkeep\n|\n|t:|1746328301\n|switch|p1b: Electabuzz|Electabuzz, M|162/334\n|turn|9\n|\n|t:|1746328311\n|move|p1b: Electabuzz|Follow Me|p1b: Electabuzz\n|-singleturn|p1b: Electabuzz|move: Follow Me\n|move|p2b: Clifford|Follow Me|p2b: Clifford\n|-singleturn|p2b: Clifford|move: Follow Me\n|move|p2a: Apollo|Drain Punch|p1b: Electabuzz\n|debug|Follow Me redirected target of move\n|-damage|p1b: Electabuzz|0 fnt\n|faint|p1b: Electabuzz\n|move|p1a: Snorlax|Return|p2b: Clifford\n|debug|Follow Me redirected target of move\n|-damage|p2b: Clifford|0 fnt\n|faint|p2b: Clifford\n|\n|-sideend|p1: Mango Meloetta|move: Light Screen\n|upkeep\n|\n|t:|1746328327\n|switch|p1b: Pinsir|Pinsir, M|205/271\n|switch|p2b: Mimsy|Mr. Mime, F|75/284 psn\n|turn|10\n|\n|t:|1746328359\n|move|p1a: Snorlax|Protect|p1a: Snorlax\n|-singleturn|p1a: Snorlax|Protect\n|move|p2b: Mimsy|Fake Out|p1a: Snorlax\n|-activate|p1a: Snorlax|move: Protect\n|move|p1b: Pinsir|Mimic|p2a: Apollo\n|-start|p1b: Pinsir|Mimic|Drain Punch\n|move|p2a: Apollo|Rage Fist|p1b: Pinsir\n|-damage|p1b: Pinsir|0 fnt\n|faint|p1b: Pinsir\n|\n|-damage|p2b: Mimsy|40/284 psn|[from] psn\n|-sideend|p2: mistermoscow|move: Light Screen\n|upkeep\n|c|☆Mango Meloetta|oof lol\n|\n|t:|1746328373\n|switch|p1b: Weezing|Weezing, F|142/334\n|turn|11\n|\n|t:|1746328382\n|move|p2b: Mimsy|Psychic Terrain|p2b: Mimsy\n|-fieldstart|move: Psychic Terrain\n|move|p1b: Weezing|Stockpile|p1b: Weezing\n|-start|p1b: Weezing|stockpile1\n|-boost|p1b: Weezing|def|1\n|-boost|p1b: Weezing|spd|1\n|move|p2a: Apollo|Drain Punch|p1a: Snorlax\n|-supereffective|p1a: Snorlax\n|-damage|p1a: Snorlax|0 fnt\n|faint|p1a: Snorlax\n|\n|-heal|p1b: Weezing|162/334|[from] item: Black Sludge\n|-damage|p2b: Mimsy|5/284 psn|[from] psn\n|upkeep\n|turn|12\n|c|☆Mango Meloetta|fff loo\n|\n|t:|1746328401\n|move|p2b: Mimsy|Follow Me|p2b: Mimsy\n|-singleturn|p2b: Mimsy|move: Follow Me\n|move|p1b: Weezing|Heat Wave|p2a: Apollo|[spread] p2a,p2b\n|debug|Spread modifier: 0.75\n|debug|Spread modifier: 0.75\n|-damage|p2a: Apollo|234/271\n|-damage|p2b: Mimsy|0 fnt\n|-status|p2a: Apollo|brn\n|faint|p2b: Mimsy\n|move|p2a: Apollo|Rage Fist|p1b: Weezing\n|-damage|p1b: Weezing|0 fnt\n|faint|p1b: Weezing\n|\n|win|mistermoscow\n|c|☆Mango Meloetta|gggg\n|c|☆Mango Meloetta|well played\n|c|☆mistermoscow|gg\n|c|☆mistermoscow|indeed\n","uploadtime":1746328415,"views":"12","formatid":"gen9doublescustomgame","rating":null,"private":0,"password":null}