{"id":"gen9doublescustomgame-2323373762","format":"[Gen 9] Doubles Custom Game","players":["mistermoscow","mattmandaman"],"log":"|j|☆mistermoscow\n|j|☆mattmandaman\n|t:|1742412711\n|gametype|doubles\n|player|p1|mistermoscow|alder|\n|player|p2|mattmandaman|giovanni|\n|teamsize|p1|6\n|teamsize|p2|6\n|gen|9\n|tier|[Gen 9] Doubles Custom Game\n|clearpoke\n|poke|p1|Dugtrio, M|\n|poke|p1|Primeape, M|\n|poke|p1|Kingler, M|\n|poke|p1|Mr. Mime, M|\n|poke|p1|Jolteon, M|\n|poke|p1|Dragonite, M|\n|poke|p2|Gengar, F|\n|poke|p2|Starmie|\n|poke|p2|Chansey, F|\n|poke|p2|Nidoking, M|\n|poke|p2|Snorlax, M|\n|poke|p2|Pinsir, F|\n|teampreview\n|\n|t:|1742412767\n|start\n|switch|p1a: Mister Snips|Kingler, M|251/251\n|switch|p1b: Sparky|Jolteon, M|271/271\n|switch|p2a: Gengar|Gengar, F|262/262\n|switch|p2b: Pinsir|Pinsir, F|334/334\n|turn|1\n|\n|t:|1742412807\n|move|p2a: Gengar|Protect|p2a: Gengar\n|-singleturn|p2a: Gengar|Protect\n|move|p1b: Sparky|Electroweb|p2b: Pinsir|[spread] p2b\n|-activate|p2a: Gengar|move: Protect\n|debug|Spread modifier: 0.75\n|-damage|p2b: Pinsir|280/334\n|-unboost|p2b: Pinsir|spe|1\n|move|p1a: Mister Snips|Rock Slide|p2b: Pinsir|[spread] p2b\n|-activate|p2a: Gengar|move: Protect\n|debug|Spread modifier: 0.75\n|-supereffective|p2b: Pinsir\n|-damage|p2b: Pinsir|76/334\n|move|p2b: Pinsir|Earthquake|p1b: Sparky|[spread] p1a,p1b\n|-activate|p2a: Gengar|move: Protect\n|debug|Spread modifier: 0.75\n|debug|Spread modifier: 0.75\n|-supereffective|p1b: Sparky\n|-damage|p1a: Mister Snips|170/251\n|-damage|p1b: Sparky|0 fnt\n|faint|p1b: Sparky\n|-ability|p2b: Pinsir|Moxie|boost\n|-boost|p2b: Pinsir|atk|1\n|\n|upkeep\n|\n|t:|1742412840\n|switch|p1b: Mimsy|Mr. Mime, M|221/221\n|turn|2\n|\n|t:|1742412852\n|move|p1b: Mimsy|Follow Me|p1b: Mimsy\n|-singleturn|p1b: Mimsy|move: Follow Me\n|move|p1a: Mister Snips|Rock Slide|p2b: Pinsir|[spread] p2a\n|-miss|p1a: Mister Snips|p2b: Pinsir\n|debug|Spread modifier: 0.75\n|-damage|p2a: Gengar|124/262\n|move|p2a: Gengar|Sludge Bomb|p1b: Mimsy\n|debug|Follow Me redirected target of move\n|-supereffective|p1b: Mimsy\n|debug|Filter neutralize\n|-damage|p1b: Mimsy|10/221\n|-status|p1b: Mimsy|psn\n|move|p2b: Pinsir|X-Scissor|p1b: Mimsy\n|debug|Follow Me redirected target of move\n|-damage|p1b: Mimsy|0 fnt\n|faint|p1b: Mimsy\n|-ability|p2b: Pinsir|Moxie|boost\n|-boost|p2b: Pinsir|atk|1\n|\n|upkeep\n|\n|t:|1742412875\n|switch|p1b: Apollo|Primeape, M|271/271\n|turn|3\n|\n|t:|1742412892\n|move|p2a: Gengar|Protect|p2a: Gengar\n|-singleturn|p2a: Gengar|Protect\n|move|p1a: Mister Snips|Rock Slide|p2b: Pinsir|[spread] p2b\n|-activate|p2a: Gengar|move: Protect\n|debug|Spread modifier: 0.75\n|-supereffective|p2b: Pinsir\n|-damage|p2b: Pinsir|0 fnt\n|faint|p2b: Pinsir\n|move|p1b: Apollo|Bulk Up|p1b: Apollo\n|-boost|p1b: Apollo|atk|1\n|-boost|p1b: Apollo|def|1\n|\n|upkeep\n|\n|t:|1742412898\n|switch|p2b: Nidoking|Nidoking, M|304/304\n|turn|4\n|\n|t:|1742412939\n|move|p2b: Nidoking|Ice Beam|p1a: Mister Snips\n|-resisted|p1a: Mister Snips\n|-damage|p1a: Mister Snips|75/251\n|move|p1a: Mister Snips|Rock Slide|p2b: Nidoking|[spread] p2b\n|-miss|p1a: Mister Snips|p2a: Gengar\n|debug|Spread modifier: 0.75\n|-resisted|p2b: Nidoking\n|-damage|p2b: Nidoking|246/304\n|move|p2a: Gengar|Will-O-Wisp|p1b: Apollo\n|-status|p1b: Apollo|brn\n|move|p1b: Apollo|Rage Fist|p2b: Nidoking\n|-damage|p2b: Nidoking|192/304\n|\n|-damage|p1b: Apollo|255/271 brn|[from] brn\n|upkeep\n|turn|5\n|\n|t:|1742412957\n|move|p2b: Nidoking|Ice Beam|p1a: Mister Snips\n|-resisted|p1a: Mister Snips\n|-damage|p1a: Mister Snips|0 fnt\n|faint|p1a: Mister Snips\n|move|p2a: Gengar|Psychic|p1b: Apollo\n|-supereffective|p1b: Apollo\n|-damage|p1b: Apollo|97/271 brn\n|move|p1b: Apollo|Facade|p2b: Nidoking\n|-damage|p2b: Nidoking|0 fnt\n|faint|p2b: Nidoking\n|\n|-damage|p1b: Apollo|81/271 brn|[from] brn\n|upkeep\n|\n|t:|1742412985\n|switch|p2b: Starmie|Starmie|262/262\n|switch|p1a: The Big Dee|Dugtrio, M|211/211\n|debug|natural status immunity\n|turn|6\n|\n|t:|1742413022\n|move|p2a: Gengar|Protect|p2a: Gengar\n|-singleturn|p2a: Gengar|Protect\n|move|p1a: The Big Dee|Protect|p1a: The Big Dee\n|-singleturn|p1a: The Big Dee|Protect\n|move|p2b: Starmie|Icy Wind|p1a: The Big Dee|[spread] p1b\n|-activate|p1a: The Big Dee|move: Protect\n|debug|Spread modifier: 0.75\n|-damage|p1b: Apollo|38/271 brn\n|-unboost|p1b: Apollo|spe|1\n|-ability|p1b: Apollo|Defiant|boost\n|-boost|p1b: Apollo|atk|2\n|move|p1b: Apollo|Rage Fist|p2a: Gengar\n|-activate|p2a: Gengar|move: Protect\n|\n|-damage|p1b: Apollo|22/271 brn|[from] brn\n|upkeep\n|debug|natural status immunity\n|turn|7\n|\n|t:|1742413068\n|move|p2b: Starmie|Icy Wind|p1a: The Big Dee|[spread] p1a\n|-miss|p2b: Starmie|p1b: Apollo\n|debug|Spread modifier: 0.75\n|-supereffective|p1a: The Big Dee\n|-damage|p1a: The Big Dee|55/211\n|-unboost|p1a: The Big Dee|spe|1\n|move|p2a: Gengar|Psychic|p1b: Apollo\n|-supereffective|p1b: Apollo\n|-damage|p1b: Apollo|0 fnt\n|faint|p1b: Apollo\n|move|p1a: The Big Dee|Rock Slide|p2a: Gengar|[spread] p2a,p2b\n|debug|Spread modifier: 0.75\n|debug|Spread modifier: 0.75\n|-damage|p2a: Gengar|36/262\n|-damage|p2b: Starmie|189/262\n|\n|upkeep\n|\n|t:|1742413080\n|switch|p1b: Puff Daddy|Dragonite, M|324/324\n|debug|natural status immunity\n|turn|8\n|\n|t:|1742413103\n|move|p1a: The Big Dee|Protect|p1a: The Big Dee\n|-singleturn|p1a: The Big Dee|Protect\n|move|p2b: Starmie|Icy Wind|p1a: The Big Dee|[spread] p1b\n|-activate|p1a: The Big Dee|move: Protect\n|debug|Spread modifier: 0.75\n|-supereffective|p1b: Puff Daddy\n|debug|Multiscale weaken\n|-damage|p1b: Puff Daddy|200/324\n|debug|Covert Cloak prevent secondary\n|move|p2a: Gengar|Will-O-Wisp|p1b: Puff Daddy\n|-status|p1b: Puff Daddy|brn\n|move|p1b: Puff Daddy|Tailwind|p1b: Puff Daddy\n|-sidestart|p1: mistermoscow|move: Tailwind\n|\n|-damage|p1b: Puff Daddy|180/324 brn|[from] brn\n|upkeep\n|debug|natural status immunity\n|turn|9\n|\n|t:|1742413127\n|move|p1b: Puff Daddy|Dragon Claw|p2b: Starmie\n|-damage|p2b: Starmie|94/262\n|move|p1a: The Big Dee|High Horsepower|p2a: Gengar\n|-supereffective|p2a: Gengar\n|-damage|p2a: Gengar|0 fnt\n|faint|p2a: Gengar\n|move|p2b: Starmie|Icy Wind|p1a: The Big Dee|[spread] p1a,p1b\n|debug|Spread modifier: 0.75\n|-supereffective|p1a: The Big Dee\n|debug|Spread modifier: 0.75\n|-supereffective|p1b: Puff Daddy\n|-damage|p1a: The Big Dee|0 fnt\n|-damage|p1b: Puff Daddy|0 fnt\n|debug|Covert Cloak prevent secondary\n|faint|p1a: The Big Dee\n|faint|p1b: Puff Daddy\n|\n|win|mattmandaman\n","uploadtime":1742413139,"views":"22","formatid":"gen9doublescustomgame","rating":null,"private":0,"password":null}