{"id":"gen9doublescustomgame-2284282140","format":"[Gen 9] Doubles Custom Game","players":["mistermoscow","Mattmandaman"],"log":"|j|☆mistermoscow\n|j|☆Mattmandaman\n|t:|1737326872\n|gametype|doubles\n|player|p1|mistermoscow|alder|\n|player|p2|Mattmandaman|giovanni|\n|teamsize|p1|6\n|teamsize|p2|6\n|gen|9\n|tier|[Gen 9] Doubles Custom Game\n|clearpoke\n|poke|p1|Clefairy, M|\n|poke|p1|Poliwrath, F|\n|poke|p1|Gengar, M|\n|poke|p1|Jolteon, M|\n|poke|p1|Snorlax, M|\n|poke|p1|Dragonite, M|\n|poke|p2|Cloyster, M|\n|poke|p2|Gengar, M|\n|poke|p2|Nidoqueen, F|\n|poke|p2|Nidoking, M|\n|poke|p2|Machamp, M|\n|poke|p2|Dodrio, M|\n|teampreview\n|j| Mango Meloetta\n|j| je64\n|\n|t:|1737326946\n|start\n|switch|p1a: Sparky|Jolteon, M|271/271\n|switch|p1b: Clifford|Clefairy, M|344/344\n|switch|p2a: Gengar|Gengar, M|262/262\n|switch|p2b: Nidoqueen|Nidoqueen, F|384/384\n|-item|p1a: Sparky|Air Balloon\n|turn|1\n|\n|t:|1737326978\n|move|p1a: Sparky|Light Screen|p1a: Sparky\n|-sidestart|p1: mistermoscow|move: Light Screen\n|move|p2a: Gengar|Icy Wind|p1a: Sparky|[spread] p1a,p1b\n|debug|Spread modifier: 0.75\n|debug|Friend Guard weaken\n|debug|Light Screen weaken\n|debug|Spread modifier: 0.75\n|debug|Light Screen weaken\n|-damage|p1a: Sparky|245/271\n|-damage|p1b: Clifford|298/344\n|-unboost|p1a: Sparky|spe|1\n|-unboost|p1b: Clifford|spe|1\n|-enditem|p1a: Sparky|Air Balloon\n|move|p2b: Nidoqueen|Stealth Rock|p1a: Sparky\n|-sidestart|p1: mistermoscow|move: Stealth Rock\n|move|p1b: Clifford|Stealth Rock|p2b: Nidoqueen\n|-sidestart|p2: Mattmandaman|move: Stealth Rock\n|\n|upkeep\n|turn|2\n|\n|t:|1737327032\n|move|p1b: Clifford|Follow Me|p1b: Clifford\n|-singleturn|p1b: Clifford|move: Follow Me\n|move|p2a: Gengar|Sludge Bomb|p1b: Clifford\n|debug|Follow Me redirected target of move\n|-supereffective|p1b: Clifford\n|debug|Light Screen weaken\n|-damage|p1b: Clifford|29/344\n|move|p1a: Sparky|Shadow Ball|p2a: Gengar\n|-supereffective|p2a: Gengar\n|-damage|p2a: Gengar|40/262\n|-unboost|p2a: Gengar|spd|1\n|-start|p1a: Sparky|Disable|Shadow Ball|[from] ability: Cursed Body|[of] p2a: Gengar\n|move|p2b: Nidoqueen|High Horsepower|p1b: Clifford\n|debug|Follow Me redirected target of move\n|-crit|p1b: Clifford\n|-damage|p1b: Clifford|0 fnt\n|faint|p1b: Clifford\n|\n|upkeep\n|\n|t:|1737327071\n|switch|p1b: Snax|Snorlax, M|461/461\n|-damage|p1b: Snax|404/461|[from] Stealth Rock\n|turn|3\n|\n|t:|1737327135\n|switch|p1a: Polly|Poliwrath, F|384/384\n|-damage|p1a: Polly|360/384|[from] Stealth Rock\n|move|p2a: Gengar|Icy Wind|p1b: Snax|[spread] p1a,p1b\n|debug|Spread modifier: 0.75\n|-resisted|p1a: Polly\n|debug|Light Screen weaken\n|debug|Spread modifier: 0.75\n|debug|Light Screen weaken\n|-damage|p1a: Polly|344/384\n|-damage|p1b: Snax|381/461\n|debug|Covert Cloak prevent secondary\n|-unboost|p1b: Snax|spe|1\n|move|p2b: Nidoqueen|High Horsepower|p1b: Snax\n|-damage|p1b: Snax|261/461\n|move|p1b: Snax|Darkest Lariat|p2a: Gengar\n|debug|Negating (sp)def boost/penalty.\n|-supereffective|p2a: Gengar\n|-crit|p2a: Gengar\n|-damage|p2a: Gengar|0 fnt\n|-start|p1b: Snax|Disable|Darkest Lariat|[from] ability: Cursed Body|[of] p2a: Gengar\n|faint|p2a: Gengar\n|\n|upkeep\n|\n|t:|1737327157\n|switch|p2a: Machamp|Machamp, M|360/360\n|-damage|p2a: Machamp|338/360|[from] Stealth Rock\n|turn|4\n|\n|t:|1737327191\n|switch|p1b: Puff Daddy|Dragonite, M|355/355\n|-damage|p1b: Puff Daddy|267/355|[from] Stealth Rock\n|move|p2b: Nidoqueen|High Horsepower|p1b: Puff Daddy\n|-immune|p1b: Puff Daddy\n|move|p1a: Polly|Coaching|p1b: Puff Daddy\n|-boost|p1b: Puff Daddy|atk|1\n|-boost|p1b: Puff Daddy|def|1\n|move|p2a: Machamp|Dynamic Punch|p1a: Polly\n|-damage|p1a: Polly|122/384\n|debug|Covert Cloak prevent secondary\n|\n|-heal|p2a: Machamp|360/360|[from] item: Leftovers\n|upkeep\n|turn|5\n|c| je64|sorry, ill be back in a min\n|\n|t:|1737327276\n|move|p1b: Puff Daddy|Protect|p1b: Puff Daddy\n|-singleturn|p1b: Puff Daddy|Protect\n|move|p1a: Polly|Coaching|p1b: Puff Daddy\n|-boost|p1b: Puff Daddy|atk|1\n|-boost|p1b: Puff Daddy|def|1\n|move|p2a: Machamp|Dynamic Punch|p1a: Polly\n|-damage|p1a: Polly|0 fnt\n|debug|Covert Cloak prevent secondary\n|faint|p1a: Polly\n|move|p2b: Nidoqueen|Roar|p1b: Puff Daddy\n|drag|p1b: Snax|Snorlax, M|261/461\n|-damage|p1b: Snax|204/461|[from] Stealth Rock\n|\n|-sideend|p1: mistermoscow|move: Light Screen\n|upkeep\n|c| je64|ooooooh\n|\n|t:|1737327293\n|switch|p1a: Gang Gang|Gengar, M|262/262\n|-damage|p1a: Gang Gang|230/262|[from] Stealth Rock\n|turn|6\n|c| je64|it's got roar damn\n|\n|t:|1737327307\n|move|p1a: Gang Gang|Will-O-Wisp|p2b: Nidoqueen\n|-status|p2b: Nidoqueen|brn\n|move|p2b: Nidoqueen|High Horsepower|p1a: Gang Gang\n|-supereffective|p1a: Gang Gang\n|-damage|p1a: Gang Gang|56/262\n|move|p2a: Machamp|Dynamic Punch|p1b: Snax\n|-supereffective|p1b: Snax\n|-damage|p1b: Snax|0 fnt\n|debug|move failed because it did nothing\n|faint|p1b: Snax\n|\n|-damage|p2b: Nidoqueen|360/384 brn|[from] brn\n|upkeep\n|\n|t:|1737327323\n|switch|p1b: Sparky|Jolteon, M|245/271\n|-damage|p1b: Sparky|212/271|[from] Stealth Rock\n|turn|7\n|\n|t:|1737327371\n|move|p2a: Machamp|Protect|p2a: Machamp\n|-singleturn|p2a: Machamp|Protect\n|move|p1b: Sparky|Reflect|p1b: Sparky\n|-sidestart|p1: mistermoscow|Reflect\n|move|p1a: Gang Gang|Perish Song|p1a: Gang Gang\n|-start|p1a: Gang Gang|perish3|[silent]\n|-start|p1b: Sparky|perish3|[silent]\n|-start|p2a: Machamp|perish3|[silent]\n|-start|p2b: Nidoqueen|perish3|[silent]\n|-fieldactivate|move: Perish Song\n|move|p2b: Nidoqueen|High Horsepower|p1b: Sparky\n|-supereffective|p1b: Sparky\n|-crit|p1b: Sparky\n|-damage|p1b: Sparky|0 fnt\n|faint|p1b: Sparky\n|\n|-heal|p2b: Nidoqueen|384/384 brn|[from] item: Black Sludge\n|-damage|p2b: Nidoqueen|360/384 brn|[from] brn\n|-start|p1a: Gang Gang|perish3\n|-start|p2b: Nidoqueen|perish3\n|-start|p2a: Machamp|perish3\n|upkeep\n|\n|t:|1737327389\n|switch|p1b: Puff Daddy|Dragonite, M|267/355\n|-damage|p1b: Puff Daddy|179/355|[from] Stealth Rock\n|turn|8\n|\n|t:|1737327399\n|move|p1b: Puff Daddy|Protect|p1b: Puff Daddy\n|-singleturn|p1b: Puff Daddy|Protect\n|move|p1a: Gang Gang|Shadow Ball|p2b: Nidoqueen\n|-damage|p2b: Nidoqueen|203/384 brn\n|-unboost|p2b: Nidoqueen|spd|1\n|move|p2b: Nidoqueen|High Horsepower|p1a: Gang Gang\n|-supereffective|p1a: Gang Gang\n|debug|Reflect weaken\n|-damage|p1a: Gang Gang|0 fnt\n|-start|p2b: Nidoqueen|Disable|High Horsepower|[from] ability: Cursed Body|[of] p1a: Gang Gang\n|faint|p1a: Gang Gang\n|move|p2a: Machamp|Stone Edge|p1b: Puff Daddy\n|-activate|p1b: Puff Daddy|move: Protect\n|\n|-heal|p2b: Nidoqueen|227/384 brn|[from] item: Black Sludge\n|-damage|p2b: Nidoqueen|203/384 brn|[from] brn\n|-start|p2b: Nidoqueen|perish2\n|-start|p2a: Machamp|perish2\n|upkeep\n|turn|9\n|\n|t:|1737327427\n|switch|p2b: Nidoking|Nidoking, M|304/304\n|-damage|p2b: Nidoking|285/304|[from] Stealth Rock\n|move|p1b: Puff Daddy|Dragon Dance|p1b: Puff Daddy\n|-boost|p1b: Puff Daddy|atk|1\n|-boost|p1b: Puff Daddy|spe|1\n|move|p2a: Machamp|Stone Edge|p1b: Puff Daddy\n|-supereffective|p1b: Puff Daddy\n|debug|Reflect weaken\n|-damage|p1b: Puff Daddy|2/355\n|\n|-start|p2a: Machamp|perish1\n|upkeep\n|turn|10\n|\n|t:|1737327444\n|switch|p2a: Nidoqueen|Nidoqueen, F|203/384 brn\n|-damage|p2a: Nidoqueen|179/384 brn|[from] Stealth Rock\n|move|p1b: Puff Daddy|Dragon Claw|p2b: Nidoking\n|-damage|p2b: Nidoking|0 fnt\n|faint|p2b: Nidoking\n|\n|-heal|p2a: Nidoqueen|203/384 brn|[from] item: Black Sludge\n|-damage|p2a: Nidoqueen|179/384 brn|[from] brn\n|upkeep\n|\n|t:|1737327454\n|switch|p2b: Cloyster|Cloyster, M|242/242\n|-damage|p2b: Cloyster|182/242|[from] Stealth Rock\n|turn|11\n|\n|t:|1737327463\n|switch|p2a: Dodrio|Dodrio, M|262/262\n|-damage|p2a: Dodrio|197/262|[from] Stealth Rock\n|move|p1b: Puff Daddy|Extreme Speed|p2a: Dodrio\n|-damage|p2a: Dodrio|0 fnt\n|faint|p2a: Dodrio\n|move|p2b: Cloyster|Icicle Spear|p1b: Puff Daddy\n|-supereffective|p1b: Puff Daddy\n|debug|Reflect weaken\n|-damage|p1b: Puff Daddy|0 fnt\n|faint|p1b: Puff Daddy\n|-hitcount|p1: Puff Daddy|1\n|\n|win|Mattmandaman\n|c| je64|oooh\n","uploadtime":1737327479,"views":"19","formatid":"gen9doublescustomgame","rating":null,"private":0,"password":null}