{"id":"gen9doublescustomgame-2281213975","format":"[Gen 9] Doubles Custom Game","players":["mistermoscow","Mattmandaman"],"log":"|j|☆mistermoscow\n|j|☆Mattmandaman\n|t:|1736895072\n|gametype|doubles\n|player|p1|mistermoscow|alder|\n|player|p2|Mattmandaman|giovanni|\n|teamsize|p1|6\n|teamsize|p2|6\n|gen|9\n|tier|[Gen 9] Doubles Custom Game\n|clearpoke\n|poke|p1|Fearow, M|\n|poke|p1|Clefairy, M|\n|poke|p1|Poliwrath, F|\n|poke|p1|Victreebel, M|\n|poke|p1|Snorlax, M|\n|poke|p1|Ditto|\n|poke|p2|Pikachu, M|\n|poke|p2|Electrode|\n|poke|p2|Tentacruel, F|\n|poke|p2|Cloyster, F|\n|poke|p2|Nidoqueen, F|\n|poke|p2|Gengar, M|\n|teampreview\n|\n|t:|1736895107\n|start\n|switch|p1a: Polly|Poliwrath, F|353/353\n|switch|p1b: Victor|Victreebel, M|333/333\n|switch|p2a: Cloyster|Cloyster, F|242/242\n|switch|p2b: Electrode|Electrode|324/324\n|turn|1\n|\n|t:|1736895133\n|move|p1b: Victor|Protect|p1b: Victor\n|-singleturn|p1b: Victor|Protect\n|move|p2b: Electrode|Rain Dance|p2b: Electrode\n|-weather|RainDance\n|move|p2a: Cloyster|Icicle Spear|p1b: Victor\n|-activate|p1b: Victor|move: Protect\n|move|p1a: Polly|Drain Punch|p2a: Cloyster\n|-supereffective|p2a: Cloyster\n|-damage|p2a: Cloyster|92/242\n|\n|-weather|RainDance|[upkeep]\n|upkeep\n|turn|2\n|\n|t:|1736895157\n|switch|p1b: Imp|Ditto|300/300\n|-transform|p1b: Imp|p2a: Cloyster|[from] ability: Imposter\n|move|p2b: Electrode|Thunder|p1a: Polly\n|-supereffective|p1a: Polly\n|-damage|p1a: Polly|65/353\n|debug|Covert Cloak prevent secondary\n|move|p2a: Cloyster|Icicle Spear|p1b: Imp\n|-resisted|p1b: Imp\n|-damage|p1b: Imp|295/300\n|-resisted|p1b: Imp\n|-damage|p1b: Imp|289/300\n|-resisted|p1b: Imp\n|-damage|p1b: Imp|283/300\n|-resisted|p1b: Imp\n|-damage|p1b: Imp|277/300\n|-resisted|p1b: Imp\n|-damage|p1b: Imp|271/300\n|-hitcount|p1b: Imp|5\n|move|p1a: Polly|Drain Punch|p2a: Cloyster\n|-supereffective|p2a: Cloyster\n|-crit|p2a: Cloyster\n|-damage|p2a: Cloyster|0 fnt\n|-heal|p1a: Polly|111/353|[from] drain|[of] p2a: Cloyster\n|faint|p2a: Cloyster\n|\n|-weather|RainDance|[upkeep]\n|upkeep\n|\n|t:|1736895181\n|switch|p2a: Gengar|Gengar, M|262/262\n|turn|3\n|\n|t:|1736895204\n|move|p1b: Imp|Protect|p1b: Imp\n|-singleturn|p1b: Imp|Protect\n|move|p2b: Electrode|Thunder|p1b: Imp\n|-activate|p1b: Imp|move: Protect\n|move|p2a: Gengar|Shadow Ball|p1a: Polly\n|-damage|p1a: Polly|0 fnt\n|debug|Covert Cloak prevent secondary\n|faint|p1a: Polly\n|\n|-weather|RainDance|[upkeep]\n|upkeep\n|\n|t:|1736895219\n|switch|p1a: Victor|Victreebel, M|333/333\n|turn|4\n|\n|t:|1736895233\n|switch|p1b: Snax|Snorlax, M|462/462\n|move|p2b: Electrode|Thunder|p1b: Snax\n|-damage|p1b: Snax|323/462\n|-status|p1b: Snax|par\n|move|p2a: Gengar|Sludge Bomb|p1a: Victor\n|-damage|p1a: Victor|110/333\n|move|p1a: Victor|Swords Dance|p1a: Victor\n|-boost|p1a: Victor|atk|2\n|\n|-weather|RainDance|[upkeep]\n|-heal|p1a: Victor|130/333|[from] item: Black Sludge\n|-heal|p1b: Snax|351/462 par|[from] item: Leftovers\n|upkeep\n|turn|5\n|\n|t:|1736895267\n|switch|p2a: Tentacruel|Tentacruel, F|353/353\n|move|p1a: Victor|Protect|p1a: Victor\n|-singleturn|p1a: Victor|Protect\n|move|p2b: Electrode|Thunder|p1a: Victor\n|-activate|p1a: Victor|move: Protect\n|move|p1b: Snax|Darkest Lariat|p2a: Tentacruel\n|debug|Negating (sp)def boost/penalty.\n|-damage|p2a: Tentacruel|205/353\n|\n|-weather|RainDance|[upkeep]\n|-heal|p2a: Tentacruel|227/353|[from] ability: Rain Dish\n|-heal|p1a: Victor|150/333|[from] item: Black Sludge\n|-heal|p1b: Snax|379/462 par|[from] item: Leftovers\n|upkeep\n|turn|6\n|\n|t:|1736895297\n|move|p1a: Victor|Sucker Punch|p2a: Tentacruel\n|-damage|p2a: Tentacruel|17/353\n|move|p2b: Electrode|Thunder|p1a: Victor\n|-resisted|p1a: Victor\n|-damage|p1a: Victor|54/333\n|move|p2a: Tentacruel|Muddy Water|p1a: Victor|[spread] p1b\n|-miss|p2a: Tentacruel|p1a: Victor\n|debug|Spread modifier: 0.75\n|debug|rain water boost\n|-damage|p1b: Snax|283/462 par\n|move|p1b: Snax|Facade|p2b: Electrode\n|-damage|p2b: Electrode|0 fnt\n|faint|p2b: Electrode\n|\n|-weather|RainDance|[upkeep]\n|-heal|p2a: Tentacruel|39/353|[from] ability: Rain Dish\n|-heal|p1a: Victor|74/333|[from] item: Black Sludge\n|-heal|p1b: Snax|311/462 par|[from] item: Leftovers\n|upkeep\n|\n|t:|1736895313\n|switch|p2b: Pikachu|Pikachu, M|211/211\n|turn|7\n|\n|t:|1736895327\n|move|p1a: Victor|Protect|p1a: Victor\n|-singleturn|p1a: Victor|Protect\n|move|p2a: Tentacruel|Acid Spray|p1b: Snax\n|-damage|p1b: Snax|269/462 par\n|-unboost|p1b: Snax|spd|2\n|move|p2b: Pikachu|Thunder|p1b: Snax\n|-damage|p1b: Snax|0 fnt\n|debug|move failed because it did nothing\n|faint|p1b: Snax\n|\n|-weather|RainDance|[upkeep]\n|-heal|p2a: Tentacruel|61/353|[from] ability: Rain Dish\n|-heal|p1a: Victor|94/333|[from] item: Black Sludge\n|upkeep\n|\n|t:|1736895346\n|switch|p1b: Big Bird|Fearow, M|272/272\n|turn|8\n|\n|t:|1736895384\n|move|p2a: Tentacruel|Muddy Water|p1a: Victor|[spread] p1a,p1b\n|debug|Spread modifier: 0.75\n|debug|rain water boost\n|-resisted|p1a: Victor\n|debug|Spread modifier: 0.75\n|debug|rain water boost\n|-damage|p1a: Victor|20/333\n|-damage|p1b: Big Bird|113/272\n|-unboost|p1b: Big Bird|accuracy|1\n|move|p1b: Big Bird|Tailwind|p1b: Big Bird\n|-sidestart|p1: mistermoscow|move: Tailwind\n|move|p1a: Victor|Leaf Blade|p2b: Pikachu\n|-damage|p2b: Pikachu|0 fnt\n|faint|p2b: Pikachu\n|\n|-weather|none\n|-heal|p1a: Victor|40/333|[from] item: Black Sludge\n|upkeep\n|\n|t:|1736895401\n|switch|p2b: Nidoqueen|Nidoqueen, F|343/343\n|turn|9\n|\n|t:|1736895439\n|switch|p1b: Imp|Ditto|271/300\n|-transform|p1b: Imp|p2a: Tentacruel|[from] ability: Imposter\n|move|p1a: Victor|Protect|p1a: Victor\n|-singleturn|p1a: Victor|Protect\n|move|p2b: Nidoqueen|Protect|p2b: Nidoqueen\n|-singleturn|p2b: Nidoqueen|Protect\n|move|p2a: Tentacruel|Icy Wind|p1b: Imp|[spread] p1b\n|-activate|p1a: Victor|move: Protect\n|debug|Spread modifier: 0.75\n|-resisted|p1b: Imp\n|-damage|p1b: Imp|258/300\n|-unboost|p1b: Imp|spe|1\n|\n|-heal|p1a: Victor|60/333|[from] item: Black Sludge\n|upkeep\n|turn|10\n|\n|t:|1736895476\n|move|p1a: Victor|Sucker Punch|p2a: Tentacruel\n|-damage|p2a: Tentacruel|0 fnt\n|faint|p2a: Tentacruel\n|move|p1b: Imp|Muddy Water|p2b: Nidoqueen\n|-supereffective|p2b: Nidoqueen\n|-damage|p2b: Nidoqueen|125/343\n|-unboost|p2b: Nidoqueen|accuracy|1\n|move|p2b: Nidoqueen|Earth Power|p1a: Victor\n|-damage|p1a: Victor|0 fnt\n|faint|p1a: Victor\n|\n|upkeep\n|\n|t:|1736895496\n|switch|p2a: Gengar|Gengar, M|262/262\n|switch|p1a: Clifford|Clefairy, M|344/344\n|turn|11\n|\n|t:|1736895517\n|move|p2a: Gengar|Protect|p2a: Gengar\n|-singleturn|p2a: Gengar|Protect\n|move|p2b: Nidoqueen|Protect|p2b: Nidoqueen\n|-singleturn|p2b: Nidoqueen|Protect\n|move|p1a: Clifford|Protect|p1a: Clifford\n|-singleturn|p1a: Clifford|Protect\n|move|p1b: Imp|Muddy Water|p2a: Gengar|[spread] \n|-activate|p2a: Gengar|move: Protect\n|-activate|p2b: Nidoqueen|move: Protect\n|\n|-sideend|p1: mistermoscow|move: Tailwind\n|upkeep\n|turn|12\n|\n|t:|1736895537\n|move|p1a: Clifford|Follow Me|p1a: Clifford\n|-singleturn|p1a: Clifford|move: Follow Me\n|move|p2a: Gengar|Sludge Bomb|p1a: Clifford\n|debug|Follow Me redirected target of move\n|-supereffective|p1a: Clifford\n|-damage|p1a: Clifford|0 fnt\n|debug|move failed because it did nothing\n|faint|p1a: Clifford\n|move|p2b: Nidoqueen|Earth Power|p1b: Imp|[miss]\n|-miss|p2b: Nidoqueen|p1b: Imp\n|move|p1b: Imp|Muddy Water|p2b: Nidoqueen|[spread] p2b\n|-miss|p1b: Imp|p2a: Gengar\n|debug|Spread modifier: 0.75\n|-supereffective|p2b: Nidoqueen\n|-damage|p2b: Nidoqueen|0 fnt\n|faint|p2b: Nidoqueen\n|\n|upkeep\n|\n|t:|1736895549\n|switch|p1a: Big Bird|Fearow, M|113/272\n|turn|13\n|\n|t:|1736895575\n|move|p2a: Gengar|Sludge Bomb|p1a: Big Bird\n|-damage|p1a: Big Bird|0 fnt\n|faint|p1a: Big Bird\n|move|p1b: Imp|Muddy Water|p2a: Gengar|[miss]\n|-miss|p1b: Imp|p2a: Gengar\n|\n|upkeep\n|turn|14\n|\n|t:|1736895587\n|move|p2a: Gengar|Shadow Ball|p1b: Imp\n|-damage|p1b: Imp|119/300\n|move|p1b: Imp|Muddy Water|p2a: Gengar|[miss]\n|-miss|p1b: Imp|p2a: Gengar\n|\n|upkeep\n|turn|15\n|\n|t:|1736895596\n|move|p2a: Gengar|Shadow Ball|p1b: Imp\n|-damage|p1b: Imp|0 fnt\n|faint|p1b: Imp\n|\n|win|Mattmandaman\n","uploadtime":1736895604,"views":"24","formatid":"gen9doublescustomgame","rating":null,"private":0,"password":null}