{"id":"gen9doublescustomgame-2127183316","format":"[Gen 9] Doubles Custom Game","players":["Mango Meloetta","je64"],"log":"|j|☆Mango Meloetta\n|j|☆je64\n|t:|1716258404\n|gametype|doubles\n|player|p1|Mango Meloetta|li|\n|player|p2|je64|170|\n|teamsize|p1|6\n|teamsize|p2|6\n|gen|9\n|tier|[Gen 9] Doubles Custom Game\n|clearpoke\n|poke|p1|Lucario, M|\n|poke|p1|Wo-Chien|\n|poke|p1|Chien-Pao|\n|poke|p1|Iron Hands|\n|poke|p1|Genesect|\n|poke|p1|Porygon2|\n|poke|p2|Mew|\n|poke|p2|Scizor, F|\n|poke|p2|Tornadus, M|\n|poke|p2|Ursaluna-Bloodmoon, M|\n|poke|p2|Flutter Mane|\n|poke|p2|Chi-Yu|\n|teampreview\n|j| mistermoscow\n|j| smokeydabearrr\n|\n|t:|1716258441\n|start\n|switch|p1a: Akbar|Chien-Pao, shiny|301/301\n|switch|p1b: Young Jabba|Iron Hands, shiny|511/511\n|switch|p2a: Lakitu|Tornadus, M|362/362\n|switch|p2b: Shi-Yu In Hell|Chi-Yu|252/252\n|-ability|p1a: Akbar|Sword of Ruin\n|-ability|p2b: Shi-Yu In Hell|Beads of Ruin\n|-enditem|p1b: Young Jabba|Booster Energy\n|-activate|p1b: Young Jabba|ability: Quark Drive|[fromitem]\n|-start|p1b: Young Jabba|quarkdriveatk\n|turn|1\n|c| smokeydabearrr|8iu70\n|c|☆Mango Meloetta|8iu70\n|c| mistermoscow|?\n|\n|t:|1716258496\n|-terastallize|p1a: Akbar|Dark\n|move|p1b: Young Jabba|Fake Out|p2a: Lakitu\n|debug|Quark Drive atk boost\n|debug|Sword of Ruin Def drop\n|-damage|p2a: Lakitu|251/362\n|debug|Covert Cloak prevent secondary\n|move|p2a: Lakitu|Tailwind|p2a: Lakitu\n|-sidestart|p2: je64|move: Tailwind\n|move|p2b: Shi-Yu In Hell|Heat Wave|p1a: Akbar|[spread] p1a,p1b\n|debug|Beads of Ruin SpD drop\n|debug|Spread modifier: 0.75\n|debug|Beads of Ruin SpD drop\n|debug|Spread modifier: 0.75\n|-damage|p1a: Akbar|0 fnt\n|-damage|p1b: Young Jabba|222/511\n|faint|p1a: Akbar\n|-damage|p2b: Shi-Yu In Hell|227/252|[from] item: Life Orb\n|\n|upkeep\n|\n|t:|1716258529\n|switch|p1a: Luke Skywalker|Lucario, M, shiny|344/344\n|turn|2\n|\n|t:|1716258540\n|detailschange|p1a: Luke Skywalker|Lucario-Mega, M, shiny\n|-mega|p1a: Luke Skywalker|Lucario|Lucarionite\n|-terastallize|p2b: Shi-Yu In Hell|Fire\n|move|p2a: Lakitu|Sunny Day|p2a: Lakitu\n|-weather|SunnyDay\n|move|p1a: Luke Skywalker|Vacuum Wave|p2b: Shi-Yu In Hell\n|-damage|p2b: Shi-Yu In Hell|125/252\n|move|p2b: Shi-Yu In Hell|Heat Wave|p1b: Young Jabba|[spread] p1a,p1b\n|debug|Beads of Ruin SpD drop\n|debug|Spread modifier: 0.75\n|debug|Sunny Day fire boost\n|-supereffective|p1a: Luke Skywalker\n|debug|Beads of Ruin SpD drop\n|debug|Spread modifier: 0.75\n|debug|Sunny Day fire boost\n|-damage|p1a: Luke Skywalker|0 fnt\n|-damage|p1b: Young Jabba|0 fnt\n|faint|p1a: Luke Skywalker\n|faint|p1b: Young Jabba\n|-end|p1b: Young Jabba|Quark Drive|[silent]\n|-damage|p2b: Shi-Yu In Hell|100/252|[from] item: Life Orb\n|\n|-weather|SunnyDay|[upkeep]\n|upkeep\n|\n|t:|1716258556\n|switch|p1a: BWEEEEP|Porygon2, shiny|374/374\n|switch|p1b: Jabba|Wo-Chien, shiny|374/374\n|-ability|p1b: Jabba|Tablets of Ruin\n|-ability|p1a: BWEEEEP|Download|boost\n|-boost|p1a: BWEEEEP|atk|1\n|turn|3\n|\n|t:|1716258568\n|move|p2b: Shi-Yu In Hell|Heat Wave|p1b: Jabba|[spread] p1a,p1b\n|debug|Beads of Ruin SpD drop\n|debug|Spread modifier: 0.75\n|debug|Sunny Day fire boost\n|debug|Beads of Ruin SpD drop\n|debug|Spread modifier: 0.75\n|debug|Sunny Day fire boost\n|-supereffective|p1b: Jabba\n|-damage|p1a: BWEEEEP|163/374\n|-damage|p1b: Jabba|0 fnt\n|faint|p1b: Jabba\n|-damage|p2b: Shi-Yu In Hell|75/252|[from] item: Life Orb\n|move|p2a: Lakitu|Bleakwind Storm|p1a: BWEEEEP\n|debug|Beads of Ruin SpD drop\n|-damage|p1a: BWEEEEP|64/374\n|move|p1a: BWEEEEP|Icy Wind|p2a: Lakitu|[spread] p2a,p2b\n|debug|Beads of Ruin SpD drop\n|debug|Spread modifier: 0.75\n|-supereffective|p2a: Lakitu\n|debug|Spread modifier: 0.75\n|-resisted|p2b: Shi-Yu In Hell\n|-damage|p2a: Lakitu|163/362\n|-damage|p2b: Shi-Yu In Hell|62/252\n|debug|Covert Cloak prevent secondary\n|-unboost|p2b: Shi-Yu In Hell|spe|1\n|\n|-weather|SunnyDay|[upkeep]\n|upkeep\n|\n|t:|1716258574\n|switch|p1b: Roger Roger|Genesect, shiny|283/283\n|-ability|p1b: Roger Roger|Download|boost\n|-boost|p1b: Roger Roger|atk|1\n|turn|4\n|\n|t:|1716258591\n|move|p1b: Roger Roger|Extreme Speed|p2b: Shi-Yu In Hell\n|-damage|p2b: Shi-Yu In Hell|0 fnt\n|faint|p2b: Shi-Yu In Hell\n|-damage|p1b: Roger Roger|255/283|[from] item: Life Orb\n|move|p2a: Lakitu|Scary Face|p1b: Roger Roger\n|-unboost|p1b: Roger Roger|spe|2\n|move|p1a: BWEEEEP|Icy Wind|p2a: Lakitu\n|-supereffective|p2a: Lakitu\n|-damage|p2a: Lakitu|71/362\n|debug|Covert Cloak prevent secondary\n|\n|-weather|SunnyDay|[upkeep]\n|-sideend|p2: je64|move: Tailwind\n|upkeep\n|\n|t:|1716258620\n|switch|p2b: Agatha|Flutter Mane|284/284\n|-activate|p2b: Agatha|ability: Protosynthesis\n|-start|p2b: Agatha|protosynthesisspe\n|turn|5\n|debug|Protosynthesis spe boost\n|debug|Protosynthesis spe boost\n|\n|t:|1716258642\n|debug|Protosynthesis spe boost\n|debug|Protosynthesis spe boost\n|move|p1b: Roger Roger|Extreme Speed|p2a: Lakitu\n|-damage|p2a: Lakitu|0 fnt\n|faint|p2a: Lakitu\n|-damage|p1b: Roger Roger|227/283|[from] item: Life Orb\n|debug|Protosynthesis spe boost\n|debug|Protosynthesis spe boost\n|move|p2b: Agatha|Shadow Ball|p1b: Roger Roger\n|-damage|p1b: Roger Roger|67/283\n|-unboost|p1b: Roger Roger|spd|1\n|debug|Protosynthesis spe boost\n|move|p1a: BWEEEEP|Recover|p1a: BWEEEEP\n|-heal|p1a: BWEEEEP|251/374\n|\n|debug|Protosynthesis spe boost\n|-weather|SunnyDay|[upkeep]\n|upkeep\n|debug|Protosynthesis spe boost\n|\n|t:|1716258655\n|switch|p2a: ScytherPunk 2077|Scizor, F|344/344\n|turn|6\n|debug|Protosynthesis spe boost\n|debug|Protosynthesis spe boost\n|\n|t:|1716258678\n|detailschange|p2a: ScytherPunk 2077|Scizor-Mega, F\n|-mega|p2a: ScytherPunk 2077|Scizor|Scizorite\n|debug|Protosynthesis spe boost\n|debug|Protosynthesis spe boost\n|move|p2a: ScytherPunk 2077|Bullet Punch|p1b: Roger Roger\n|debug|Base Power: 40\n|debug|Technician boost\n|-resisted|p1b: Roger Roger\n|-damage|p1b: Roger Roger|0 fnt\n|faint|p1b: Roger Roger\n|debug|Protosynthesis spe boost\n|debug|Protosynthesis spe boost\n|move|p2b: Agatha|Taunt|p1a: BWEEEEP\n|-start|p1a: BWEEEEP|move: Taunt\n|debug|Protosynthesis spe boost\n|cant|p1a: BWEEEEP|move: Taunt|Toxic\n|\n|debug|Protosynthesis spe boost\n|-weather|none\n|-end|p2b: Agatha|Protosynthesis\n|upkeep\n|-enditem|p2b: Agatha|Booster Energy\n|-activate|p2b: Agatha|ability: Protosynthesis|[fromitem]\n|-start|p2b: Agatha|protosynthesisspe\n|turn|7\n|debug|Protosynthesis spe boost\n|debug|Protosynthesis spe boost\n|\n|t:|1716258700\n|debug|Protosynthesis spe boost\n|debug|Protosynthesis spe boost\n|move|p2b: Agatha|Moonblast|p1a: BWEEEEP\n|-damage|p1a: BWEEEEP|158/374\n|debug|Protosynthesis spe boost\n|move|p2a: ScytherPunk 2077|Swords Dance|p2a: ScytherPunk 2077\n|-boost|p2a: ScytherPunk 2077|atk|2\n|debug|Protosynthesis spe boost\n|move|p1a: BWEEEEP|Icy Wind|p2a: ScytherPunk 2077|[spread] p2a,p2b\n|debug|Spread modifier: 0.75\n|-resisted|p2a: ScytherPunk 2077\n|-crit|p2a: ScytherPunk 2077\n|debug|Spread modifier: 0.75\n|-damage|p2a: ScytherPunk 2077|320/344\n|-damage|p2b: Agatha|259/284\n|-unboost|p2a: ScytherPunk 2077|spe|1\n|-unboost|p2b: Agatha|spe|1\n|\n|debug|Protosynthesis spe boost\n|upkeep\n|turn|8\n|debug|Protosynthesis spe boost\n|debug|Protosynthesis spe boost\n|\n|t:|1716258731\n|debug|Protosynthesis spe boost\n|debug|Protosynthesis spe boost\n|move|p2a: ScytherPunk 2077|Bullet Punch|p1a: BWEEEEP\n|debug|Base Power: 40\n|debug|Technician boost\n|-damage|p1a: BWEEEEP|0 fnt\n|faint|p1a: BWEEEEP\n|\n|win|je64\n","uploadtime":1716258739,"views":"18","formatid":"gen9doublescustomgame","rating":null,"private":0,"password":null}