{"id":"gen9doublescustomgame-2195491953","format":"[Gen 9] Doubles Custom Game","players":["Mango Meloetta","smokeydabearrr"],"log":"|j|☆Mango Meloetta\n|j|☆smokeydabearrr\n|t:|1725584573\n|gametype|doubles\n|player|p1|Mango Meloetta|li|\n|player|p2|smokeydabearrr|2|\n|teamsize|p1|6\n|teamsize|p2|6\n|gen|9\n|tier|[Gen 9] Doubles Custom Game\n|clearpoke\n|poke|p1|Porygon2|\n|poke|p1|Zygarde|\n|poke|p1|Chien-Pao|\n|poke|p1|Genesect|\n|poke|p1|Gengar, F|\n|poke|p1|Dragonite, M|\n|poke|p2|Charizard, M|\n|poke|p2|Blastoise, M|\n|poke|p2|Whimsicott, F|\n|poke|p2|Rillaboom, M|\n|poke|p2|Raging Bolt|\n|poke|p2|Walking Wake|\n|teampreview\n|j| mistermoscow\n|j| Mattmandaman\n|\n|t:|1725584618\n|start\n|switch|p1a: Dragonite|Dragonite, M|386/386\n|switch|p1b: Genesect|Genesect|283/283\n|switch|p2a: PSA 10 Shadowless|Charizard, M|297/297\n|switch|p2b: Scott Tennerman|Whimsicott, F|261/261\n|-ability|p1b: Genesect|Download|boost\n|-boost|p1b: Genesect|spa|1\n|turn|1\n|\n|t:|1725584691\n|detailschange|p2a: PSA 10 Shadowless|Charizard-Mega-Y, M\n|-mega|p2a: PSA 10 Shadowless|Charizard|Charizardite Y\n|-weather|SunnyDay|[from] ability: Drought|[of] p2a: PSA 10 Shadowless\n|-terastallize|p1b: Genesect|Electric\n|move|p2b: Scott Tennerman|Tailwind|p2b: Scott Tennerman\n|-sidestart|p2: smokeydabearrr|move: Tailwind\n|move|p2a: PSA 10 Shadowless|Heat Wave|p1b: Genesect|[spread] p1a,p1b\n|debug|Spread modifier: 0.75\n|debug|Sunny Day fire boost\n|-resisted|p1a: Dragonite\n|debug|Multiscale weaken\n|debug|Spread modifier: 0.75\n|debug|Sunny Day fire boost\n|-damage|p1a: Dragonite|343/386\n|-damage|p1b: Genesect|52/283\n|move|p1b: Genesect|Thunderbolt|p2a: PSA 10 Shadowless\n|-supereffective|p2a: PSA 10 Shadowless\n|-damage|p2a: PSA 10 Shadowless|0 fnt\n|faint|p2a: PSA 10 Shadowless\n|move|p1a: Dragonite|Tailwind|p1a: Dragonite\n|-sidestart|p1: Mango Meloetta|move: Tailwind\n|\n|-weather|SunnyDay|[upkeep]\n|-heal|p1a: Dragonite|367/386|[from] item: Leftovers\n|upkeep\n|\n|t:|1725584756\n|switch|p2a: Raging B0ner|Raging Bolt|454/454\n|-activate|p2a: Raging B0ner|ability: Protosynthesis\n|-start|p2a: Raging B0ner|protosynthesisspa\n|turn|2\n|\n|t:|1725584824\n|switch|p1b: Porygon2|Porygon2|374/374\n|-ability|p1b: Porygon2|Prankster|[from] ability: Trace|[of] p2b: Scott Tennerman\n|switch|p1a: Zygarde|Zygarde|420/420\n|-ability|p1a: Zygarde|Aura Break\n|move|p2b: Scott Tennerman|Encore||[still]\n|-fail|p2b: Scott Tennerman\n|debug|move failed because it did nothing\n|move|p2a: Raging B0ner|Electroweb|p1b: Porygon2|[spread] p1b\n|-immune|p1a: Zygarde\n|debug|Protosynthesis spa boost\n|debug|Spread modifier: 0.75\n|-crit|p1b: Porygon2\n|-damage|p1b: Porygon2|247/374\n|-unboost|p1b: Porygon2|spe|1\n|\n|-weather|SunnyDay|[upkeep]\n|upkeep\n|turn|3\n|\n|t:|1725584854\n|move|p1b: Porygon2|Toxic|p2a: Raging B0ner\n|-status|p2a: Raging B0ner|tox\n|move|p2b: Scott Tennerman|Dazzling Gleam|p1a: Zygarde|[spread] p1a,p1b\n|debug|Spread modifier: 0.75\n|-supereffective|p1a: Zygarde\n|debug|Spread modifier: 0.75\n|-damage|p1a: Zygarde|262/420\n|-damage|p1b: Porygon2|174/374\n|move|p1a: Zygarde|Thousand Waves|p2a: Raging B0ner|[spread] p2a,p2b\n|debug|Spread modifier: 0.75\n|-supereffective|p2a: Raging B0ner\n|debug|Spread modifier: 0.75\n|-resisted|p2b: Scott Tennerman\n|-damage|p2a: Raging B0ner|130/454 tox\n|-damage|p2b: Scott Tennerman|169/261\n|-activate|p2a: Raging B0ner|trapped\n|-activate|p2b: Scott Tennerman|trapped\n|move|p2a: Raging B0ner|Draco Meteor|p1a: Zygarde\n|debug|Protosynthesis spa boost\n|-supereffective|p1a: Zygarde\n|-damage|p1a: Zygarde|0 fnt\n|-unboost|p2a: Raging B0ner|spa|2\n|faint|p1a: Zygarde\n|\n|-weather|SunnyDay|[upkeep]\n|-damage|p2a: Raging B0ner|102/454 tox|[from] psn\n|upkeep\n|\n|t:|1725584886\n|switch|p1a: Gengar|Gengar, F|261/261\n|turn|4\n|\n|t:|1725584900\n|detailschange|p1a: Gengar|Gengar-Mega, F\n|-mega|p1a: Gengar|Gengar|Gengarite\n|move|p2b: Scott Tennerman|Taunt|p1b: Porygon2\n|-start|p1b: Porygon2|move: Taunt\n|cant|p1b: Porygon2|move: Taunt|Recover\n|move|p1a: Gengar|Shadow Ball|p2b: Scott Tennerman\n|-damage|p2b: Scott Tennerman|0 fnt\n|faint|p2b: Scott Tennerman\n|move|p2a: Raging B0ner|Electroweb|p1a: Gengar|[spread] p1a,p1b\n|debug|Protosynthesis spa boost\n|debug|Spread modifier: 0.75\n|debug|Protosynthesis spa boost\n|debug|Spread modifier: 0.75\n|-damage|p1a: Gengar|203/261\n|-damage|p1b: Porygon2|129/374\n|-unboost|p1a: Gengar|spe|1\n|-unboost|p1b: Porygon2|spe|1\n|\n|-weather|SunnyDay|[upkeep]\n|-damage|p2a: Raging B0ner|46/454 tox|[from] psn\n|-sideend|p1: Mango Meloetta|move: Tailwind\n|-sideend|p2: smokeydabearrr|move: Tailwind\n|upkeep\n|\n|t:|1725584930\n|switch|p2b: Boom Burger|Rillaboom, M|404/404\n|-fieldstart|move: Grassy Terrain|[from] ability: Grassy Surge|[of] p2b: Boom Burger\n|turn|5\n|\n|t:|1725584962\n|switch|p1a: Dragonite|Dragonite, M|367/386\n|switch|p1b: Chien-Pao|Chien-Pao|301/301\n|-ability|p1b: Chien-Pao|Sword of Ruin\n|-terastallize|p2b: Boom Burger|Grass\n|move|p2b: Boom Burger|Grassy Glide|p1a: Dragonite\n|debug|grassy terrain boost\n|debug|Sword of Ruin Def drop\n|-resisted|p1a: Dragonite\n|-damage|p1a: Dragonite|273/386\n|move|p2a: Raging B0ner|Electroweb|p1a: Dragonite|[spread] p1a,p1b\n|debug|Protosynthesis spa boost\n|debug|Spread modifier: 0.75\n|debug|Protosynthesis spa boost\n|debug|Spread modifier: 0.75\n|-damage|p1a: Dragonite|234/386\n|-damage|p1b: Chien-Pao|234/301\n|-unboost|p1a: Dragonite|spe|1\n|-unboost|p1b: Chien-Pao|spe|1\n|\n|-weather|none\n|-end|p2a: Raging B0ner|Protosynthesis\n|-heal|p1b: Chien-Pao|252/301|[from] Grassy Terrain\n|-heal|p2a: Raging B0ner|74/454 tox|[from] Grassy Terrain\n|debug|Pokemon semi-invuln or not grounded; Grassy Terrain skipped\n|-heal|p1a: Dragonite|258/386|[from] item: Leftovers\n|-damage|p2a: Raging B0ner|0 fnt|[from] psn\n|faint|p2a: Raging B0ner\n|-end|p2a: Raging B0ner|Protosynthesis|[silent]\n|upkeep\n|\n|t:|1725584985\n|switch|p2a: Yurtle the Turtle?|Blastoise, M|362/362\n|turn|6\n|\n|t:|1725585004\n|move|p2a: Yurtle the Turtle?|Fake Out|p1a: Dragonite\n|debug|Sword of Ruin Def drop\n|-damage|p1a: Dragonite|226/386\n|move|p2b: Boom Burger|Grassy Glide|p1b: Chien-Pao\n|debug|grassy terrain boost\n|-crit|p1b: Chien-Pao\n|-damage|p1b: Chien-Pao|0 fnt\n|faint|p1b: Chien-Pao\n|cant|p1a: Dragonite|flinch\n|\n|debug|Pokemon semi-invuln or not grounded; Grassy Terrain skipped\n|-heal|p1a: Dragonite|250/386|[from] item: Leftovers\n|upkeep\n|c|☆Mango Meloetta|oomg lol\n|c|☆smokeydabearrr|hehe\n|\n|t:|1725585015\n|switch|p1b: Porygon2|Porygon2|129/374\n|-ability|p1b: Porygon2|Grassy Surge|[from] ability: Trace|[of] p2b: Boom Burger\n|turn|7\n|\n|t:|1725585029\n|move|p2a: Yurtle the Turtle?|Follow Me|p2a: Yurtle the Turtle?\n|-singleturn|p2a: Yurtle the Turtle?|move: Follow Me\n|move|p2b: Boom Burger|Grassy Glide|p1b: Porygon2\n|debug|grassy terrain boost\n|-damage|p1b: Porygon2|0 fnt\n|faint|p1b: Porygon2\n|move|p1a: Dragonite|Reflect|p1a: Dragonite\n|-sidestart|p1: Mango Meloetta|Reflect\n|\n|debug|Pokemon semi-invuln or not grounded; Grassy Terrain skipped\n|-heal|p1a: Dragonite|274/386|[from] item: Leftovers\n|upkeep\n|\n|t:|1725585080\n|switch|p1b: Gengar|Gengar-Mega, F|203/261\n|turn|8\n|\n|t:|1725585105\n|move|p2b: Boom Burger|Grassy Glide|p1b: Gengar\n|debug|grassy terrain boost\n|-resisted|p1b: Gengar\n|debug|Reflect weaken\n|-damage|p1b: Gengar|96/261\n|move|p1b: Gengar|Sludge Wave|p2a: Yurtle the Turtle?|[spread] p1a,p2a,p2b\n|debug|Spread modifier: 0.75\n|debug|Spread modifier: 0.75\n|debug|Spread modifier: 0.75\n|-supereffective|p2b: Boom Burger\n|-damage|p1a: Dragonite|151/386\n|-damage|p2a: Yurtle the Turtle?|215/362\n|-damage|p2b: Boom Burger|0 fnt\n|faint|p2b: Boom Burger\n|move|p2a: Yurtle the Turtle?|Life Dew|p2a: Yurtle the Turtle?\n|-heal|p2a: Yurtle the Turtle?|306/362\n|move|p1a: Dragonite|Tailwind|p1a: Dragonite\n|-sidestart|p1: Mango Meloetta|move: Tailwind\n|\n|-heal|p1b: Gengar|112/261|[from] Grassy Terrain\n|debug|Pokemon semi-invuln or not grounded; Grassy Terrain skipped\n|-heal|p1a: Dragonite|175/386|[from] item: Leftovers\n|-heal|p2a: Yurtle the Turtle?|328/362|[from] Grassy Terrain\n|-heal|p2a: Yurtle the Turtle?|350/362|[from] item: Leftovers\n|upkeep\n|\n|t:|1725585117\n|switch|p2b: WAKE ME UP INSIDE|Walking Wake|339/339\n|turn|9\n|\n|t:|1725585146\n|move|p1b: Gengar|Sludge Wave|p2b: WAKE ME UP INSIDE|[spread] p1a,p2a,p2b\n|debug|Spread modifier: 0.75\n|debug|Spread modifier: 0.75\n|-crit|p2a: Yurtle the Turtle?\n|debug|Spread modifier: 0.75\n|-damage|p1a: Dragonite|49/386\n|-damage|p2a: Yurtle the Turtle?|122/362\n|-damage|p2b: WAKE ME UP INSIDE|144/339\n|move|p2b: WAKE ME UP INSIDE|Draco Meteor|p1a: Dragonite\n|-supereffective|p1a: Dragonite\n|-damage|p1a: Dragonite|0 fnt\n|-unboost|p2b: WAKE ME UP INSIDE|spa|2\n|faint|p1a: Dragonite\n|-damage|p2b: WAKE ME UP INSIDE|111/339|[from] item: Life Orb\n|move|p2a: Yurtle the Turtle?|Life Dew|p2a: Yurtle the Turtle?|[spread] p2a,p2b\n|-heal|p2a: Yurtle the Turtle?|213/362\n|-heal|p2b: WAKE ME UP INSIDE|196/339\n|\n|-heal|p1b: Gengar|128/261|[from] Grassy Terrain\n|-heal|p2b: WAKE ME UP INSIDE|217/339|[from] Grassy Terrain\n|-heal|p2a: Yurtle the Turtle?|235/362|[from] Grassy Terrain\n|-heal|p2a: Yurtle the Turtle?|257/362|[from] item: Leftovers\n|-fieldend|move: Grassy Terrain\n|upkeep\n|\n|t:|1725585154\n|switch|p1a: Genesect|Genesect, tera:Electric|52/283\n|-ability|p1a: Genesect|Download|boost\n|-boost|p1a: Genesect|spa|1\n|turn|10\n|\n|t:|1725585172\n|move|p2b: WAKE ME UP INSIDE|Protect|p2b: WAKE ME UP INSIDE\n|-singleturn|p2b: WAKE ME UP INSIDE|Protect\n|move|p1a: Genesect|Thunderbolt|p2a: Yurtle the Turtle?\n|-supereffective|p2a: Yurtle the Turtle?\n|-damage|p2a: Yurtle the Turtle?|0 fnt\n|faint|p2a: Yurtle the Turtle?\n|move|p1b: Gengar|Shadow Ball|p2b: WAKE ME UP INSIDE\n|-activate|p2b: WAKE ME UP INSIDE|move: Protect\n|\n|upkeep\n|turn|11\n|\n|t:|1725585189\n|move|p1a: Genesect|Thunderbolt|p2b: WAKE ME UP INSIDE\n|-damage|p2b: WAKE ME UP INSIDE|0 fnt\n|faint|p2b: WAKE ME UP INSIDE\n|-end|p2b: WAKE ME UP INSIDE|Protosynthesis|[silent]\n|\n|win|Mango Meloetta\n|c|☆smokeydabearrr|gg\n|c|☆Mango Meloetta|gggg\n","uploadtime":1725585195,"views":"24","formatid":"gen9doublescustomgame","rating":null,"private":0,"password":null}