{"id":"gen9doublescustomgame-2254035551","format":"[Gen 9] Doubles Custom Game","players":["mistermoscow","Mattmandaman"],"log":"|badge|p2|silver|gen9doublesou|30-3\n|uhtml|medal-msg|<div class=\"broadcast-blue\">Curious what those medals under the avatar are? PS now has Ladder Seasons! For more information, check out the <a href=\"https://www.smogon.com/forums/threads/3740067/\">thread on Smogon.</a></div>\n|j|☆mistermoscow\n|j|☆Mattmandaman\n|t:|1732983051\n|gametype|doubles\n|player|p1|mistermoscow|alder|\n|player|p2|Mattmandaman|giovanni|\n|teamsize|p1|6\n|teamsize|p2|6\n|gen|9\n|tier|[Gen 9] Doubles Custom Game\n|clearpoke\n|poke|p1|Gothitelle, F|\n|poke|p1|Incineroar, F|\n|poke|p1|Tapu Koko|\n|poke|p1|Iron Hands|\n|poke|p1|Sinistcha|\n|poke|p1|Ogerpon-Wellspring, F|\n|poke|p2|Latias, F|\n|poke|p2|Venusaur, F|\n|poke|p2|Grimmsnarl, M|\n|poke|p2|Volcanion|\n|poke|p2|Diancie|\n|poke|p2|Marshadow|\n|teampreview\n|j| Mango Meloetta\n|\n|t:|1732983140\n|start\n|switch|p1a: Handiman|Iron Hands|450/450\n|switch|p1b: Static|Tapu Koko|282/282\n|switch|p2a: Grimmsnarl|Grimmsnarl, M|394/394\n|switch|p2b: Diancie|Diancie|304/304\n|-fieldstart|move: Electric Terrain|[from] ability: Electric Surge|[of] p1b: Static\n|-activate|p1a: Handiman|ability: Quark Drive\n|-start|p1a: Handiman|quarkdriveatk\n|turn|1\n|\n|t:|1732983172\n|move|p1a: Handiman|Fake Out|p2a: Grimmsnarl\n|debug|Quark Drive atk boost\n|-damage|p2a: Grimmsnarl|308/394\n|cant|p2a: Grimmsnarl|flinch\n|move|p1b: Static|Taunt|p2a: Grimmsnarl\n|-start|p2a: Grimmsnarl|move: Taunt\n|move|p2b: Diancie|Diamond Storm|p1b: Static|[spread] p1b\n|-miss|p2b: Diancie|p1a: Handiman\n|debug|Spread modifier: 0.75\n|-damage|p1b: Static|141/282\n|-boost|p2b: Diancie|def|2\n|debug|Covert Cloak prevent secondary\n|\n|upkeep\n|turn|2\n|\n|t:|1732983197\n|move|p1b: Static|Taunt|p2b: Diancie\n|-start|p2b: Diancie|move: Taunt\n|move|p2a: Grimmsnarl|Spirit Break|p1a: Handiman\n|-supereffective|p1a: Handiman\n|-damage|p1a: Handiman|262/450\n|-unboost|p1a: Handiman|spa|1\n|move|p2b: Diancie|Play Rough|p1a: Handiman|[miss]\n|-miss|p2b: Diancie|p1a: Handiman\n|move|p1a: Handiman|Wild Charge|p2a: Grimmsnarl\n|debug|electric terrain boost\n|debug|Quark Drive atk boost\n|-damage|p2a: Grimmsnarl|0 fnt\n|faint|p2a: Grimmsnarl\n|-damage|p1a: Handiman|185/450|[from] Recoil\n|\n|upkeep\n|j| je64\n|\n|t:|1732983235\n|switch|p2a: Venusaur|Venusaur, F|364/364\n|turn|3\n|j| smokeydabearrr\n|player|p1|\n|l| mistermoscow\n|player|p1|mistermoscow|alder|\n|j|☆mistermoscow\n|\n|t:|1732983382\n|-end|p1a: Handiman|Quark Drive|[silent]\n|switch|p1a: Sippy|Sinistcha|284/284\n|-heal|p1b: Static|211/282|[from] ability: Hospitality|[of] p1a: Sippy\n|detailschange|p2a: Venusaur|Venusaur-Mega, F\n|-mega|p2a: Venusaur|Venusaur|Venusaurite\n|move|p1b: Static|Volt Switch|p2b: Diancie\n|debug|electric terrain boost\n|-damage|p2b: Diancie|231/304\n|\n|t:|1732983394\n|switch|p1b: Zora|Ogerpon-Wellspring, F|364/364|[from] Volt Switch\n|move|p2a: Venusaur|Sludge Bomb|p1b: Zora\n|-supereffective|p1b: Zora\n|-damage|p1b: Zora|2/364\n|move|p2b: Diancie|Play Rough|p1a: Sippy\n|-damage|p1a: Sippy|139/284\n|\n|-heal|p1a: Sippy|156/284|[from] item: Leftovers\n|upkeep\n|turn|4\n|\n|t:|1732983485\n|switch|p2b: Latias|Latias, F|364/364\n|move|p1b: Zora|Leech Seed|p2b: Latias\n|-start|p2b: Latias|move: Leech Seed\n|move|p2a: Venusaur|Sludge Bomb|p1a: Sippy\n|-damage|p1a: Sippy|2/284\n|-status|p1a: Sippy|psn\n|move|p1a: Sippy|Trick Room|p1a: Sippy\n|-fieldstart|move: Trick Room|[of] p1a: Sippy\n|\n|-heal|p1a: Sippy|19/284 psn|[from] item: Leftovers\n|-damage|p2b: Latias|319/364|[from] Leech Seed|[of] p1b: Zora\n|-heal|p1b: Zora|47/364|[silent]\n|-damage|p1a: Sippy|0 fnt|[from] psn\n|faint|p1a: Sippy\n|upkeep\n|\n|t:|1732983503\n|switch|p1a: Handiman|Iron Hands|185/450\n|-activate|p1a: Handiman|ability: Quark Drive\n|-start|p1a: Handiman|quarkdriveatk\n|turn|5\n|\n|t:|1732983623\n|move|p1b: Zora|Follow Me|p1b: Zora\n|-singleturn|p1b: Zora|move: Follow Me\n|move|p1a: Handiman|Ice Punch|p2b: Latias\n|debug|Quark Drive atk boost\n|-supereffective|p2b: Latias\n|-damage|p2b: Latias|11/364\n|move|p2a: Venusaur|Leech Seed|p1b: Zora\n|debug|Follow Me redirected target of move\n|-immune|p1b: Zora\n|move|p2b: Latias|Psychic|p1b: Zora\n|debug|Follow Me redirected target of move\n|-damage|p1b: Zora|0 fnt\n|faint|p1b: Zora\n|\n|-heal|p2b: Latias|33/364|[from] item: Leftovers\n|debug|Nothing to leech into\n|-fieldend|move: Electric Terrain\n|-end|p1a: Handiman|Quark Drive\n|upkeep\n|\n|t:|1732983638\n|switch|p1b: Suzy|Gothitelle, F|344/344\n|turn|6\n|\n|t:|1732983694\n|move|p1b: Suzy|Ally Switch|p1b: Suzy\n|swap|p1b: Suzy|0|[from] move: Ally Switch\n|move|p1b: Handiman|Drain Punch|p2b: Latias\n|-resisted|p2b: Latias\n|-damage|p2b: Latias|0 fnt\n|-heal|p1b: Handiman|202/450|[from] drain|[of] p2b: Latias\n|faint|p2b: Latias\n|move|p2a: Venusaur|Leech Seed|p1b: Handiman\n|-start|p1b: Handiman|move: Leech Seed\n|\n|-damage|p1b: Handiman|146/450|[from] Leech Seed|[of] p2a: Venusaur\n|upkeep\n|\n|t:|1732983708\n|switch|p2b: Marshadow|Marshadow|384/384\n|debug|natural status immunity\n|turn|7\n|\n|t:|1732983729\n|-terastallize|p2b: Marshadow|Ghost\n|move|p1b: Handiman|Wild Charge|p2b: Marshadow\n|-damage|p2b: Marshadow|144/384\n|-damage|p1b: Handiman|86/450|[from] Recoil\n|move|p1a: Suzy|Psychic Noise|p2b: Marshadow\n|-damage|p2b: Marshadow|78/384\n|-start|p2b: Marshadow|move: Heal Block\n|move|p2a: Venusaur|Sludge Bomb|p1b: Handiman\n|-damage|p1b: Handiman|0 fnt\n|debug|move failed because it did nothing\n|faint|p1b: Handiman\n|-end|p1b: Handiman|Quark Drive|[silent]\n|move|p2b: Marshadow|Spectral Thief|p1a: Suzy\n|debug|Base Power: 90\n|-supereffective|p1a: Suzy\n|-damage|p1a: Suzy|0 fnt\n|faint|p1a: Suzy\n|\n|upkeep\n|\n|t:|1732983747\n|switch|p1b: Static|Tapu Koko|211/282\n|switch|p1a: Cindy|Incineroar, F|363/363\n|-ability|p1a: Cindy|Intimidate|boost\n|-unboost|p2a: Venusaur|atk|1\n|-unboost|p2b: Marshadow|atk|1\n|-fieldstart|move: Electric Terrain|[from] ability: Electric Surge|[of] p1b: Static\n|turn|8\n|\n|t:|1732983787\n|switch|p2b: Diancie|Diancie|231/304\n|move|p2a: Venusaur|Protect|p2a: Venusaur\n|-singleturn|p2a: Venusaur|Protect\n|move|p1a: Cindy|Flare Blitz|p2a: Venusaur\n|-activate|p2a: Venusaur|move: Protect\n|move|p1b: Static|Volt Switch|p2b: Diancie\n|debug|electric terrain boost\n|-damage|p2b: Diancie|156/304\n|\n|-fieldend|move: Trick Room\n|upkeep\n|turn|9\n|\n|t:|1732983836\n|-terastallize|p1a: Cindy|Ghost\n|move|p1b: Static|Volt Switch|p2b: Diancie\n|debug|electric terrain boost\n|-damage|p2b: Diancie|80/304\n|move|p2a: Venusaur|Sludge Bomb|p1b: Static\n|-supereffective|p1b: Static\n|-damage|p1b: Static|0 fnt\n|debug|Covert Cloak prevent secondary\n|faint|p1b: Static\n|move|p2b: Diancie|Diamond Storm|p1a: Cindy\n|-damage|p1a: Cindy|200/363\n|-boost|p2b: Diancie|def|2\n|move|p1a: Cindy|Flare Blitz|p2a: Venusaur\n|debug|Thick Fat weaken\n|-supereffective|p2a: Venusaur\n|-damage|p2a: Venusaur|166/364\n|-damage|p1a: Cindy|135/363|[from] Recoil\n|\n|upkeep\n|turn|10\n|\n|t:|1732983854\n|move|p2a: Venusaur|Giga Drain|p1a: Cindy\n|-damage|p1a: Cindy|0 fnt\n|-heal|p2a: Venusaur|234/364|[from] drain|[of] p1a: Cindy\n|faint|p1a: Cindy\n|\n|win|Mattmandaman\n","uploadtime":1732983861,"views":"28","formatid":"gen9doublescustomgame","rating":null,"private":0,"password":null}