{"id":"gen9doublescustomgame-2331004318","format":"[Gen 9] Doubles Custom Game","players":["mistermoscow","je64"],"log":"|j|☆mistermoscow\n|j|☆je64\n|t:|1743301251\n|gametype|doubles\n|player|p1|mistermoscow|alder|\n|player|p2|je64|170|\n|teamsize|p1|6\n|teamsize|p2|6\n|gen|9\n|tier|[Gen 9] Doubles Custom Game\n|clearpoke\n|poke|p1|Nidoking, M|\n|poke|p1|Clefairy, M|\n|poke|p1|Machoke, M|\n|poke|p1|Dewgong, M|\n|poke|p1|Exeggutor, M|\n|poke|p1|Flareon, F|\n|poke|p2|Dugtrio, F|\n|poke|p2|Kadabra, F|\n|poke|p2|Gengar, M|\n|poke|p2|Chansey, F|\n|poke|p2|Electabuzz, M|\n|poke|p2|Gyarados, M|\n|teampreview\n|\n|t:|1743301277\n|start\n|switch|p1a: Clifford|Clefairy, M|282/282\n|switch|p1b: Eggman|Exeggutor, M|394/394\n|switch|p2a: Stranger|Gengar, M|261/261\n|switch|p2b: Lizzo|Chansey, F|704/704\n|turn|1\n|\n|t:|1743301351\n|move|p1a: Clifford|Follow Me|p1a: Clifford\n|-singleturn|p1a: Clifford|move: Follow Me\n|move|p2a: Stranger|Trick|p1a: Clifford\n|debug|Follow Me redirected target of move\n|-activate|p2a: Stranger|move: Trick|[of] p1a: Clifford\n|-item|p1a: Clifford|Choice Specs|[from] move: Trick\n|-item|p2a: Stranger|Eviolite|[from] move: Trick\n|move|p2b: Lizzo|Thunder Wave|p1a: Clifford\n|debug|Follow Me redirected target of move\n|-status|p1a: Clifford|par\n|move|p1b: Eggman|Expanding Force|p2a: Stranger\n|-supereffective|p2a: Stranger\n|-damage|p2a: Stranger|0 fnt\n|-start|p1b: Eggman|Disable|Expanding Force|[from] ability: Cursed Body|[of] p2a: Stranger\n|faint|p2a: Stranger\n|\n|upkeep\n|\n|t:|1743301402\n|switch|p2a: K.Dot|Kadabra, F|221/221\n|turn|2\n|\n|t:|1743301418\n|move|p2a: K.Dot|Calm Mind|p2a: K.Dot\n|-boost|p2a: K.Dot|spa|1\n|-boost|p2a: K.Dot|spd|1\n|move|p1b: Eggman|Giga Drain|p2a: K.Dot\n|-damage|p2a: K.Dot|91/221\n|move|p1a: Clifford|Seismic Toss|p2b: Lizzo\n|-damage|p2b: Lizzo|604/704\n|move|p2b: Lizzo|Teleport|p2b: Lizzo\n|\n|t:|1743301428\n|switch|p2b: Buzz Killington|Electabuzz, M|334/334|[from] Teleport\n|\n|upkeep\n|turn|3\n|\n|t:|1743301437\n|move|p1b: Eggman|Protect|p1b: Eggman\n|-singleturn|p1b: Eggman|Protect\n|move|p2b: Buzz Killington|Follow Me|p2b: Buzz Killington\n|-singleturn|p2b: Buzz Killington|move: Follow Me\n|move|p2a: K.Dot|Calm Mind|p2a: K.Dot\n|-boost|p2a: K.Dot|spa|1\n|-boost|p2a: K.Dot|spd|1\n|move|p1a: Clifford|Seismic Toss|p2b: Buzz Killington\n|debug|Follow Me redirected target of move\n|-damage|p2b: Buzz Killington|234/334\n|\n|upkeep\n|turn|4\n|\n|t:|1743301461\n|move|p2b: Buzz Killington|Follow Me|p2b: Buzz Killington\n|-singleturn|p2b: Buzz Killington|move: Follow Me\n|move|p2a: K.Dot|Calm Mind|p2a: K.Dot\n|-boost|p2a: K.Dot|spa|1\n|-boost|p2a: K.Dot|spd|1\n|move|p1b: Eggman|Giga Drain|p2b: Buzz Killington\n|debug|Follow Me redirected target of move\n|-damage|p2b: Buzz Killington|129/334\n|cant|p1a: Clifford|par\n|\n|-end|p1b: Eggman|Disable\n|upkeep\n|turn|5\n|\n|t:|1743301496\n|move|p2a: K.Dot|Dazzling Gleam|p1a: Clifford|[spread] p1a,p1b\n|debug|Spread modifier: 0.75\n|debug|Spread modifier: 0.75\n|debug|Friend Guard weaken\n|-damage|p1a: Clifford|69/282 par\n|-damage|p1b: Eggman|189/394\n|-enditem|p1b: Eggman|Sitrus Berry|[eat]\n|-heal|p1b: Eggman|287/394|[from] item: Sitrus Berry\n|debug|damage event failed\n|move|p2b: Buzz Killington|Electroweb|p1b: Eggman|[spread] p1a,p1b\n|debug|Spread modifier: 0.75\n|debug|Spread modifier: 0.75\n|-resisted|p1b: Eggman\n|debug|Friend Guard weaken\n|-damage|p1a: Clifford|20/282 par\n|-damage|p1b: Eggman|266/394\n|-unboost|p1a: Clifford|spe|1\n|-unboost|p1b: Eggman|spe|1\n|move|p1b: Eggman|Giga Drain|p2a: K.Dot\n|-damage|p2a: K.Dot|12/221\n|-heal|p1b: Eggman|306/394|[from] drain|[of] p2a: K.Dot\n|move|p1a: Clifford|Seismic Toss|p2b: Buzz Killington\n|-damage|p2b: Buzz Killington|29/334\n|\n|upkeep\n|turn|6\n|\n|t:|1743301534\n|move|p1b: Eggman|Protect|p1b: Eggman\n|-singleturn|p1b: Eggman|Protect\n|move|p2a: K.Dot|Dazzling Gleam|p1b: Eggman|[spread] p1a\n|-activate|p1b: Eggman|move: Protect\n|debug|Spread modifier: 0.75\n|-damage|p1a: Clifford|0 fnt\n|faint|p1a: Clifford\n|debug|damage event failed\n|move|p2b: Buzz Killington|Volt Switch|p1b: Eggman\n|-activate|p1b: Eggman|move: Protect\n|\n|upkeep\n|\n|t:|1743301543\n|switch|p1a: Fluffy|Flareon, F|272/272\n|turn|7\n|\n|t:|1743301559\n|move|p2a: K.Dot|Dazzling Gleam|p1b: Eggman|[spread] p1a,p1b\n|debug|Spread modifier: 0.75\n|-resisted|p1a: Fluffy\n|debug|Spread modifier: 0.75\n|-damage|p1a: Fluffy|167/272\n|-damage|p1b: Eggman|47/394\n|debug|damage event failed\n|move|p2b: Buzz Killington|Volt Switch|p1b: Eggman\n|-resisted|p1b: Eggman\n|-damage|p1b: Eggman|0 fnt\n|faint|p1b: Eggman\n|\n|t:|1743301571\n|switch|p2b: Gyarados|Gyarados, M|331/331|[from] Volt Switch\n|-ability|p2b: Gyarados|Intimidate|boost\n|-unboost|p1a: Fluffy|atk|1\n|move|p1a: Fluffy|Sunny Day|p1a: Fluffy\n|-weather|SunnyDay\n|\n|-weather|SunnyDay|[upkeep]\n|-status|p1a: Fluffy|tox|[from] item: Toxic Orb\n|upkeep\n|\n|t:|1743301581\n|switch|p1b: King Nido|Nidoking, M|366/366\n|turn|8\n|\n|t:|1743301605\n|switch|p1b: Dewey|Dewgong, M|384/384\n|move|p2a: K.Dot|Protect|p2a: K.Dot\n|-singleturn|p2a: K.Dot|Protect\n|move|p2b: Gyarados|Dragon Dance|p2b: Gyarados\n|-boost|p2b: Gyarados|atk|1\n|-boost|p2b: Gyarados|spe|1\n|move|p1a: Fluffy|Facade|p2a: K.Dot\n|-activate|p2a: K.Dot|move: Protect\n|\n|-weather|SunnyDay|[upkeep]\n|-damage|p1a: Fluffy|150/272 tox|[from] psn\n|upkeep\n|turn|9\n|\n|t:|1743301635\n|move|p1b: Dewey|Fake Out|p2a: K.Dot\n|-crit|p2a: K.Dot\n|-damage|p2a: K.Dot|0 fnt\n|debug|move failed because it did nothing\n|faint|p2a: K.Dot\n|move|p2b: Gyarados|Dragon Dance|p2b: Gyarados\n|-boost|p2b: Gyarados|atk|1\n|-boost|p2b: Gyarados|spe|1\n|move|p1a: Fluffy|Facade|p2b: Gyarados\n|-damage|p2b: Gyarados|116/331\n|\n|-weather|SunnyDay|[upkeep]\n|-damage|p1a: Fluffy|116/272 tox|[from] psn\n|upkeep\n|\n|t:|1743301647\n|switch|p2a: Shai-Hulud|Dugtrio, F, shiny|212/212\n|turn|10\n|\n|t:|1743301676\n|move|p1a: Fluffy|Protect|p1a: Fluffy\n|-singleturn|p1a: Fluffy|Protect\n|move|p2b: Gyarados|Waterfall|p1b: Dewey\n|debug|Sunny Day water suppress\n|-resisted|p1b: Dewey\n|-damage|p1b: Dewey|305/384\n|move|p2a: Shai-Hulud|Earthquake|p1a: Fluffy|[spread] p1b\n|-activate|p1a: Fluffy|move: Protect\n|-immune|p2b: Gyarados\n|debug|Spread modifier: 0.75\n|-damage|p1b: Dewey|106/384\n|move|p1b: Dewey|Triple Axel|p2a: Shai-Hulud\n|-supereffective|p2a: Shai-Hulud\n|-damage|p2a: Shai-Hulud|110/212\n|-supereffective|p2a: Shai-Hulud\n|-damage|p2a: Shai-Hulud|0 fnt\n|faint|p2a: Shai-Hulud\n|-hitcount|p2: Shai-Hulud|2\n|\n|-weather|SunnyDay|[upkeep]\n|-heal|p1b: Dewey|130/384|[from] item: Leftovers\n|-damage|p1a: Fluffy|65/272 tox|[from] psn\n|upkeep\n|\n|t:|1743301713\n|switch|p2a: Buzz Killington|Electabuzz, M|29/334\n|turn|11\n|\n|t:|1743301799\n|switch|p1b: Randy|Machoke, M|302/302\n|move|p2b: Gyarados|Earthquake|p1b: Randy|[spread] p2a,p1a,p1b\n|debug|Spread modifier: 0.75\n|-supereffective|p2a: Buzz Killington\n|debug|Spread modifier: 0.75\n|-supereffective|p1a: Fluffy\n|debug|Spread modifier: 0.75\n|-damage|p2a: Buzz Killington|0 fnt\n|-damage|p1a: Fluffy|0 fnt\n|-damage|p1b: Randy|182/302\n|faint|p2a: Buzz Killington\n|faint|p1a: Fluffy\n|\n|-weather|none\n|upkeep\n|\n|t:|1743301810\n|switch|p2a: Lizzo|Chansey, F|604/704\n|switch|p1a: Dewey|Dewgong, M|130/384\n|turn|12\n|\n|t:|1743301845\n|move|p2b: Gyarados|Protect|p2b: Gyarados\n|-singleturn|p2b: Gyarados|Protect\n|move|p1a: Dewey|Fake Out|p2b: Gyarados\n|-activate|p2b: Gyarados|move: Protect\n|move|p2a: Lizzo|Thunder Wave|p1b: Randy\n|-status|p1b: Randy|par\n|move|p1b: Randy|Fissure|p2a: Lizzo\n|-damage|p2a: Lizzo|0 fnt\n|faint|p2a: Lizzo\n|-ohko\n|\n|-heal|p1a: Dewey|154/384|[from] item: Leftovers\n|upkeep\n|turn|13\n|\n|t:|1743301915\n|move|p2b: Gyarados|Waterfall|p1b: Randy\n|-damage|p1b: Randy|13/302 par\n|move|p1a: Dewey|Knock Off|p2b: Gyarados\n|-damage|p2b: Gyarados|21/331\n|-enditem|p2b: Gyarados|Lum Berry|[from] move: Knock Off|[of] p1a: Dewey\n|cant|p1b: Randy|flinch\n|\n|-heal|p1a: Dewey|178/384|[from] item: Leftovers\n|upkeep\n|turn|14\n|\n|t:|1743301936\n|move|p1b: Randy|Bullet Punch|p2b: Gyarados\n|-resisted|p2b: Gyarados\n|-damage|p2b: Gyarados|3/331\n|move|p2b: Gyarados|Earthquake|p1b: Randy|[spread] p1a,p1b\n|debug|Spread modifier: 0.75\n|debug|Spread modifier: 0.75\n|-damage|p1a: Dewey|0 fnt\n|-damage|p1b: Randy|0 fnt\n|faint|p1a: Dewey\n|faint|p1b: Randy\n|\n|upkeep\n|\n|t:|1743301945\n|switch|p1b: King Nido|Nidoking, M|366/366\n|turn|15\n|\n|t:|1743301952\n|move|p2b: Gyarados|Waterfall|p1b: King Nido\n|-supereffective|p1b: King Nido\n|-damage|p1b: King Nido|0 fnt\n|faint|p1b: King Nido\n|\n|win|je64\n","uploadtime":1743301964,"views":"21","formatid":"gen9doublescustomgame","rating":null,"private":0,"password":null}