{"id":"gen9doublescustomgame-2272989726","format":"[Gen 9] Doubles Custom Game","players":["je64","mistermoscow"],"log":"|j|☆je64\n|j|☆mistermoscow\n|t:|1735705456\n|gametype|doubles\n|player|p1|je64|101|\n|player|p2|mistermoscow|alder|\n|teamsize|p1|6\n|teamsize|p2|6\n|gen|9\n|tier|[Gen 9] Doubles Custom Game\n|clearpoke\n|poke|p1|Kadabra, F|\n|poke|p1|Gyarados, M|\n|poke|p1|Magmar, F|\n|poke|p1|Electabuzz, F|\n|poke|p1|Rhydon, M|\n|poke|p1|Articuno|\n|poke|p2|Fearow, M|\n|poke|p2|Clefairy, M|\n|poke|p2|Poliwrath, F|\n|poke|p2|Victreebel, M|\n|poke|p2|Porygon|\n|poke|p2|Snorlax, M|\n|teampreview\n|c|☆je64|now it's awwwwn\n|c|☆mistermoscow|izz onnnnnn\n|\n|t:|1735705532\n|start\n|switch|p1a: Gyarados|Gyarados, M|331/331\n|switch|p1b: Rhydon|Rhydon, M|414/414\n|switch|p2a: Clifford|Clefairy, M|344/344\n|switch|p2b: Snax|Snorlax, M|461/461\n|-ability|p1a: Gyarados|Intimidate|boost\n|-unboost|p2a: Clifford|atk|1\n|-fail|p2b: Snax|unboost|[from] item: Clear Amulet|[of] p2b: Snax\n|turn|1\n|\n|t:|1735705575\n|switch|p2b: Pogo Jr|Porygon|272/272\n|-ability|p2b: Pogo Jr|Intimidate|boost\n|-unboost|p1a: Gyarados|atk|1\n|-unboost|p1b: Rhydon|atk|1\n|-ability|p2b: Pogo Jr|Intimidate|[from] ability: Trace|[of] p1a: Gyarados\n|move|p1a: Gyarados|Dragon Dance|p1a: Gyarados\n|-boost|p1a: Gyarados|atk|1\n|-boost|p1a: Gyarados|spe|1\n|move|p1b: Rhydon|Rock Slide|p2a: Clifford|[spread] p2a,p2b\n|debug|Spread modifier: 0.75\n|debug|Spread modifier: 0.75\n|debug|Friend Guard weaken\n|-damage|p2a: Clifford|293/344\n|-damage|p2b: Pogo Jr|240/272\n|move|p2a: Clifford|Minimize|p2a: Clifford\n|-boost|p2a: Clifford|evasion|2\n|\n|upkeep\n|turn|2\n|c|☆je64|booooo\n|\n|t:|1735705607\n|move|p1a: Gyarados|Waterfall|p2a: Clifford\n|-damage|p2a: Clifford|181/344\n|move|p1b: Rhydon|Rock Slide|p2a: Clifford|[spread] p2b\n|-miss|p1b: Rhydon|p2a: Clifford\n|debug|Spread modifier: 0.75\n|debug|Friend Guard weaken\n|-damage|p2b: Pogo Jr|206/272\n|move|p2a: Clifford|Minimize|p2a: Clifford\n|-boost|p2a: Clifford|evasion|2\n|move|p2b: Pogo Jr|Trick Room|p2b: Pogo Jr\n|-fieldstart|move: Trick Room|[of] p2b: Pogo Jr\n|\n|upkeep\n|turn|3\n|\n|t:|1735705640\n|move|p2a: Clifford|Baton Pass|p2a: Clifford\n|\n|t:|1735705652\n|switch|p2a: Victor|Victreebel, M|364/364|[from] Baton Pass\n|move|p1b: Rhydon|High Horsepower|p2a: Victor\n|-damage|p2a: Victor|201/364\n|move|p1a: Gyarados|Waterfall|p2a: Victor|[miss]\n|-miss|p1a: Gyarados|p2a: Victor\n|move|p2b: Pogo Jr|Teleport|p2b: Pogo Jr\n|\n|t:|1735705662\n|switch|p2b: Polly|Poliwrath, F|384/384|[from] Teleport\n|\n|upkeep\n|turn|4\n|\n|t:|1735705696\n|switch|p1b: Articuno|Articuno|384/384\n|move|p2b: Polly|Coaching|p2a: Victor\n|-boost|p2a: Victor|atk|1\n|-boost|p2a: Victor|def|1\n|move|p2a: Victor|Swords Dance|p2a: Victor\n|-boost|p2a: Victor|atk|2\n|move|p1a: Gyarados|Earthquake|p2b: Polly|[spread] p2b\n|-immune|p1b: Articuno\n|-miss|p1a: Gyarados|p2a: Victor\n|debug|Spread modifier: 0.75\n|-damage|p2b: Polly|294/384\n|\n|upkeep\n|turn|5\n|c|☆je64|ughh\n|c|☆je64|fucking hate minimize\n|\n|t:|1735705730\n|switch|p1a: Buzz Lightyear|Electabuzz, F|271/271\n|move|p2a: Victor|Leaf Blade|p1b: Articuno\n|-resisted|p1b: Articuno\n|-crit|p1b: Articuno\n|-damage|p1b: Articuno|147/384\n|-damage|p2a: Victor|165/364|[from] item: Life Orb\n|move|p2b: Polly|Coaching|p2a: Victor\n|-boost|p2a: Victor|atk|1\n|-boost|p2a: Victor|def|1\n|move|p1b: Articuno|Snowscape|p1b: Articuno\n|-weather|Snow\n|\n|-weather|Snow|[upkeep]\n|-heal|p1b: Articuno|171/384|[from] item: Leftovers\n|upkeep\n|turn|6\n|c|☆je64|cmon\n|c|☆je64|crit too\n|\n|t:|1735705751\n|switch|p2b: Clifford|Clefairy, M|181/344\n|move|p2a: Victor|Protect|p2a: Victor\n|-singleturn|p2a: Victor|Protect\n|move|p1a: Buzz Lightyear|Follow Me|p1a: Buzz Lightyear\n|-singleturn|p1a: Buzz Lightyear|move: Follow Me\n|move|p1b: Articuno|Blizzard|p2a: Victor|[spread] p2b\n|-activate|p2a: Victor|move: Protect\n|debug|Spread modifier: 0.75\n|-damage|p2b: Clifford|100/344\n|\n|-weather|Snow|[upkeep]\n|-heal|p1b: Articuno|195/384|[from] item: Leftovers\n|-fieldend|move: Trick Room\n|upkeep\n|turn|7\n|\n|t:|1735705769\n|move|p1a: Buzz Lightyear|Follow Me|p1a: Buzz Lightyear\n|-singleturn|p1a: Buzz Lightyear|move: Follow Me\n|move|p2a: Victor|Sucker Punch||[still]\n|debug|Follow Me redirected target of move\n|-fail|p2a: Victor\n|move|p1b: Articuno|Blizzard|p2a: Victor|[spread] p2a,p2b\n|debug|Spread modifier: 0.75\n|-supereffective|p2a: Victor\n|debug|Friend Guard weaken\n|debug|Spread modifier: 0.75\n|-damage|p2a: Victor|0 fnt\n|-damage|p2b: Clifford|16/344\n|faint|p2a: Victor\n|move|p2b: Clifford|Minimize|p2b: Clifford\n|-boost|p2b: Clifford|evasion|2\n|\n|-weather|Snow|[upkeep]\n|-heal|p1b: Articuno|219/384|[from] item: Leftovers\n|upkeep\n|\n|t:|1735705790\n|switch|p2a: Snax|Snorlax, M|461/461\n|turn|8\n|\n|t:|1735705806\n|move|p2b: Clifford|Protect|p2b: Clifford\n|-singleturn|p2b: Clifford|Protect\n|move|p1a: Buzz Lightyear|Volt Switch|p2b: Clifford\n|-activate|p2b: Clifford|move: Protect\n|move|p1b: Articuno|Sheer Cold|p2a: Snax|[miss]\n|-miss|p1b: Articuno|p2a: Snax\n|move|p2a: Snax|Double-Edge|p1b: Articuno\n|debug|Snow Cloak - decreasing accuracy\n|-damage|p1b: Articuno|95/384\n|-damage|p2a: Snax|420/461|[from] Recoil\n|\n|-weather|Snow|[upkeep]\n|-heal|p1b: Articuno|119/384|[from] item: Leftovers\n|upkeep\n|turn|9\n|\n|t:|1735705827\n|move|p1a: Buzz Lightyear|Follow Me|p1a: Buzz Lightyear\n|-singleturn|p1a: Buzz Lightyear|move: Follow Me\n|move|p2b: Clifford|Follow Me|p2b: Clifford\n|-singleturn|p2b: Clifford|move: Follow Me\n|move|p1b: Articuno|Sheer Cold|p2b: Clifford\n|debug|Follow Me redirected target of move\n|-damage|p2b: Clifford|0 fnt\n|faint|p2b: Clifford\n|-ohko\n|move|p2a: Snax|Double-Edge|p1a: Buzz Lightyear\n|debug|Follow Me redirected target of move\n|-damage|p1a: Buzz Lightyear|0 fnt\n|faint|p1a: Buzz Lightyear\n|-damage|p2a: Snax|331/461|[from] Recoil\n|\n|-weather|none\n|-heal|p1b: Articuno|143/384|[from] item: Leftovers\n|upkeep\n|\n|t:|1735705850\n|switch|p1a: Myagmar|Magmar, F|271/271\n|switch|p2b: Pogo Jr|Porygon|206/272\n|-ability|p2b: Pogo Jr|Snow Cloak|[from] ability: Trace|[of] p1b: Articuno\n|turn|10\n|\n|t:|1735705863\n|move|p2a: Snax|Protect|p2a: Snax\n|-singleturn|p2a: Snax|Protect\n|move|p1a: Myagmar|Overheat|p2a: Snax\n|-activate|p2a: Snax|move: Protect\n|move|p1b: Articuno|Snowscape|p1b: Articuno\n|-weather|Snow\n|move|p2b: Pogo Jr|Trick Room|p2b: Pogo Jr\n|-fieldstart|move: Trick Room|[of] p2b: Pogo Jr\n|\n|-weather|Snow|[upkeep]\n|-heal|p1b: Articuno|167/384|[from] item: Leftovers\n|upkeep\n|turn|11\n|\n|t:|1735705894\n|switch|p1a: Rhydon|Rhydon, M|414/414\n|move|p2a: Snax|Double-Edge|p1a: Rhydon\n|-resisted|p1a: Rhydon\n|-damage|p1a: Rhydon|324/414\n|-damage|p2a: Snax|301/461|[from] Recoil\n|move|p1b: Articuno|Blizzard|p2b: Pogo Jr|[spread] p2a,p2b\n|debug|Spread modifier: 0.75\n|debug|Spread modifier: 0.75\n|-damage|p2a: Snax|223/461\n|-damage|p2b: Pogo Jr|148/272\n|move|p2b: Pogo Jr|Teleport|p2b: Pogo Jr\n|\n|t:|1735705905\n|switch|p2b: Polly|Poliwrath, F|294/384|[from] Teleport\n|\n|-weather|Snow|[upkeep]\n|-heal|p1b: Articuno|191/384|[from] item: Leftovers\n|upkeep\n|turn|12\n|\n|t:|1735705929\n|move|p2a: Snax|Protect|p2a: Snax\n|-singleturn|p2a: Snax|Protect\n|move|p1a: Rhydon|Supercell Slam|p2b: Polly\n|-supereffective|p2b: Polly\n|-enditem|p2b: Polly|Wacan Berry|[eat]\n|debug|-50% reduction\n|-enditem|p2b: Polly|Wacan Berry|[weaken]\n|-damage|p2b: Polly|157/384\n|move|p2b: Polly|Coaching|p2a: Snax\n|-boost|p2a: Snax|atk|1\n|-boost|p2a: Snax|def|1\n|move|p1b: Articuno|Sheer Cold|p2a: Snax\n|-activate|p2a: Snax|move: Protect\n|\n|-weather|Snow|[upkeep]\n|-heal|p1b: Articuno|215/384|[from] item: Leftovers\n|upkeep\n|turn|13\n|\n|t:|1735705951\n|move|p2a: Snax|Ice Punch|p1a: Rhydon\n|-supereffective|p1a: Rhydon\n|-damage|p1a: Rhydon|100/414\n|move|p1a: Rhydon|Supercell Slam|p2b: Polly\n|-supereffective|p2b: Polly\n|-damage|p2b: Polly|0 fnt\n|faint|p2b: Polly\n|move|p1b: Articuno|Sheer Cold|p2a: Snax|[miss]\n|-miss|p1b: Articuno|p2a: Snax\n|\n|-weather|Snow|[upkeep]\n|-heal|p1b: Articuno|239/384|[from] item: Leftovers\n|upkeep\n|\n|t:|1735705965\n|switch|p2b: Pogo Jr|Porygon|148/272\n|-ability|p2b: Pogo Jr|Lightning Rod|[from] ability: Trace|[of] p1a: Rhydon\n|turn|14\n|\n|t:|1735705990\n|switch|p1a: Myagmar|Magmar, F|271/271\n|move|p2a: Snax|Protect|p2a: Snax\n|-singleturn|p2a: Snax|Protect\n|move|p2b: Pogo Jr|Toxic|p1b: Articuno\n|debug|Snow Cloak - decreasing accuracy\n|-status|p1b: Articuno|tox\n|move|p1b: Articuno|Sheer Cold|p2a: Snax\n|-activate|p2a: Snax|move: Protect\n|\n|-weather|none\n|-heal|p1b: Articuno|263/384 tox|[from] item: Leftovers\n|-damage|p1b: Articuno|239/384 tox|[from] psn\n|-fieldend|move: Trick Room\n|upkeep\n|turn|15\n|\n|t:|1735706022\n|move|p2b: Pogo Jr|Protect|p2b: Pogo Jr\n|-singleturn|p2b: Pogo Jr|Protect\n|move|p1a: Myagmar|Overheat|p2a: Snax\n|-damage|p2a: Snax|0 fnt\n|-unboost|p1a: Myagmar|spa|2\n|faint|p2a: Snax\n|move|p1b: Articuno|Snowscape|p1b: Articuno\n|-weather|Snow\n|\n|-weather|Snow|[upkeep]\n|-heal|p1b: Articuno|263/384 tox|[from] item: Leftovers\n|-damage|p1b: Articuno|215/384 tox|[from] psn\n|upkeep\n|\n|t:|1735706032\n|switch|p2a: Big Bird|Fearow, M|271/271\n|turn|16\n|\n|t:|1735706049\n|switch|p1a: Gyarados|Gyarados, M|331/331\n|-ability|p1a: Gyarados|Intimidate|boost\n|-unboost|p2a: Big Bird|atk|1\n|-unboost|p2b: Pogo Jr|atk|1\n|move|p2a: Big Bird|Drill Peck|p1b: Articuno\n|debug|Snow Cloak - decreasing accuracy\n|-damage|p1b: Articuno|172/384 tox\n|move|p1b: Articuno|Blizzard|p2a: Big Bird|[spread] p2a,p2b\n|debug|Spread modifier: 0.75\n|-supereffective|p2a: Big Bird\n|debug|Spread modifier: 0.75\n|-damage|p2a: Big Bird|0 fnt\n|-damage|p2b: Pogo Jr|90/272\n|debug|Covert Cloak prevent secondary\n|faint|p2a: Big Bird\n|move|p2b: Pogo Jr|Toxic|p1a: Gyarados\n|-status|p1a: Gyarados|tox\n|\n|-weather|Snow|[upkeep]\n|-heal|p1b: Articuno|196/384 tox|[from] item: Leftovers\n|-damage|p1a: Gyarados|311/331 tox|[from] psn\n|-damage|p1b: Articuno|124/384 tox|[from] psn\n|upkeep\n|turn|17\n|c|☆je64|yay\n|\n|t:|1735706069\n|move|p2b: Pogo Jr|Protect|p2b: Pogo Jr\n|-singleturn|p2b: Pogo Jr|Protect\n|move|p1a: Gyarados|Waterfall|p2b: Pogo Jr\n|-activate|p2b: Pogo Jr|move: Protect\n|move|p1b: Articuno|Blizzard|p2b: Pogo Jr\n|-activate|p2b: Pogo Jr|move: Protect\n|\n|-weather|Snow|[upkeep]\n|-heal|p1b: Articuno|148/384 tox|[from] item: Leftovers\n|-damage|p1a: Gyarados|271/331 tox|[from] psn\n|-damage|p1b: Articuno|52/384 tox|[from] psn\n|upkeep\n|turn|18\n|\n|t:|1735706081\n|switch|p1b: Myagmar|Magmar, F|271/271\n|move|p2b: Pogo Jr|Protect|p2b: Pogo Jr\n|debug|Success chance: 33%\n|-singleturn|p2b: Pogo Jr|Protect\n|move|p1a: Gyarados|Waterfall|p2b: Pogo Jr\n|-activate|p2b: Pogo Jr|move: Protect\n|\n|-weather|Snow|[upkeep]\n|-damage|p1a: Gyarados|211/331 tox|[from] psn\n|upkeep\n|turn|19\n|\n|t:|1735706095\n|move|p2b: Pogo Jr|Protect||[still]\n|debug|Success chance: 11%\n|-fail|p2b: Pogo Jr\n|move|p1a: Gyarados|Dragon Dance|p1a: Gyarados\n|-boost|p1a: Gyarados|atk|1\n|-boost|p1a: Gyarados|spe|1\n|move|p1b: Myagmar|Overheat|p2b: Pogo Jr\n|-damage|p2b: Pogo Jr|0 fnt\n|-unboost|p1b: Myagmar|spa|2\n|faint|p2b: Pogo Jr\n|\n|win|je64\n|c|☆mistermoscow|lame\n|c|☆mistermoscow|gg\n|c|☆je64|yay\n|c|☆je64|ggs\n","uploadtime":1735706110,"views":"9","formatid":"gen9doublescustomgame","rating":null,"private":0,"password":null}