{"id":"gen9doublescustomgame-2333277327","format":"[Gen 9] Doubles Custom Game","players":["je64","Mattmandaman"],"log":"|j|☆je64\n|j|☆Mattmandaman\n|t:|1743559695\n|gametype|doubles\n|player|p1|je64|101|\n|player|p2|Mattmandaman|giovanni|\n|teamsize|p1|6\n|teamsize|p2|6\n|gen|9\n|tier|[Gen 9] Doubles Custom Game\n|clearpoke\n|poke|p1|Urshifu-*, F|\n|poke|p1|Zacian-Crowned|\n|poke|p1|Dracovish|\n|poke|p1|Grimmsnarl, M|\n|poke|p1|Rillaboom, F|\n|poke|p1|Indeedee-F, F|\n|poke|p2|Genesect|\n|poke|p2|Mienshao, M|\n|poke|p2|Tornadus, M|\n|poke|p2|Kyurem-Black|\n|poke|p2|Landorus, M|\n|poke|p2|Volcarona, F|\n|teampreview\n|j| mistermoscow\n|\n|t:|1743559699\n|start\n|switch|p1a: Rillaboom|Rillaboom, F|398/398\n|switch|p1b: Zacian|Zacian-Crowned|326/326\n|switch|p2a: Genesect|Genesect|283/283\n|switch|p2b: Mienshao|Mienshao, M|272/272\n|-ability|p2a: Genesect|Download|boost\n|-boost|p2a: Genesect|spa|1\n|-ability|p1b: Zacian|Intrepid Sword|boost\n|-boost|p1b: Zacian|atk|1\n|-fieldstart|move: Grassy Terrain|[from] ability: Grassy Surge|[of] p1a: Rillaboom\n|turn|1\n|\n|t:|1743559730\n|switch|p1a: Grimmsnarl|Grimmsnarl, M|394/394\n|move|p1b: Zacian|Protect|p1b: Zacian\n|-singleturn|p1b: Zacian|Protect\n|move|p2b: Mienshao|Fake Out|p1b: Zacian\n|-activate|p1b: Zacian|move: Protect\n|move|p2a: Genesect|U-turn|p1a: Grimmsnarl\n|-damage|p1a: Grimmsnarl|249/394\n|\n|t:|1743559747\n|switch|p2a: Volcarona|Volcarona, F|374/374|[from] U-turn\n|\n|-heal|p1a: Grimmsnarl|273/394|[from] Grassy Terrain\n|upkeep\n|turn|2\n|\n|t:|1743559773\n|switch|p1b: Urshifu|Urshifu-Rapid-Strike, F|341/341\n|move|p1a: Grimmsnarl|Light Screen|p1a: Grimmsnarl\n|-sidestart|p1: je64|move: Light Screen\n|move|p2b: Mienshao|Close Combat|p1a: Grimmsnarl\n|-damage|p1a: Grimmsnarl|20/394\n|-unboost|p2b: Mienshao|def|1\n|-unboost|p2b: Mienshao|spd|1\n|move|p2a: Volcarona|Heat Wave|p1b: Urshifu|[spread] p1a,p1b\n|debug|Spread modifier: 0.75\n|debug|Light Screen weaken\n|debug|Spread modifier: 0.75\n|-resisted|p1b: Urshifu\n|debug|Light Screen weaken\n|-damage|p1a: Grimmsnarl|0 fnt\n|-damage|p1b: Urshifu|282/341\n|faint|p1a: Grimmsnarl\n|\n|-heal|p1b: Urshifu|303/341|[from] Grassy Terrain\n|upkeep\n|\n|t:|1743559798\n|switch|p1a: Zacian|Zacian-Crowned|326/326\n|turn|3\n|\n|t:|1743559828\n|move|p1a: Zacian|Play Rough|p2b: Mienshao|[miss]\n|-miss|p1a: Zacian|p2b: Mienshao\n|move|p2b: Mienshao|Close Combat|p1b: Urshifu\n|-damage|p1b: Urshifu|102/341\n|-unboost|p2b: Mienshao|def|1\n|-unboost|p2b: Mienshao|spd|1\n|move|p2a: Volcarona|Heat Wave|p1a: Zacian|[spread] p1b\n|-miss|p2a: Volcarona|p1a: Zacian\n|debug|Spread modifier: 0.75\n|-resisted|p1b: Urshifu\n|debug|Light Screen weaken\n|-damage|p1b: Urshifu|45/341\n|-status|p1b: Urshifu|brn\n|move|p1b: Urshifu|Surging Strikes|p2a: Volcarona\n|-supereffective|p2a: Volcarona\n|-crit|p2a: Volcarona\n|-damage|p2a: Volcarona|249/374\n|-supereffective|p2a: Volcarona\n|-crit|p2a: Volcarona\n|-damage|p2a: Volcarona|127/374\n|-supereffective|p2a: Volcarona\n|-crit|p2a: Volcarona\n|-damage|p2a: Volcarona|0 fnt\n|faint|p2a: Volcarona\n|-hitcount|p2: Volcarona|3\n|-damage|p1b: Urshifu|11/341 brn|[from] item: Life Orb\n|\n|-heal|p1b: Urshifu|32/341 brn|[from] Grassy Terrain\n|-damage|p1b: Urshifu|11/341 brn|[from] brn\n|upkeep\n|\n|t:|1743559902\n|switch|p2a: Genesect|Genesect|283/283\n|-ability|p2a: Genesect|Download|boost\n|-boost|p2a: Genesect|spa|1\n|turn|4\n|\n|t:|1743559918\n|switch|p1a: Indeedee|Indeedee-F, F|344/344\n|move|p1b: Urshifu|Aqua Jet|p2b: Mienshao\n|-damage|p2b: Mienshao|139/272\n|-damage|p1b: Urshifu|0 fnt|[from] item: Life Orb\n|faint|p1b: Urshifu\n|move|p2a: Genesect|U-turn|p1a: Indeedee\n|-supereffective|p1a: Indeedee\n|-damage|p1a: Indeedee|84/344\n|\n|t:|1743559944\n|switch|p2a: Tornadus|Tornadus, M|300/300|[from] U-turn\n|move|p2b: Mienshao|Close Combat|p1a: Indeedee\n|-damage|p1a: Indeedee|0 fnt\n|-unboost|p2b: Mienshao|def|1\n|-unboost|p2b: Mienshao|spd|1\n|faint|p1a: Indeedee\n|\n|debug|Pokemon semi-invuln or not grounded; Grassy Terrain skipped\n|-heal|p2b: Mienshao|156/272|[from] Grassy Terrain\n|upkeep\n|\n|t:|1743560007\n|switch|p1b: Rillaboom|Rillaboom, F|398/398\n|switch|p1a: Zacian|Zacian-Crowned|326/326\n|turn|5\n|\n|t:|1743560025\n|move|p1b: Rillaboom|Fake Out|p2a: Tornadus\n|-damage|p2a: Tornadus|235/300\n|debug|Covert Cloak prevent secondary\n|move|p2a: Tornadus|Tailwind|p2a: Tornadus\n|-sidestart|p2: Mattmandaman|move: Tailwind\n|move|p2b: Mienshao|Close Combat|p1a: Zacian\n|-damage|p1a: Zacian|151/326\n|-unboost|p2b: Mienshao|def|1\n|-unboost|p2b: Mienshao|spd|1\n|move|p1a: Zacian|Swords Dance|p1a: Zacian\n|-boost|p1a: Zacian|atk|2\n|\n|debug|Pokemon semi-invuln or not grounded; Grassy Terrain skipped\n|-heal|p2b: Mienshao|173/272|[from] Grassy Terrain\n|-heal|p1a: Zacian|171/326|[from] Grassy Terrain\n|-fieldend|move: Grassy Terrain\n|upkeep\n|turn|6\n|\n|t:|1743560059\n|move|p2a: Tornadus|Bleakwind Storm|p1b: Rillaboom|[spread] p1a,p1b\n|debug|Spread modifier: 0.75\n|-resisted|p1a: Zacian\n|debug|Light Screen weaken\n|debug|Spread modifier: 0.75\n|-supereffective|p1b: Rillaboom\n|debug|Light Screen weaken\n|-damage|p1a: Zacian|130/326\n|-damage|p1b: Rillaboom|246/398\n|-unboost|p1a: Zacian|spe|1\n|-unboost|p1b: Rillaboom|spe|1\n|move|p2b: Mienshao|Close Combat|p1a: Zacian\n|-damage|p1a: Zacian|0 fnt\n|-unboost|p2b: Mienshao|def|1\n|-unboost|p2b: Mienshao|spd|1\n|faint|p1a: Zacian\n|move|p1b: Rillaboom|Wood Hammer|p2b: Mienshao\n|-damage|p2b: Mienshao|0 fnt\n|faint|p2b: Mienshao\n|-damage|p1b: Rillaboom|189/398|[from] Recoil\n|\n|upkeep\n|\n|t:|1743560079\n|switch|p1a: Dracovish|Dracovish|321/321\n|switch|p2b: Genesect|Genesect|283/283\n|-ability|p2b: Genesect|Download|boost\n|-boost|p2b: Genesect|spa|1\n|turn|7\n|\n|t:|1743560092\n|move|p2b: Genesect|U-turn|p1b: Rillaboom\n|-supereffective|p1b: Rillaboom\n|-damage|p1b: Rillaboom|0 fnt\n|faint|p1b: Rillaboom\n|\n|t:|1743560095\n|switch|p2b: Kyurem|Kyurem-Black|392/392|[from] U-turn\n|-ability|p2b: Kyurem|Teravolt\n|move|p2a: Tornadus|Bleakwind Storm|p1a: Dracovish|[miss]\n|-miss|p2a: Tornadus|p1a: Dracovish\n|move|p1a: Dracovish|Fishious Rend|p2a: Tornadus\n|debug|Fishious Rend NOT boosted\n|-damage|p2a: Tornadus|0 fnt\n|faint|p2a: Tornadus\n|\n|upkeep\n|\n|t:|1743560108\n|switch|p2a: Genesect|Genesect|283/283\n|-ability|p2a: Genesect|Download|boost\n|-boost|p2a: Genesect|spa|1\n|turn|8\n|\n|t:|1743560119\n|move|p2a: Genesect|U-turn|p1a: Dracovish\n|-damage|p1a: Dracovish|200/321\n|\n|t:|1743560121\n|switch|p2a: Landorus|Landorus, M|320/320|[from] U-turn\n|move|p2b: Kyurem|Dragon Claw|p1a: Dracovish\n|-supereffective|p1a: Dracovish\n|-damage|p1a: Dracovish|0 fnt\n|faint|p1a: Dracovish\n|\n|win|Mattmandaman\n","uploadtime":1743560138,"views":"28","formatid":"gen9doublescustomgame","rating":null,"private":0,"password":null}