{"id":"gen9doublescustomgame-2089942172","format":"[Gen 9] Doubles Custom Game","players":["mistermoscow","smokeydabearrr"],"log":"|j|☆mistermoscow\n|j|☆smokeydabearrr\n|t:|1711502629\n|gametype|doubles\n|player|p1|mistermoscow|alder|\n|player|p2|smokeydabearrr|265|\n|teamsize|p1|6\n|teamsize|p2|6\n|gen|9\n|tier|[Gen 9] Doubles Custom Game\n|clearpoke\n|poke|p1|Pelipper, M|\n|poke|p1|Tapu Koko|\n|poke|p1|Archaludon, M|\n|poke|p1|Iron Bundle|\n|poke|p1|Landorus, M|\n|poke|p1|Basculegion, M|\n|poke|p2|Cresselia, F|\n|poke|p2|Rillaboom, F|\n|poke|p2|Whimsicott, F|\n|poke|p2|Charizard, F|\n|poke|p2|Walking Wake|\n|poke|p2|Gouging Fire|\n|teampreview\n|j| noli_cannoli10\n|j| je64\n|j| mattmandaman\n|\n|t:|1711502678\n|start\n|switch|p1a: Static|Tapu Koko|344/344\n|switch|p1b: Robot Santa|Iron Bundle|253/253\n|switch|p2a: NOT a Dragon|Charizard, F|297/297\n|switch|p2b: WAKE ME UP INSIDE|Walking Wake|339/339\n|-fieldstart|move: Electric Terrain|[from] ability: Electric Surge|[of] p1a: Static\n|-activate|p1b: Robot Santa|ability: Quark Drive\n|-start|p1b: Robot Santa|quarkdrivespe\n|turn|1\n|debug|Quark Drive spe boost\n|debug|Quark Drive spe boost\n|\n|t:|1711502807\n|detailschange|p2a: NOT a Dragon|Charizard-Mega-Y, F\n|-mega|p2a: NOT a Dragon|Charizard|Charizardite Y\n|-weather|SunnyDay|[from] ability: Drought|[of] p2a: NOT a Dragon\n|-activate|p2b: WAKE ME UP INSIDE|ability: Protosynthesis\n|-start|p2b: WAKE ME UP INSIDE|protosynthesisspe\n|debug|Quark Drive spe boost\n|debug|Protosynthesis spe boost\n|debug|Quark Drive spe boost\n|debug|Protosynthesis spe boost\n|move|p2a: NOT a Dragon|Protect|p2a: NOT a Dragon\n|-singleturn|p2a: NOT a Dragon|Protect\n|debug|Quark Drive spe boost\n|debug|Protosynthesis spe boost\n|debug|Quark Drive spe boost\n|debug|Protosynthesis spe boost\n|move|p1b: Robot Santa|Icy Wind|p2b: WAKE ME UP INSIDE|[spread] p2b\n|-activate|p2a: NOT a Dragon|move: Protect\n|debug|Spread modifier: 0.75\n|-damage|p2b: WAKE ME UP INSIDE|264/339\n|-unboost|p2b: WAKE ME UP INSIDE|spe|1\n|debug|Quark Drive spe boost\n|debug|Protosynthesis spe boost\n|debug|Protosynthesis spe boost\n|move|p1a: Static|Volt Switch|p2a: NOT a Dragon\n|-activate|p2a: NOT a Dragon|move: Protect\n|debug|Quark Drive spe boost\n|debug|Protosynthesis spe boost\n|debug|Protosynthesis spe boost\n|move|p2b: WAKE ME UP INSIDE|Draco Meteor|p1b: Robot Santa\n|-damage|p1b: Robot Santa|0 fnt\n|-unboost|p2b: WAKE ME UP INSIDE|spa|2\n|faint|p1b: Robot Santa\n|-end|p1b: Robot Santa|Quark Drive|[silent]\n|-damage|p2b: WAKE ME UP INSIDE|231/339|[from] item: Life Orb\n|\n|debug|Protosynthesis spe boost\n|-weather|SunnyDay|[upkeep]\n|upkeep\n|debug|Protosynthesis spe boost\n|\n|t:|1711502880\n|switch|p1b: Jonathan|Pelipper, M|324/324\n|-weather|RainDance|[from] ability: Drizzle|[of] p1b: Jonathan\n|-end|p2b: WAKE ME UP INSIDE|Protosynthesis\n|turn|2\n|\n|t:|1711502937\n|switch|p1a: Death Fish|Basculegion, M|381/381\n|switch|p2a: Boom Boom Pow|Rillaboom, F|341/341\n|-fieldstart|move: Grassy Terrain|[from] ability: Grassy Surge|[of] p2a: Boom Boom Pow\n|move|p2b: WAKE ME UP INSIDE|Draco Meteor|p1b: Jonathan\n|-damage|p1b: Jonathan|191/324\n|-unboost|p2b: WAKE ME UP INSIDE|spa|2\n|-damage|p2b: WAKE ME UP INSIDE|198/339|[from] item: Life Orb\n|move|p1b: Jonathan|Muddy Water|p2a: Boom Boom Pow|[spread] p2b\n|-miss|p1b: Jonathan|p2a: Boom Boom Pow\n|debug|Spread modifier: 0.75\n|debug|rain water boost\n|-resisted|p2b: WAKE ME UP INSIDE\n|-damage|p2b: WAKE ME UP INSIDE|165/339\n|\n|-weather|RainDance|[upkeep]\n|-heal|p2b: WAKE ME UP INSIDE|186/339|[from] Grassy Terrain\n|debug|Pokemon semi-invuln or not grounded; Grassy Terrain skipped\n|upkeep\n|turn|3\n|\n|t:|1711503022\n|-end|p2b: WAKE ME UP INSIDE|Protosynthesis|[silent]\n|switch|p2b: NOT a Dragon|Charizard-Mega-Y, F|297/297\n|-weather|SunnyDay|[from] ability: Drought|[of] p2b: NOT a Dragon\n|move|p1a: Death Fish|Protect|p1a: Death Fish\n|-singleturn|p1a: Death Fish|Protect\n|move|p2a: Boom Boom Pow|Fake Out|p1b: Jonathan\n|-damage|p1b: Jonathan|144/324\n|cant|p1b: Jonathan|flinch\n|\n|-weather|SunnyDay|[upkeep]\n|debug|Pokemon semi-invuln or not grounded; Grassy Terrain skipped\n|debug|Pokemon semi-invuln or not grounded; Grassy Terrain skipped\n|upkeep\n|turn|4\n|\n|t:|1711503059\n|switch|p1a: Static|Tapu Koko|344/344\n|-fieldstart|move: Electric Terrain|[from] ability: Electric Surge|[of] p1a: Static\n|switch|p1b: God|Landorus, M|319/319\n|move|p2b: NOT a Dragon|Heat Wave|p1b: God|[spread] p1a,p1b\n|debug|Spread modifier: 0.75\n|debug|Sunny Day fire boost\n|debug|Spread modifier: 0.75\n|debug|Sunny Day fire boost\n|-damage|p1a: Static|83/344\n|-damage|p1b: God|55/319\n|move|p2a: Boom Boom Pow|U-turn|p1a: Static\n|-resisted|p1a: Static\n|-damage|p1a: Static|29/344\n|\n|t:|1711503072\n|switch|p2a: Scott|Whimsicott, F|261/261|[from] U-turn\n|\n|-weather|SunnyDay|[upkeep]\n|upkeep\n|turn|5\n|\n|t:|1711503094\n|switch|p1a: Jonathan|Pelipper, M|144/324\n|-weather|RainDance|[from] ability: Drizzle|[of] p1a: Jonathan\n|move|p2a: Scott|Tailwind|p2a: Scott\n|-sidestart|p2: smokeydabearrr|move: Tailwind\n|move|p2b: NOT a Dragon|Heat Wave|p1b: God|[spread] p1a,p1b\n|debug|Spread modifier: 0.75\n|debug|rain fire suppress\n|-resisted|p1a: Jonathan\n|debug|Spread modifier: 0.75\n|debug|rain fire suppress\n|-damage|p1a: Jonathan|114/324\n|-damage|p1b: God|0 fnt\n|faint|p1b: God\n|\n|-weather|RainDance|[upkeep]\n|upkeep\n|\n|t:|1711503118\n|switch|p1b: Death Fish|Basculegion, M|381/381\n|turn|6\n|c| noli_cannoli10|woooooo\n|c| je64|woooooo hoooooo\n|c|☆smokeydabearrr|🕺🕺🕺🕺\n|c| noli_cannoli10|yahooo just drink it\n|\n|t:|1711503225\n|move|p2b: NOT a Dragon|Protect|p2b: NOT a Dragon\n|-singleturn|p2b: NOT a Dragon|Protect\n|move|p1b: Death Fish|Protect|p1b: Death Fish\n|-singleturn|p1b: Death Fish|Protect\n|move|p2a: Scott|Moonblast|p1a: Jonathan\n|-damage|p1a: Jonathan|0 fnt\n|faint|p1a: Jonathan\n|\n|-weather|RainDance|[upkeep]\n|upkeep\n|\n|t:|1711503238\n|switch|p1a: Static|Tapu Koko|29/344\n|turn|7\n|\n|t:|1711503277\n|switch|p1a: Archie|Archaludon, M|384/384\n|move|p1b: Death Fish|Aqua Jet|p2b: NOT a Dragon\n|debug|rain water boost\n|-supereffective|p2b: NOT a Dragon\n|-damage|p2b: NOT a Dragon|0 fnt\n|faint|p2b: NOT a Dragon\n|move|p2a: Scott|Moonblast|p1b: Death Fish\n|-crit|p1b: Death Fish\n|-damage|p1b: Death Fish|123/381\n|\n|-weather|RainDance|[upkeep]\n|upkeep\n|\n|t:|1711503307\n|switch|p2b: Vag??|Cresselia, F|440/440\n|turn|8\n|\n|t:|1711503325\n|switch|p1a: Static|Tapu Koko|29/344\n|move|p2a: Scott|Protect|p2a: Scott\n|-singleturn|p2a: Scott|Protect\n|move|p1b: Death Fish|Protect|p1b: Death Fish\n|-singleturn|p1b: Death Fish|Protect\n|move|p2b: Vag??|Toxic|p1b: Death Fish\n|-activate|p1b: Death Fish|move: Protect\n|\n|-weather|RainDance|[upkeep]\n|-sideend|p2: smokeydabearrr|move: Tailwind\n|-fieldend|move: Electric Terrain\n|upkeep\n|turn|9\n|\n|t:|1711503384\n|move|p2a: Scott|Tailwind|p2a: Scott\n|-sidestart|p2: smokeydabearrr|move: Tailwind\n|move|p1a: Static|Volt Switch|p2a: Scott\n|-resisted|p2a: Scott\n|-damage|p2a: Scott|209/261\n|\n|t:|1711503389\n|switch|p1a: Archie|Archaludon, M|384/384|[from] Volt Switch\n|move|p1b: Death Fish|Last Respects|p2a: Scott\n|-damage|p2a: Scott|0 fnt\n|faint|p2a: Scott\n|move|p2b: Vag??|Thunder Wave|p1b: Death Fish\n|-status|p1b: Death Fish|par\n|\n|-weather|RainDance|[upkeep]\n|upkeep\n|\n|t:|1711503462\n|switch|p2a: WAKE ME UP INSIDE|Walking Wake|186/339\n|turn|10\n|\n|t:|1711503526\n|switch|p1b: Static|Tapu Koko|29/344\n|-fieldstart|move: Electric Terrain|[from] ability: Electric Surge|[of] p1b: Static\n|move|p2a: WAKE ME UP INSIDE|Snarl|p1a: Archie|[spread] p1a,p1b\n|debug|Spread modifier: 0.75\n|debug|Spread modifier: 0.75\n|-resisted|p1b: Static\n|-damage|p1a: Archie|342/384\n|-damage|p1b: Static|0 fnt\n|-unboost|p1a: Archie|spa|1\n|-ability|p1a: Archie|Stamina|boost\n|-boost|p1a: Archie|def|1\n|faint|p1b: Static\n|-damage|p2a: WAKE ME UP INSIDE|153/339|[from] item: Life Orb\n|move|p2b: Vag??|Thunder Wave|p1a: Archie\n|-status|p1a: Archie|par\n|move|p1a: Archie|Electro Shot||[still]\n|-prepare|p1a: Archie|Electro Shot\n|-boost|p1a: Archie|spa|1\n|-anim|p1a: Archie|Electro Shot|p2a: WAKE ME UP INSIDE\n|debug|electric terrain boost\n|-damage|p2a: WAKE ME UP INSIDE|0 fnt\n|faint|p2a: WAKE ME UP INSIDE\n|-end|p2a: WAKE ME UP INSIDE|Protosynthesis|[silent]\n|\n|-weather|RainDance|[upkeep]\n|upkeep\n|\n|t:|1711503557\n|switch|p1b: Death Fish|Basculegion, M|123/381 par\n|switch|p2a: Boom Boom Pow|Rillaboom, F|341/341\n|-fieldstart|move: Grassy Terrain|[from] ability: Grassy Surge|[of] p2a: Boom Boom Pow\n|turn|11\n|\n|t:|1711503634\n|-terastallize|p1a: Archie|Fighting\n|move|p1b: Death Fish|Protect|p1b: Death Fish\n|-singleturn|p1b: Death Fish|Protect\n|move|p2b: Vag??|Ally Switch|p2b: Vag??\n|swap|p2b: Vag??|0|[from] move: Ally Switch\n|move|p2b: Boom Boom Pow|High Horsepower|p1a: Archie\n|-damage|p1a: Archie|275/384 par\n|-ability|p1a: Archie|Stamina|boost\n|-boost|p1a: Archie|def|1\n|move|p1a: Archie|Body Press|p2a: Vag??\n|-resisted|p2a: Vag??\n|-damage|p2a: Vag??|347/440\n|\n|-weather|RainDance|[upkeep]\n|debug|Pokemon semi-invuln or not grounded; Grassy Terrain skipped\n|-heal|p2a: Vag??|374/440|[from] item: Leftovers\n|-heal|p1b: Death Fish|146/381 par|[from] Grassy Terrain\n|-heal|p1a: Archie|299/384 par|[from] Grassy Terrain\n|upkeep\n|turn|12\n|\n|t:|1711503679\n|move|p2b: Boom Boom Pow|Grassy Glide|p1b: Death Fish\n|debug|grassy terrain boost\n|-supereffective|p1b: Death Fish\n|-damage|p1b: Death Fish|0 fnt\n|faint|p1b: Death Fish\n|move|p2a: Vag??|Lunar Blessing|p2a: Vag??|[spread] p2a,p2b\n|-heal|p2a: Vag??|440/440\n|move|p1a: Archie|Body Press|p2b: Boom Boom Pow\n|-damage|p2b: Boom Boom Pow|134/341\n|\n|-weather|none\n|-heal|p2b: Boom Boom Pow|155/341|[from] Grassy Terrain\n|debug|Pokemon semi-invuln or not grounded; Grassy Terrain skipped\n|-heal|p1a: Archie|323/384 par|[from] Grassy Terrain\n|-sideend|p2: smokeydabearrr|move: Tailwind\n|upkeep\n|turn|13\n|\n|t:|1711503770\n|-terastallize|p2b: Boom Boom Pow|Grass\n|move|p2a: Vag??|Ally Switch|p2a: Vag??\n|swap|p2a: Vag??|1|[from] move: Ally Switch\n|move|p2a: Boom Boom Pow|Grassy Glide|p1a: Archie\n|debug|grassy terrain boost\n|-damage|p1a: Archie|245/384 par\n|-ability|p1a: Archie|Stamina|boost\n|-boost|p1a: Archie|def|1\n|move|p1a: Archie|Body Press|p2b: Vag??\n|-resisted|p2b: Vag??\n|-crit|p2b: Vag??\n|-damage|p2b: Vag??|265/440\n|\n|debug|Pokemon semi-invuln or not grounded; Grassy Terrain skipped\n|-heal|p2a: Boom Boom Pow|176/341|[from] Grassy Terrain\n|-heal|p2b: Vag??|292/440|[from] item: Leftovers\n|-heal|p1a: Archie|269/384 par|[from] Grassy Terrain\n|upkeep\n|turn|14\n|\n|t:|1711503809\n|move|p2a: Boom Boom Pow|Grassy Glide|p1a: Archie\n|debug|grassy terrain boost\n|-damage|p1a: Archie|211/384 par\n|-ability|p1a: Archie|Stamina|boost\n|-boost|p1a: Archie|def|1\n|move|p2b: Vag??|Lunar Blessing|p2b: Vag??|[spread] p2a,p2b\n|-heal|p2a: Boom Boom Pow|261/341\n|-heal|p2b: Vag??|402/440\n|cant|p1a: Archie|par\n|\n|-heal|p2a: Boom Boom Pow|282/341|[from] Grassy Terrain\n|debug|Pokemon semi-invuln or not grounded; Grassy Terrain skipped\n|-heal|p2b: Vag??|429/440|[from] item: Leftovers\n|-heal|p1a: Archie|235/384 par|[from] Grassy Terrain\n|upkeep\n|turn|15\n|\n|t:|1711503850\n|move|p2b: Vag??|Ally Switch|p2b: Vag??\n|swap|p2b: Vag??|0|[from] move: Ally Switch\n|move|p2b: Boom Boom Pow|Grassy Glide|p1a: Archie\n|debug|grassy terrain boost\n|-damage|p1a: Archie|189/384 par\n|-ability|p1a: Archie|Stamina|boost\n|-boost|p1a: Archie|def|1\n|move|p1a: Archie|Body Press|p2a: Vag??\n|-resisted|p2a: Vag??\n|-damage|p2a: Vag??|282/440\n|\n|-heal|p2b: Boom Boom Pow|303/341|[from] Grassy Terrain\n|debug|Pokemon semi-invuln or not grounded; Grassy Terrain skipped\n|-heal|p2a: Vag??|309/440|[from] item: Leftovers\n|-heal|p1a: Archie|213/384 par|[from] Grassy Terrain\n|-fieldend|move: Grassy Terrain\n|upkeep\n|turn|16\n|\n|t:|1711503879\n|move|p2b: Boom Boom Pow|High Horsepower|p1a: Archie\n|-damage|p1a: Archie|185/384 par\n|-ability|p1a: Archie|Stamina|boost\n|-boost|p1a: Archie|def|1\n|move|p2a: Vag??|Lunar Blessing|p2a: Vag??|[spread] p2a,p2b\n|-heal|p2a: Vag??|419/440\n|-heal|p2b: Boom Boom Pow|341/341\n|move|p1a: Archie|Body Press|p2b: Boom Boom Pow\n|-damage|p2b: Boom Boom Pow|0 fnt\n|faint|p2b: Boom Boom Pow\n|\n|-heal|p2a: Vag??|440/440|[from] item: Leftovers\n|upkeep\n|\n|t:|1711503894\n|switch|p2b: Fiyaaa Muffin|Gouging Fire|351/351\n|turn|17\n|\n|t:|1711503912\n|move|p2a: Vag??|Ally Switch|p2a: Vag??\n|swap|p2a: Vag??|1|[from] move: Ally Switch\n|move|p2a: Fiyaaa Muffin|Heat Crash|p1a: Archie\n|debug|BP: 120\n|-damage|p1a: Archie|149/384 par\n|move|p1a: Archie|Body Press|p2a: Fiyaaa Muffin\n|-damage|p2a: Fiyaaa Muffin|0 fnt\n|faint|p2a: Fiyaaa Muffin\n|-end|p2a: Fiyaaa Muffin|Protosynthesis|[silent]\n|\n|upkeep\n|turn|18\n|\n|t:|1711503922\n|move|p2b: Vag??|Lunar Blessing||[still]\n|-fail|p2b: Vag??\n|debug|move failed because it did nothing\n|move|p1a: Archie|Body Press|p2b: Vag??\n|-resisted|p2b: Vag??\n|-damage|p2b: Vag??|271/440\n|\n|-heal|p2b: Vag??|298/440|[from] item: Leftovers\n|upkeep\n|turn|19\n|\n|t:|1711503932\n|move|p2b: Vag??|Lunar Blessing|p2b: Vag??\n|-heal|p2b: Vag??|408/440\n|cant|p1a: Archie|par\n|\n|-heal|p2b: Vag??|435/440|[from] item: Leftovers\n|upkeep\n|turn|20\n|\n|t:|1711503963\n|move|p2b: Vag??|Toxic|p1a: Archie|[miss]\n|-miss|p2b: Vag??|p1a: Archie\n|move|p1a: Archie|Body Press|p2b: Vag??\n|-resisted|p2b: Vag??\n|-damage|p2b: Vag??|245/440\n|\n|-heal|p2b: Vag??|272/440|[from] item: Leftovers\n|upkeep\n|turn|21\n|\n|t:|1711503985\n|move|p2b: Vag??|Lunar Blessing|p2b: Vag??\n|-heal|p2b: Vag??|382/440\n|move|p1a: Archie|Electro Shot||[still]\n|-prepare|p1a: Archie|Electro Shot\n|-boost|p1a: Archie|spa|1\n|\n|-heal|p2b: Vag??|409/440|[from] item: Leftovers\n|upkeep\n|turn|22\n|\n|t:|1711503995\n|move|p2b: Vag??|Toxic||[still]\n|-fail|p2b: Vag??\n|debug|move failed because it did nothing\n|move|p1a: Archie|Electro Shot|p2b: Vag??|[from]lockedmove\n|-damage|p2b: Vag??|272/440\n|\n|-heal|p2b: Vag??|299/440|[from] item: Leftovers\n|upkeep\n|turn|23\n|\n|t:|1711504004\n|move|p2b: Vag??|Ally Switch||[still]\n|-fail|p2b: Vag??|move: Ally Switch\n|debug|move failed because it did nothing\n|move|p1a: Archie|Electro Shot||[still]\n|-prepare|p1a: Archie|Electro Shot\n|-boost|p1a: Archie|spa|1\n|\n|-heal|p2b: Vag??|326/440|[from] item: Leftovers\n|upkeep\n|turn|24\n|\n|t:|1711504012\n|move|p2b: Vag??|Lunar Blessing|p2b: Vag??\n|-heal|p2b: Vag??|436/440\n|move|p1a: Archie|Electro Shot|p2b: Vag??|[from]lockedmove\n|-damage|p2b: Vag??|261/440\n|\n|-heal|p2b: Vag??|288/440|[from] item: Leftovers\n|upkeep\n|turn|25\n|\n|t:|1711504023\n|move|p2b: Vag??|Lunar Blessing|p2b: Vag??\n|-heal|p2b: Vag??|398/440\n|move|p1a: Archie|Electro Shot||[still]\n|-prepare|p1a: Archie|Electro Shot\n|-boost|p1a: Archie|spa|1\n|\n|-heal|p2b: Vag??|425/440|[from] item: Leftovers\n|upkeep\n|turn|26\n|\n|t:|1711504031\n|move|p2b: Vag??|Thunder Wave|p1a: Archie\n|-fail|p1a: Archie|par\n|debug|move failed because it did nothing\n|move|p1a: Archie|Electro Shot|p2b: Vag??|[from]lockedmove\n|-damage|p2b: Vag??|204/440\n|\n|-heal|p2b: Vag??|231/440|[from] item: Leftovers\n|upkeep\n|turn|27\n|\n|t:|1711504044\n|move|p2b: Vag??|Thunder Wave|p1a: Archie\n|-fail|p1a: Archie|par\n|debug|move failed because it did nothing\n|move|p1a: Archie|Snarl|p2b: Vag??\n|-supereffective|p2b: Vag??\n|-damage|p2b: Vag??|41/440\n|-unboost|p2b: Vag??|spa|1\n|\n|-heal|p2b: Vag??|68/440|[from] item: Leftovers\n|upkeep\n|turn|28\n|\n|t:|1711504054\n|move|p2b: Vag??|Ally Switch||[still]\n|-fail|p2b: Vag??|move: Ally Switch\n|debug|move failed because it did nothing\n|cant|p1a: Archie|par\n|\n|-heal|p2b: Vag??|95/440|[from] item: Leftovers\n|upkeep\n|turn|29\n|\n|t:|1711504070\n|move|p2b: Vag??|Ally Switch||[still]\n|debug|Ally Switch success chance: 33%\n|-fail|p2b: Vag??\n|move|p1a: Archie|Snarl|p2b: Vag??\n|-supereffective|p2b: Vag??\n|-damage|p2b: Vag??|0 fnt\n|faint|p2b: Vag??\n|\n|win|mistermoscow\n","uploadtime":1711504077,"views":"20","formatid":"gen9doublescustomgame","rating":null,"private":0,"password":null}