{"id":"gen9doublescustomgame-2119319364","format":"[Gen 9] Doubles Custom Game","players":["je64","mattmandaman"],"log":"|j|☆je64\n|j|☆mattmandaman\n|t:|1715037571\n|gametype|doubles\n|player|p1|je64|170|\n|player|p2|mattmandaman|giovanni|\n|teamsize|p1|6\n|teamsize|p2|6\n|gen|9\n|tier|[Gen 9] Doubles Custom Game\n|clearpoke\n|poke|p1|Salamence, M|\n|poke|p1|Ursaluna-Bloodmoon, M|\n|poke|p1|Chi-Yu|\n|poke|p1|Flutter Mane|\n|poke|p1|Great Tusk|\n|poke|p1|Baxcalibur, F|\n|poke|p2|Indeedee-F, F|\n|poke|p2|Deoxys-Attack|\n|poke|p2|Ting-Lu|\n|poke|p2|Kangaskhan, F|\n|poke|p2|Diancie|\n|poke|p2|Marshadow|\n|teampreview\n|j| mistermoscow\n|\n|t:|1715037622\n|start\n|switch|p1a: Baxcalibur|Baxcalibur, F|371/371\n|switch|p1b: Great Tusk|Great Tusk|434/434\n|switch|p2a: Ting-Lu|Ting-Lu|514/514\n|switch|p2b: Kangaskhan|Kangaskhan, F|352/352\n|-ability|p2a: Ting-Lu|Vessel of Ruin\n|turn|1\n|\n|t:|1715037657\n|detailschange|p2b: Kangaskhan|Kangaskhan-Mega, F\n|-mega|p2b: Kangaskhan|Kangaskhan|Kangaskhanite\n|move|p2b: Kangaskhan|Fake Out|p1a: Baxcalibur\n|-damage|p1a: Baxcalibur|295/371\n|debug|Parental Bond modifier: 0.25\n|-damage|p1a: Baxcalibur|276/371\n|debug|move failed because it did nothing\n|-hitcount|p1a: Baxcalibur|2\n|cant|p1a: Baxcalibur|flinch\n|move|p1b: Great Tusk|Close Combat|p2a: Ting-Lu\n|-supereffective|p2a: Ting-Lu\n|-damage|p2a: Ting-Lu|69/514\n|-unboost|p1b: Great Tusk|def|1\n|-unboost|p1b: Great Tusk|spd|1\n|-damage|p1b: Great Tusk|391/434|[from] item: Life Orb\n|move|p2a: Ting-Lu|Stealth Rock|p1b: Great Tusk\n|-sidestart|p1: je64|move: Stealth Rock\n|\n|upkeep\n|turn|2\n|j| Mango Meloetta\n|c| Mango Meloetta|OH IT IS AWN\n|c| Mango Meloetta|TING LU\n|c|☆mattmandaman|oh shitt\n|c| Mango Meloetta|more like\n|\n|t:|1715037727\n|move|p1a: Baxcalibur|Ice Shard|p2a: Ting-Lu\n|-supereffective|p2a: Ting-Lu\n|-damage|p2a: Ting-Lu|0 fnt\n|faint|p2a: Ting-Lu\n|move|p2b: Kangaskhan|Return|p1b: Great Tusk\n|-damage|p1b: Great Tusk|187/434\n|debug|Parental Bond modifier: 0.25\n|-damage|p1b: Great Tusk|138/434\n|-hitcount|p1b: Great Tusk|2\n|move|p1b: Great Tusk|Close Combat|p2b: Kangaskhan\n|-supereffective|p2b: Kangaskhan\n|-damage|p2b: Kangaskhan|0 fnt\n|-unboost|p1b: Great Tusk|def|1\n|-unboost|p1b: Great Tusk|spd|1\n|faint|p2b: Kangaskhan\n|-damage|p1b: Great Tusk|95/434|[from] item: Life Orb\n|\n|upkeep\n|c| Mango Meloetta|STING YOU\n|\n|t:|1715037741\n|switch|p2b: Indeedee|Indeedee-F, F|344/344\n|switch|p2a: Deoxys|Deoxys-Attack|241/241\n|-ability|p2a: Deoxys|Pressure\n|-fieldstart|move: Psychic Terrain|[from] ability: Psychic Surge|[of] p2b: Indeedee\n|turn|3\n|c| mistermoscow|#bandeoxys\n|\n|t:|1715037770\n|switch|p2b: Marshadow|Marshadow|322/322\n|-terastallize|p2a: Deoxys|Psychic\n|move|p2a: Deoxys|Expanding Force|p1b: Great Tusk|[spread] p1a,p1b\n|debug|psychic terrain boost\n|debug|terrain buff\n|debug|Spread modifier: 0.75\n|debug|psychic terrain boost\n|debug|terrain buff\n|debug|Spread modifier: 0.75\n|-supereffective|p1b: Great Tusk\n|-damage|p1a: Baxcalibur|0 fnt\n|-damage|p1b: Great Tusk|0 fnt\n|faint|p1a: Baxcalibur\n|faint|p1b: Great Tusk\n|-end|p1b: Great Tusk|Protosynthesis|[silent]\n|\n|upkeep\n|c| mistermoscow|#andalsomarshadow\n|c| Mango Meloetta|lmaoo\n|\n|t:|1715037890\n|switch|p1a: Shi-Yu In Hell|Chi-Yu|252/252\n|switch|p1b: Salamence|Salamence, M|331/331\n|-damage|p1a: Shi-Yu In Hell|189/252|[from] Stealth Rock\n|-ability|p1a: Shi-Yu In Hell|Beads of Ruin\n|-damage|p1b: Salamence|249/331|[from] Stealth Rock\n|-ability|p1b: Salamence|Intimidate|boost\n|-unboost|p2a: Deoxys|atk|1\n|-unboost|p2b: Marshadow|atk|1\n|turn|4\n|\n|t:|1715037920\n|detailschange|p1b: Salamence|Salamence-Mega, M\n|-mega|p1b: Salamence|Salamence|Salamencite\n|move|p1a: Shi-Yu In Hell|Heat Wave|p2a: Deoxys|[spread] p2a,p2b\n|debug|Beads of Ruin SpD drop\n|debug|Spread modifier: 0.75\n|debug|Beads of Ruin SpD drop\n|debug|Spread modifier: 0.75\n|-enditem|p2a: Deoxys|Focus Sash\n|-damage|p2a: Deoxys|1/241\n|-damage|p2b: Marshadow|199/322\n|move|p2a: Deoxys|Expanding Force|p1b: Salamence|[spread] p1b\n|-immune|p1a: Shi-Yu In Hell\n|debug|psychic terrain boost\n|debug|terrain buff\n|debug|Beads of Ruin SpD drop\n|debug|Spread modifier: 0.75\n|-damage|p1b: Salamence|0 fnt\n|faint|p1b: Salamence\n|move|p2b: Marshadow|Drain Punch|p1a: Shi-Yu In Hell\n|debug|Base Power: 75\n|-supereffective|p1a: Shi-Yu In Hell\n|-damage|p1a: Shi-Yu In Hell|0 fnt\n|-heal|p2b: Marshadow|294/322|[from] drain|[of] p1a: Shi-Yu In Hell\n|faint|p1a: Shi-Yu In Hell\n|\n|upkeep\n|\n|t:|1715037934\n|switch|p1b: Gucci Mane|Flutter Mane|252/252\n|switch|p1a: Yāoguài 妖怪|Ursaluna-Bloodmoon, M|430/430\n|-damage|p1b: Gucci Mane|221/252|[from] Stealth Rock\n|-damage|p1a: Yāoguài 妖怪|404/430|[from] Stealth Rock\n|-enditem|p1b: Gucci Mane|Booster Energy\n|-activate|p1b: Gucci Mane|ability: Protosynthesis|[fromitem]\n|-start|p1b: Gucci Mane|protosynthesisspe\n|turn|5\n|j| Metagross 6000\n|l| Metagross 6000\n|debug|Protosynthesis spe boost\n|debug|Protosynthesis spe boost\n|debug|Protosynthesis spe boost\n|\n|t:|1715037961\n|-terastallize|p1b: Gucci Mane|Fairy\n|debug|Protosynthesis spe boost\n|debug|Protosynthesis spe boost\n|move|p2a: Deoxys|Protect|p2a: Deoxys\n|-singleturn|p2a: Deoxys|Protect\n|debug|Protosynthesis spe boost\n|debug|Protosynthesis spe boost\n|move|p1b: Gucci Mane|Dazzling Gleam|p2b: Marshadow|[spread] p2b\n|-activate|p2a: Deoxys|move: Protect\n|debug|Spread modifier: 0.75\n|-supereffective|p2b: Marshadow\n|-damage|p2b: Marshadow|90/322\n|debug|Protosynthesis spe boost\n|move|p2b: Marshadow|Spectral Thief|p1b: Gucci Mane\n|debug|Base Power: 90\n|-damage|p1b: Gucci Mane|58/252\n|debug|Protosynthesis spe boost\n|move|p1a: Yāoguài 妖怪|Hyper Voice|p2a: Deoxys|[spread] p2b\n|-activate|p2a: Deoxys|move: Protect\n|debug|Spread modifier: 0.75\n|-damage|p2b: Marshadow|0 fnt\n|faint|p2b: Marshadow\n|-enditem|p1a: Yāoguài 妖怪|Throat Spray\n|-boost|p1a: Yāoguài 妖怪|spa|1|[from] item: Throat Spray\n|\n|debug|Protosynthesis spe boost\n|upkeep\n|debug|Protosynthesis spe boost\n|\n|t:|1715037986\n|switch|p2b: Diancie|Diancie|304/304\n|turn|6\n|debug|Protosynthesis spe boost\n|debug|Protosynthesis spe boost\n|\n|t:|1715038018\n|debug|Protosynthesis spe boost\n|debug|Protosynthesis spe boost\n|move|p2a: Deoxys|Protect|p2a: Deoxys\n|debug|Success chance: 33%\n|-singleturn|p2a: Deoxys|Protect\n|debug|Protosynthesis spe boost\n|debug|Protosynthesis spe boost\n|move|p1b: Gucci Mane|Dazzling Gleam|p2b: Diancie|[spread] p2b\n|-activate|p2a: Deoxys|move: Protect\n|debug|Spread modifier: 0.75\n|-damage|p2b: Diancie|200/304\n|debug|Protosynthesis spe boost\n|move|p1a: Yāoguài 妖怪|Earth Power|p2b: Diancie\n|-supereffective|p2b: Diancie\n|-damage|p2b: Diancie|0 fnt\n|faint|p2b: Diancie\n|debug|Protosynthesis spe boost\n|\n|debug|Protosynthesis spe boost\n|upkeep\n|debug|Protosynthesis spe boost\n|\n|t:|1715038030\n|switch|p2b: Indeedee|Indeedee-F, F|344/344\n|turn|7\n|debug|Protosynthesis spe boost\n|debug|Protosynthesis spe boost\n|\n|t:|1715038094\n|debug|Protosynthesis spe boost\n|debug|Protosynthesis spe boost\n|move|p1b: Gucci Mane|Dazzling Gleam|p2a: Deoxys|[spread] p2a,p2b\n|debug|Spread modifier: 0.75\n|debug|Spread modifier: 0.75\n|-damage|p2a: Deoxys|0 fnt\n|-damage|p2b: Indeedee|208/344\n|faint|p2a: Deoxys\n|debug|Protosynthesis spe boost\n|move|p2b: Indeedee|Expanding Force|p1b: Gucci Mane|[spread] p1a,p1b\n|debug|psychic terrain boost\n|debug|terrain buff\n|debug|Spread modifier: 0.75\n|debug|psychic terrain boost\n|debug|terrain buff\n|debug|Spread modifier: 0.75\n|-damage|p1a: Yāoguài 妖怪|218/430\n|-damage|p1b: Gucci Mane|0 fnt\n|faint|p1b: Gucci Mane\n|-end|p1b: Gucci Mane|Protosynthesis|[silent]\n|move|p1a: Yāoguài 妖怪|Hyper Voice|p2b: Indeedee\n|-damage|p2b: Indeedee|0 fnt\n|faint|p2b: Indeedee\n|debug|AfterMoveSecondary handler suppressed by Embargo, Klutz or Magic Room\n|\n|win|je64\n","uploadtime":1715038110,"views":"26","formatid":"gen9doublescustomgame","rating":null,"private":0,"password":null}