{"id":"gen9doublescustomgame-2297063546","format":"[Gen 9] Doubles Custom Game","players":["je64","noli_cannoli10"],"log":"|j|☆je64\n|j|☆noli_cannoli10\n|t:|1739053583\n|gametype|doubles\n|player|p1|je64|102|\n|player|p2|noli_cannoli10|2|\n|teamsize|p1|6\n|teamsize|p2|6\n|gen|9\n|tier|[Gen 9] Doubles Custom Game\n|clearpoke\n|poke|p1|Dugtrio, F|\n|poke|p1|Dewgong, F|\n|poke|p1|Exeggutor, M|\n|poke|p1|Electabuzz, M|\n|poke|p1|Magmar, F|\n|poke|p1|Venomoth, F|\n|poke|p2|Moltres|\n|poke|p2|Venusaur, M|\n|poke|p2|Flareon, F|\n|poke|p2|Machamp, F|\n|poke|p2|Primeape, M|\n|poke|p2|Scyther, M|\n|teampreview\n|j| mistermoscow\n|j| Mattmandaman\n|\n|t:|1739053624\n|start\n|switch|p1a: Buzz Lightyear|Electabuzz, M|334/334\n|switch|p1b: Venomoth|Venomoth, F|281/281\n|switch|p2a: shiny or no?|Scyther, M, shiny|343/343\n|switch|p2b: orgy champ|Machamp, F|321/321\n|turn|1\n|\n|t:|1739053710\n|move|p1a: Buzz Lightyear|Follow Me|p1a: Buzz Lightyear\n|-singleturn|p1a: Buzz Lightyear|move: Follow Me\n|move|p2a: shiny or no?|Tailwind|p2a: shiny or no?\n|-sidestart|p2: noli_cannoli10|move: Tailwind\n|move|p2b: orgy champ|Knock Off|p1a: Buzz Lightyear\n|debug|Follow Me redirected target of move\n|-damage|p1a: Buzz Lightyear|182/334\n|-enditem|p1a: Buzz Lightyear|Eviolite|[from] move: Knock Off|[of] p2b: orgy champ\n|move|p1b: Venomoth|Quiver Dance|p1b: Venomoth\n|-boost|p1b: Venomoth|spa|1\n|-boost|p1b: Venomoth|spd|1\n|-boost|p1b: Venomoth|spe|1\n|\n|upkeep\n|turn|2\n|\n|t:|1739053738\n|move|p2a: shiny or no?|Light Screen|p2a: shiny or no?\n|-sidestart|p2: noli_cannoli10|move: Light Screen\n|move|p2b: orgy champ|Knock Off|p1b: Venomoth\n|-damage|p1b: Venomoth|4/281\n|-enditem|p1b: Venomoth|Throat Spray|[from] move: Knock Off|[of] p2b: orgy champ\n|move|p1b: Venomoth|Bug Buzz|p2b: orgy champ\n|-resisted|p2b: orgy champ\n|debug|Tinted Lens boost\n|debug|Light Screen weaken\n|-damage|p2b: orgy champ|153/321\n|-unboost|p2b: orgy champ|spd|1\n|move|p1a: Buzz Lightyear|Volt Switch|p2a: shiny or no?\n|-supereffective|p2a: shiny or no?\n|debug|Light Screen weaken\n|-damage|p2a: shiny or no?|219/343\n|\n|t:|1739053768\n|switch|p1a: Dude Thong|Dewgong, F|384/384|[from] Volt Switch\n|\n|upkeep\n|turn|3\n|\n|t:|1739053815\n|move|p1a: Dude Thong|Fake Out|p2b: orgy champ\n|-damage|p2b: orgy champ|124/321\n|move|p2a: shiny or no?|Sunny Day|p2a: shiny or no?\n|-weather|SunnyDay\n|move|p1b: Venomoth|Bug Buzz|p2b: orgy champ\n|-resisted|p2b: orgy champ\n|debug|Tinted Lens boost\n|debug|Light Screen weaken\n|-damage|p2b: orgy champ|0 fnt\n|faint|p2b: orgy champ\n|\n|-weather|SunnyDay|[upkeep]\n|upkeep\n|\n|t:|1739053828\n|switch|p2b: mad toad|Venusaur, M|301/301\n|turn|4\n|\n|t:|1739053852\n|move|p1b: Venomoth|Protect|p1b: Venomoth\n|-singleturn|p1b: Venomoth|Protect\n|move|p2b: mad toad|Solar Beam||[still]\n|-prepare|p2b: mad toad|Solar Beam\n|-anim|p2b: mad toad|Solar Beam|p1a: Dude Thong\n|-supereffective|p1a: Dude Thong\n|-damage|p1a: Dude Thong|100/384\n|move|p2a: shiny or no?|Night Slash|p1b: Venomoth\n|-activate|p1b: Venomoth|move: Protect\n|move|p1a: Dude Thong|Triple Axel|p2a: shiny or no?\n|-supereffective|p2a: shiny or no?\n|-damage|p2a: shiny or no?|175/343\n|-supereffective|p2a: shiny or no?\n|-damage|p2a: shiny or no?|83/343\n|-supereffective|p2a: shiny or no?\n|-damage|p2a: shiny or no?|0 fnt\n|faint|p2a: shiny or no?\n|-hitcount|p2: shiny or no?|3\n|\n|-weather|SunnyDay|[upkeep]\n|-sideend|p2: noli_cannoli10|move: Tailwind\n|upkeep\n|\n|t:|1739053870\n|switch|p2a: Mr. Slave|Primeape, M|271/271\n|turn|5\n|\n|t:|1739053887\n|move|p2b: mad toad|Solar Beam||[still]\n|-prepare|p2b: mad toad|Solar Beam\n|-anim|p2b: mad toad|Solar Beam|p1a: Dude Thong\n|-supereffective|p1a: Dude Thong\n|-damage|p1a: Dude Thong|0 fnt\n|faint|p1a: Dude Thong\n|move|p1b: Venomoth|Bug Buzz|p2b: mad toad\n|debug|Light Screen weaken\n|-damage|p2b: mad toad|174/301\n|move|p2a: Mr. Slave|Fire Punch|p1b: Venomoth\n|debug|Sunny Day fire boost\n|-supereffective|p1b: Venomoth\n|-damage|p1b: Venomoth|0 fnt\n|faint|p1b: Venomoth\n|\n|-weather|SunnyDay|[upkeep]\n|-heal|p2b: mad toad|192/301|[from] item: Leftovers\n|upkeep\n|\n|t:|1739053906\n|switch|p1b: Myagmar|Magmar, F|334/334\n|switch|p1a: San Ti Ren 三体人|Exeggutor, M|332/332\n|turn|6\n|\n|t:|1739053938\n|switch|p2b: third bird|Moltres|321/321\n|-ability|p2b: third bird|Pressure\n|move|p1a: San Ti Ren 三体人|Psychic|p2b: third bird\n|debug|Light Screen weaken\n|-damage|p2b: third bird|192/321\n|move|p2a: Mr. Slave|Fire Punch|p1a: San Ti Ren 三体人\n|debug|Sunny Day fire boost\n|-supereffective|p1a: San Ti Ren 三体人\n|-damage|p1a: San Ti Ren 三体人|60/332\n|move|p1b: Myagmar|Will-O-Wisp|p2a: Mr. Slave\n|-status|p2a: Mr. Slave|brn\n|\n|-weather|SunnyDay|[upkeep]\n|-damage|p2a: Mr. Slave|255/271 brn|[from] brn\n|-sideend|p2: noli_cannoli10|move: Light Screen\n|upkeep\n|turn|7\n|\n|t:|1739054026\n|switch|p2a: fire dog|Flareon, F|334/334\n|move|p1a: San Ti Ren 三体人|Psychic|p2b: third bird\n|-damage|p2b: third bird|3/321\n|move|p2b: third bird|Heat Wave|p1b: Myagmar|[spread] p1a\n|-miss|p2b: third bird|p1b: Myagmar\n|debug|Spread modifier: 0.75\n|debug|Sunny Day fire boost\n|-supereffective|p1a: San Ti Ren 三体人\n|-damage|p1a: San Ti Ren 三体人|0 fnt\n|debug|move failed because it did nothing\n|faint|p1a: San Ti Ren 三体人\n|-damage|p2b: third bird|0 fnt|[from] item: Life Orb\n|faint|p2b: third bird\n|move|p1b: Myagmar|Overheat|p2a: fire dog\n|-start|p2a: fire dog|ability: Flash Fire\n|\n|-weather|none\n|debug|natural status immunity\n|debug|immune to status\n|upkeep\n|\n|t:|1739054047\n|switch|p2b: Mr. Slave|Primeape, M|255/271 brn\n|switch|p1a: Shai-Hulud|Dugtrio, F|212/212\n|turn|8\n|\n|t:|1739054079\n|switch|p1b: Buzz Lightyear|Electabuzz, M|182/334\n|move|p1a: Shai-Hulud|Dig||[still]\n|-prepare|p1a: Shai-Hulud|Dig\n|move|p2b: Mr. Slave|Close Combat|p1a: Shai-Hulud|[miss]\n|-miss|p2b: Mr. Slave|p1a: Shai-Hulud\n|move|p2a: fire dog|Scorching Sands|p1b: Buzz Lightyear\n|-supereffective|p1b: Buzz Lightyear\n|-damage|p1b: Buzz Lightyear|32/334\n|\n|-damage|p2b: Mr. Slave|239/271 brn|[from] brn\n|debug|natural status immunity\n|debug|immune to status\n|upkeep\n|turn|9\n|\n|t:|1739054113\n|move|p1b: Buzz Lightyear|Feint|p2a: fire dog\n|-damage|p2a: fire dog|310/334\n|move|p1a: Shai-Hulud|Dig|p2a: fire dog|[from] lockedmove\n|-supereffective|p2a: fire dog\n|-damage|p2a: fire dog|2/334\n|move|p2b: Mr. Slave|Bulk Up|p2b: Mr. Slave\n|-boost|p2b: Mr. Slave|atk|1\n|-boost|p2b: Mr. Slave|def|1\n|move|p2a: fire dog|Scorching Sands|p1b: Buzz Lightyear\n|-supereffective|p1b: Buzz Lightyear\n|-damage|p1b: Buzz Lightyear|0 fnt\n|faint|p1b: Buzz Lightyear\n|\n|-damage|p2b: Mr. Slave|223/271 brn|[from] brn\n|debug|natural status immunity\n|debug|immune to status\n|upkeep\n|\n|t:|1739054125\n|switch|p1b: Myagmar|Magmar, F|334/334\n|turn|10\n|\n|t:|1739054216\n|move|p1b: Myagmar|Follow Me|p1b: Myagmar\n|-singleturn|p1b: Myagmar|move: Follow Me\n|move|p1a: Shai-Hulud|Swords Dance|p1a: Shai-Hulud\n|-boost|p1a: Shai-Hulud|atk|2\n|move|p2b: Mr. Slave|Rage Fist|p1b: Myagmar\n|debug|Follow Me redirected target of move\n|-damage|p1b: Myagmar|307/334\n|move|p2a: fire dog|Scorching Sands|p1b: Myagmar\n|debug|Follow Me redirected target of move\n|-supereffective|p1b: Myagmar\n|-damage|p1b: Myagmar|213/334\n|\n|-damage|p2b: Mr. Slave|207/271 brn|[from] brn\n|debug|natural status immunity\n|debug|immune to status\n|upkeep\n|turn|11\n|\n|t:|1739054279\n|move|p1b: Myagmar|Follow Me|p1b: Myagmar\n|-singleturn|p1b: Myagmar|move: Follow Me\n|move|p1a: Shai-Hulud|Swords Dance|p1a: Shai-Hulud\n|-boost|p1a: Shai-Hulud|atk|2\n|move|p2b: Mr. Slave|Close Combat|p1b: Myagmar\n|debug|Follow Me redirected target of move\n|-damage|p1b: Myagmar|117/334\n|-unboost|p2b: Mr. Slave|def|1\n|-unboost|p2b: Mr. Slave|spd|1\n|move|p2a: fire dog|Scorching Sands|p1b: Myagmar\n|debug|Follow Me redirected target of move\n|-supereffective|p1b: Myagmar\n|-damage|p1b: Myagmar|31/334\n|\n|-damage|p2b: Mr. Slave|191/271 brn|[from] brn\n|debug|natural status immunity\n|debug|immune to status\n|upkeep\n|turn|12\n|\n|t:|1739054311\n|move|p1a: Shai-Hulud|Sucker Punch|p2a: fire dog\n|-damage|p2a: fire dog|0 fnt\n|faint|p2a: fire dog\n|move|p2b: Mr. Slave|Rage Fist|p1a: Shai-Hulud\n|-damage|p1a: Shai-Hulud|151/212\n|move|p1b: Myagmar|Overheat|p2b: Mr. Slave\n|-crit|p2b: Mr. Slave\n|-damage|p2b: Mr. Slave|0 fnt\n|-unboost|p1b: Myagmar|spa|2\n|faint|p2b: Mr. Slave\n|\n|upkeep\n|\n|t:|1739054324\n|switch|p2b: mad toad|Venusaur, M|192/301\n|turn|13\n|\n|t:|1739054358\n|move|p1a: Shai-Hulud|Dig||[still]\n|-prepare|p1a: Shai-Hulud|Dig\n|move|p2b: mad toad|Sludge Bomb|p1b: Myagmar\n|-damage|p1b: Myagmar|0 fnt\n|faint|p1b: Myagmar\n|\n|-heal|p2b: mad toad|210/301|[from] item: Leftovers\n|upkeep\n|turn|14\n|\n|t:|1739054367\n|move|p2b: mad toad|Protect|p2b: mad toad\n|-singleturn|p2b: mad toad|Protect\n|move|p1a: Shai-Hulud|Dig|p2b: mad toad|[from] lockedmove\n|-activate|p2b: mad toad|move: Protect\n|\n|-heal|p2b: mad toad|228/301|[from] item: Leftovers\n|upkeep\n|turn|15\n|\n|t:|1739054418\n|move|p1a: Shai-Hulud|Sucker Punch||[still]\n|-fail|p1a: Shai-Hulud\n|move|p2b: mad toad|Synthesis|p2b: mad toad\n|-heal|p2b: mad toad|301/301\n|\n|upkeep\n|turn|16\n|\n|t:|1739054432\n|move|p1a: Shai-Hulud|Swords Dance|p1a: Shai-Hulud\n|-boost|p1a: Shai-Hulud|atk|2\n|move|p2b: mad toad|Sludge Bomb|p1a: Shai-Hulud\n|-resisted|p1a: Shai-Hulud\n|-damage|p1a: Shai-Hulud|52/212\n|-status|p1a: Shai-Hulud|psn\n|\n|-damage|p1a: Shai-Hulud|26/212 psn|[from] psn\n|upkeep\n|turn|17\n|\n|t:|1739054454\n|move|p2b: mad toad|Protect|p2b: mad toad\n|-singleturn|p2b: mad toad|Protect\n|move|p1a: Shai-Hulud|Sucker Punch||[still]\n|-fail|p1a: Shai-Hulud\n|\n|-damage|p1a: Shai-Hulud|0 fnt|[from] psn\n|faint|p1a: Shai-Hulud\n|\n|win|noli_cannoli10\n|upkeep\n","uploadtime":1739054461,"views":"32","formatid":"gen9doublescustomgame","rating":null,"private":0,"password":null}