{"id":"gen9doublescustomgame-2399253349","format":"[Gen 9] Doubles Custom Game","players":["mistermoscow","mattmandaman"],"log":"|badge|p2|bronze|gen9doublesou|100-6\n|uhtml|medal-msg|<div class=\"broadcast-blue\">Curious what those medals under the avatar are? PS now has Ladder Seasons! For more information, check out the <a href=\"https://www.smogon.com/forums/threads/3740067/\">thread on Smogon.</a></div>\n|j|☆mistermoscow\n|j|☆mattmandaman\n|t:|1752004759\n|gametype|doubles\n|player|p1|mistermoscow|alder|\n|player|p2|mattmandaman|giovanni|\n|gen|9\n|tier|[Gen 9] Doubles Custom Game\n|clearpoke\n|poke|p1|Nidoking, M|\n|poke|p1|Primeape, M|\n|poke|p1|Dewgong, M|\n|poke|p1|Exeggutor, M|\n|poke|p1|Mr. Mime, M|\n|poke|p1|Jolteon, M|\n|poke|p2|Slowpoke|\n|poke|p2|Dodrio|\n|poke|p2|Nidoking, M|\n|poke|p2|Starmie|\n|poke|p2|Electrode|\n|poke|p2|Gengar|\n|teampreview\n|\n|t:|1752004784\n|teamsize|p1|6\n|teamsize|p2|6\n|start\n|switch|p1a: Mimsy|Mr. Mime, M|221/221\n|switch|p1b: Sparky|Jolteon, M|271/271\n|switch|p2a: Nidoking|Nidoking, M|304/304\n|switch|p2b: Slowpoke|Slowpoke|384/384\n|turn|1\n|\n|t:|1752004826\n|move|p1a: Mimsy|Follow Me|p1a: Mimsy\n|-singleturn|p1a: Mimsy|move: Follow Me\n|move|p2a: Nidoking|Earth Power|p1a: Mimsy\n|debug|Follow Me redirected target of move\n|-damage|p1a: Mimsy|83/221\n|move|p1b: Sparky|Light Screen|p1b: Sparky\n|-sidestart|p1: mistermoscow|move: Light Screen\n|move|p2b: Slowpoke|Yawn|p1a: Mimsy\n|debug|Follow Me redirected target of move\n|-start|p1a: Mimsy|move: Yawn|[of] p2b: Slowpoke\n|\n|upkeep\n|turn|2\n|\n|t:|1752004902\n|switch|p2b: Electrode|Electrode|289/289\n|move|p2a: Nidoking|Earth Power|p1b: Sparky\n|-supereffective|p1b: Sparky\n|debug|Light Screen weaken\n|-damage|p1b: Sparky|42/271\n|move|p1b: Sparky|Shadow Ball|p2b: Electrode\n|-damage|p2b: Electrode|192/289\n|move|p1a: Mimsy|Expanding Force|p2a: Nidoking\n|-supereffective|p2a: Nidoking\n|-damage|p2a: Nidoking|0 fnt\n|faint|p2a: Nidoking\n|\n|-end|p1a: Mimsy|move: Yawn|[silent]\n|-status|p1a: Mimsy|slp\n|upkeep\n|\n|t:|1752004926\n|switch|p2a: Dodrio|Dodrio|262/262\n|turn|3\n|\n|t:|1752004943\n|move|p2b: Electrode|Signal Beam|p1b: Sparky\n|-crit|p1b: Sparky\n|-damage|p1b: Sparky|0 fnt\n|debug|move failed because it did nothing\n|faint|p1b: Sparky\n|move|p2a: Dodrio|Drill Peck|p1a: Mimsy\n|-damage|p1a: Mimsy|0 fnt\n|faint|p1a: Mimsy\n|\n|upkeep\n|\n|t:|1752004988\n|switch|p1b: Dewey|Dewgong, M|384/384\n|switch|p1a: King Nido|Nidoking, M|303/303\n|turn|4\n|\n|t:|1752005011\n|move|p2b: Electrode|Protect|p2b: Electrode\n|-singleturn|p2b: Electrode|Protect\n|move|p2a: Dodrio|Protect|p2a: Dodrio\n|-singleturn|p2a: Dodrio|Protect\n|move|p1b: Dewey|Fake Out|p2a: Dodrio\n|-activate|p2a: Dodrio|move: Protect\n|move|p1a: King Nido|Earth Power|p2b: Electrode\n|-activate|p2b: Electrode|move: Protect\n|\n|upkeep\n|turn|5\n|\n|t:|1752005045\n|switch|p2b: Slowpoke|Slowpoke|384/384\n|move|p1a: King Nido|Earth Power|p2b: Slowpoke\n|-damage|p2b: Slowpoke|158/384\n|move|p2a: Dodrio|Tailwind|p2a: Dodrio\n|-sidestart|p2: mattmandaman|move: Tailwind\n|move|p1b: Dewey|Knock Off|p2b: Slowpoke\n|-supereffective|p2b: Slowpoke\n|-damage|p2b: Slowpoke|0 fnt\n|-enditem|p2b: Slowpoke|Terrain Extender|[from] move: Knock Off|[of] p1b: Dewey\n|faint|p2b: Slowpoke\n|\n|upkeep\n|\n|t:|1752005057\n|switch|p2b: Gengar|Gengar|262/262\n|turn|6\n|\n|t:|1752005086\n|move|p2b: Gengar|Protect|p2b: Gengar\n|-singleturn|p2b: Gengar|Protect\n|move|p2a: Dodrio|Drill Peck|p1a: King Nido\n|-damage|p1a: King Nido|152/303\n|move|p1a: King Nido|Earth Power|p2b: Gengar\n|-activate|p2b: Gengar|move: Protect\n|move|p1b: Dewey|Flip Turn|p2b: Gengar\n|-activate|p2b: Gengar|move: Protect\n|\n|upkeep\n|turn|7\n|\n|t:|1752005116\n|move|p2b: Gengar|Psychic|p1a: King Nido\n|-supereffective|p1a: King Nido\n|debug|Light Screen weaken\n|-damage|p1a: King Nido|0 fnt\n|faint|p1a: King Nido\n|move|p2a: Dodrio|Drill Peck|p1b: Dewey\n|-damage|p1b: Dewey|243/384\n|move|p1b: Dewey|Knock Off|p2b: Gengar\n|-supereffective|p2b: Gengar\n|-damage|p2b: Gengar|14/262\n|-enditem|p2b: Gengar|Expert Belt|[from] move: Knock Off|[of] p1b: Dewey\n|\n|upkeep\n|\n|t:|1752005137\n|switch|p1a: Eggman|Exeggutor, M|394/394\n|turn|8\n|\n|t:|1752005151\n|move|p2a: Dodrio|Drill Peck|p1a: Eggman\n|-supereffective|p1a: Eggman\n|-damage|p1a: Eggman|130/394\n|move|p2b: Gengar|Will-O-Wisp|p1b: Dewey|[miss]\n|-miss|p2b: Gengar|p1b: Dewey\n|move|p1b: Dewey|Flip Turn|p2a: Dodrio\n|-damage|p2a: Dodrio|159/262\n|\n|t:|1752005159\n|switch|p1b: Apollo|Primeape, M|334/334|[from] Flip Turn\n|move|p1a: Eggman|Psychic Terrain|p1a: Eggman\n|-fieldstart|move: Psychic Terrain\n|\n|-sideend|p1: mistermoscow|move: Light Screen\n|-sideend|p2: mattmandaman|move: Tailwind\n|upkeep\n|turn|9\n|\n|t:|1752005170\n|move|p1a: Eggman|Protect|p1a: Eggman\n|-singleturn|p1a: Eggman|Protect\n|move|p2b: Gengar|Will-O-Wisp|p1b: Apollo|[miss]\n|-miss|p2b: Gengar|p1b: Apollo\n|move|p2a: Dodrio|Drill Peck|p1a: Eggman\n|-activate|p1a: Eggman|move: Protect\n|move|p1b: Apollo|Drain Punch|p2a: Dodrio\n|-damage|p2a: Dodrio|30/262\n|\n|upkeep\n|turn|10\n|\n|t:|1752005191\n|switch|p1a: Dewey|Dewgong, M|243/384\n|move|p1b: Apollo|Protect|p1b: Apollo\n|-singleturn|p1b: Apollo|Protect\n|move|p2b: Gengar|Psychic|p1b: Apollo\n|-activate|p1b: Apollo|move: Protect\n|move|p2a: Dodrio|Drill Peck|p1a: Dewey\n|-damage|p1a: Dewey|93/384\n|\n|upkeep\n|turn|11\n|\n|t:|1752005218\n|switch|p1b: Eggman|Exeggutor, M|130/394\n|move|p1a: Dewey|Fake Out|p2a: Dodrio\n|-hint|Psychic Terrain doesn't affect Pokémon immune to Ground.\n|-damage|p2a: Dodrio|0 fnt\n|debug|move failed because it did nothing\n|faint|p2a: Dodrio\n|move|p2b: Gengar|Psychic|p1b: Eggman\n|debug|psychic terrain boost\n|-resisted|p1b: Eggman\n|-damage|p1b: Eggman|37/394\n|-unboost|p1b: Eggman|spd|1\n|\n|upkeep\n|\n|t:|1752005227\n|switch|p2a: Starmie|Starmie|262/262\n|turn|12\n|\n|t:|1752005262\n|move|p2a: Starmie|Expanding Force|p1b: Eggman|[spread] p1a,p1b\n|debug|psychic terrain boost\n|debug|terrain buff\n|debug|Spread modifier: 0.75\n|debug|psychic terrain boost\n|debug|terrain buff\n|debug|Spread modifier: 0.75\n|-resisted|p1b: Eggman\n|-damage|p1a: Dewey|0 fnt\n|-damage|p1b: Eggman|0 fnt\n|faint|p1a: Dewey\n|faint|p1b: Eggman\n|move|p2b: Gengar|Psychic|p1: Dewey|[notarget]\n|-fail|p2b: Gengar\n|\n|-fieldend|move: Psychic Terrain\n|upkeep\n|\n|t:|1752005269\n|switch|p1b: Apollo|Primeape, M|334/334\n|turn|13\n|\n|t:|1752005276\n|move|p2a: Starmie|Expanding Force|p1b: Apollo\n|-supereffective|p1b: Apollo\n|-damage|p1b: Apollo|106/334\n|move|p2b: Gengar|Psychic|p1b: Apollo\n|-supereffective|p1b: Apollo\n|-damage|p1b: Apollo|0 fnt\n|faint|p1b: Apollo\n|\n|win|mattmandaman\n","uploadtime":1752005282,"views":"17","formatid":"gen9doublescustomgame","rating":null,"private":0,"password":null}