{"id":"gen9doublescustomgame-2259960681","format":"[Gen 9] Doubles Custom Game","players":["mistermoscow","mattmandaman"],"log":"|badge|p2|silver|gen9doublesou|30-3\n|uhtml|medal-msg|<div class=\"broadcast-blue\">Curious what those medals under the avatar are? PS now has Ladder Seasons! For more information, check out the <a href=\"https://www.smogon.com/forums/threads/3740067/\">thread on Smogon.</a></div>\n|j|☆mistermoscow\n|j|☆mattmandaman\n|t:|1733784588\n|gametype|doubles\n|player|p1|mistermoscow|alder|\n|player|p2|mattmandaman|giovanni|\n|teamsize|p1|6\n|teamsize|p2|6\n|gen|9\n|tier|[Gen 9] Doubles Custom Game\n|clearpoke\n|poke|p1|Poliwrath, F|\n|poke|p1|Dodrio, M|\n|poke|p1|Clefairy, M|\n|poke|p1|Nidoqueen, F|\n|poke|p1|Victreebel, M|\n|poke|p1|Snorlax, M|\n|poke|p2|Porygon|\n|poke|p2|Marowak, M|\n|poke|p2|Pikachu, F|\n|poke|p2|Butterfree, M|\n|poke|p2|Cloyster, F|\n|poke|p2|Clefairy, F|\n|teampreview\n|\n|t:|1733784634\n|start\n|switch|p1a: Miss Nido|Nidoqueen, F|353/353\n|switch|p1b: Victor|Victreebel, M|364/364\n|switch|p2a: Porygon|Porygon|334/334\n|switch|p2b: Butterfree|Butterfree, M|262/262\n|-ability|p2a: Porygon|Download|boost\n|-boost|p2a: Porygon|atk|1\n|turn|1\n|\n|t:|1733784681\n|move|p2b: Butterfree|Hurricane|p1b: Victor\n|debug|compoundeyes - enhancing accuracy\n|-supereffective|p1b: Victor\n|-damage|p1b: Victor|20/364\n|debug|Covert Cloak prevent secondary\n|move|p1a: Miss Nido|Poison Jab|p2b: Butterfree\n|-enditem|p2b: Butterfree|Focus Sash\n|-damage|p2b: Butterfree|1/262\n|move|p1b: Victor|Leaf Blade|p2b: Butterfree\n|-resisted|p2b: Butterfree\n|-damage|p2b: Butterfree|0 fnt\n|faint|p2b: Butterfree\n|move|p2a: Porygon|Ice Beam|p1a: Miss Nido\n|-supereffective|p1a: Miss Nido\n|-damage|p1a: Miss Nido|215/353\n|\n|upkeep\n|c|☆mistermoscow|whew\n|\n|t:|1733784707\n|switch|p2b: Cloyster|Cloyster, F|242/242\n|turn|2\n|\n|t:|1733784750\n|move|p2b: Cloyster|Protect|p2b: Cloyster\n|-singleturn|p2b: Cloyster|Protect\n|move|p1a: Miss Nido|Sucker Punch||[still]\n|-fail|p1a: Miss Nido\n|move|p1b: Victor|Sucker Punch||[still]\n|-fail|p1b: Victor\n|move|p2a: Porygon|Teleport|p2a: Porygon\n|\n|t:|1733784757\n|switch|p2a: Pikachu|Pikachu, F|211/211|[from] Teleport\n|\n|upkeep\n|turn|3\n|\n|t:|1733784776\n|switch|p1b: Polly|Poliwrath, F|384/384\n|move|p2a: Pikachu|Fake Out|p1b: Polly\n|-damage|p1b: Polly|344/384\n|move|p2b: Cloyster|Shell Smash|p2b: Cloyster\n|-unboost|p2b: Cloyster|def|1\n|-unboost|p2b: Cloyster|spd|1\n|-boost|p2b: Cloyster|atk|2\n|-boost|p2b: Cloyster|spa|2\n|-boost|p2b: Cloyster|spe|2\n|move|p1a: Miss Nido|High Horsepower|p2a: Pikachu\n|-supereffective|p2a: Pikachu\n|-damage|p2a: Pikachu|0 fnt\n|faint|p2a: Pikachu\n|-damage|p1a: Miss Nido|180/353|[from] item: Life Orb\n|\n|upkeep\n|\n|t:|1733784783\n|switch|p2a: Clefairy|Clefairy, F|344/344\n|turn|4\n|\n|t:|1733784804\n|move|p2a: Clefairy|Follow Me|p2a: Clefairy\n|-singleturn|p2a: Clefairy|move: Follow Me\n|move|p1a: Miss Nido|Sucker Punch||[still]\n|debug|Follow Me redirected target of move\n|-fail|p1a: Miss Nido\n|move|p2b: Cloyster|Icicle Spear|p1a: Miss Nido\n|-supereffective|p1a: Miss Nido\n|-damage|p1a: Miss Nido|0 fnt\n|faint|p1a: Miss Nido\n|-hitcount|p1: Miss Nido|1\n|-damage|p2b: Cloyster|218/242|[from] item: Life Orb\n|move|p1b: Polly|Bulk Up|p1b: Polly\n|-boost|p1b: Polly|atk|1\n|-boost|p1b: Polly|def|1\n|\n|upkeep\n|\n|t:|1733784828\n|switch|p1a: Victor|Victreebel, M|20/364\n|turn|5\n|\n|t:|1733784846\n|move|p2b: Cloyster|Icicle Spear|p1a: Victor\n|-supereffective|p1a: Victor\n|-damage|p1a: Victor|0 fnt\n|faint|p1a: Victor\n|-hitcount|p1: Victor|1\n|-damage|p2b: Cloyster|194/242|[from] item: Life Orb\n|move|p1b: Polly|Bulk Up|p1b: Polly\n|-boost|p1b: Polly|atk|1\n|-boost|p1b: Polly|def|1\n|move|p2a: Clefairy|Moonblast|p1b: Polly\n|-supereffective|p1b: Polly\n|-damage|p1b: Polly|234/384\n|\n|upkeep\n|\n|t:|1733784864\n|switch|p1a: Dodie|Dodrio, M|261/261\n|turn|6\n|\n|t:|1733784885\n|move|p2a: Clefairy|Follow Me|p2a: Clefairy\n|-singleturn|p2a: Clefairy|move: Follow Me\n|move|p1a: Dodie|Double-Edge|p2a: Clefairy\n|debug|Follow Me redirected target of move\n|-damage|p2a: Clefairy|125/344\n|-damage|p1a: Dodie|189/261|[from] Recoil\n|move|p2b: Cloyster|Icicle Spear|p1a: Dodie\n|-supereffective|p1a: Dodie\n|-damage|p1a: Dodie|0 fnt\n|faint|p1a: Dodie\n|-hitcount|p1: Dodie|1\n|-damage|p2b: Cloyster|170/242|[from] item: Life Orb\n|move|p1b: Polly|Waterfall|p2a: Clefairy\n|debug|Follow Me redirected target of move\n|-damage|p2a: Clefairy|0 fnt\n|debug|move failed because it did nothing\n|faint|p2a: Clefairy\n|\n|upkeep\n|\n|t:|1733784902\n|switch|p1a: Snax|Snorlax, M|524/524\n|switch|p2a: Marowak|Marowak, M|324/324\n|turn|7\n|\n|t:|1733784914\n|move|p2b: Cloyster|Protect|p2b: Cloyster\n|-singleturn|p2b: Cloyster|Protect\n|move|p1b: Polly|Drain Punch|p2b: Cloyster\n|-activate|p2b: Cloyster|move: Protect\n|move|p2a: Marowak|Earthquake|p1b: Polly|[spread] p1a,p1b\n|-activate|p2b: Cloyster|move: Protect\n|debug|Spread modifier: 0.75\n|debug|Spread modifier: 0.75\n|-damage|p1a: Snax|328/524\n|-damage|p1b: Polly|114/384\n|move|p1a: Snax|Psych Up|p1b: Polly\n|-copyboost|p1a: Snax|p1b: Polly|[from] move: Psych Up\n|\n|-heal|p1a: Snax|360/524|[from] item: Leftovers\n|upkeep\n|turn|8\n|\n|t:|1733784939\n|move|p2b: Cloyster|Icicle Spear|p1b: Polly\n|-resisted|p1b: Polly\n|-damage|p1b: Polly|87/384\n|-resisted|p1b: Polly\n|-damage|p1b: Polly|58/384\n|-resisted|p1b: Polly\n|-damage|p1b: Polly|31/384\n|-resisted|p1b: Polly\n|-damage|p1b: Polly|4/384\n|-resisted|p1b: Polly\n|-damage|p1b: Polly|0 fnt\n|faint|p1b: Polly\n|-hitcount|p1: Polly|5\n|-damage|p2b: Cloyster|146/242|[from] item: Life Orb\n|move|p2a: Marowak|Bonemerang|p1a: Snax\n|-damage|p1a: Snax|299/524\n|-damage|p1a: Snax|232/524\n|-hitcount|p1a: Snax|2\n|move|p1a: Snax|Brick Break|p2b: Cloyster\n|-supereffective|p2b: Cloyster\n|-damage|p2b: Cloyster|0 fnt\n|faint|p2b: Cloyster\n|\n|-heal|p1a: Snax|264/524|[from] item: Leftovers\n|upkeep\n|\n|t:|1733784958\n|switch|p2b: Porygon|Porygon|334/334\n|switch|p1b: Clifford|Clefairy, M|344/344\n|-ability|p2b: Porygon|Download|boost\n|-boost|p2b: Porygon|spa|1\n|turn|9\n|\n|t:|1733784985\n|move|p2a: Marowak|Rock Slide|p1b: Clifford|[spread] p1a,p1b\n|debug|Spread modifier: 0.75\n|debug|Spread modifier: 0.75\n|-damage|p1a: Snax|210/524\n|-damage|p1b: Clifford|267/344\n|move|p2b: Porygon|Ice Beam|p1a: Snax\n|-damage|p1a: Snax|111/524\n|move|p1b: Clifford|Minimize|p1b: Clifford\n|-boost|p1b: Clifford|evasion|2\n|move|p1a: Snax|Brick Break|p2b: Porygon\n|-supereffective|p2b: Porygon\n|-damage|p2b: Porygon|130/334\n|\n|-heal|p1a: Snax|143/524|[from] item: Leftovers\n|upkeep\n|turn|10\n|\n|t:|1733785005\n|move|p2a: Marowak|Rock Slide|p1a: Snax|[spread] \n|-miss|p2a: Marowak|p1a: Snax\n|-miss|p2a: Marowak|p1b: Clifford\n|move|p2b: Porygon|Ice Beam|p1a: Snax\n|-damage|p1a: Snax|53/524\n|move|p1b: Clifford|Calm Mind|p1b: Clifford\n|-boost|p1b: Clifford|spa|1\n|-boost|p1b: Clifford|spd|1\n|move|p1a: Snax|Brick Break|p2b: Porygon\n|-supereffective|p2b: Porygon\n|-crit|p2b: Porygon\n|-damage|p2b: Porygon|0 fnt\n|faint|p2b: Porygon\n|\n|-heal|p1a: Snax|85/524|[from] item: Leftovers\n|upkeep\n|turn|11\n|\n|t:|1733785030\n|move|p2a: Marowak|Earthquake|p1a: Snax|[spread] p1a\n|-miss|p2a: Marowak|p1b: Clifford\n|debug|Spread modifier: 0.75\n|-damage|p1a: Snax|0 fnt\n|faint|p1a: Snax\n|move|p1b: Clifford|Moonblast|p2a: Marowak\n|-damage|p2a: Marowak|192/324\n|\n|upkeep\n|turn|12\n|\n|t:|1733785041\n|move|p2a: Marowak|Earthquake|p1b: Clifford\n|-damage|p1b: Clifford|45/344\n|move|p1b: Clifford|Moonblast|p2a: Marowak\n|-damage|p2a: Marowak|54/324\n|\n|upkeep\n|turn|13\n|c|☆mistermoscow|come on hax\n|\n|t:|1733785057\n|move|p2a: Marowak|Earthquake|p1b: Clifford\n|-damage|p1b: Clifford|0 fnt\n|faint|p1b: Clifford\n|\n|win|mattmandaman\n|c|☆mistermoscow|damn\n|c|☆mistermoscow|gg\n|c|☆mattmandaman|thank you rngjesus\n|c|☆mattmandaman|gg\n","uploadtime":1733785068,"views":"34","formatid":"gen9doublescustomgame","rating":null,"private":0,"password":null}