{"id":"gen9doublescustomgame-2612845958","format":"[Gen 9] Doubles Custom Game","players":["Jamochi","noli_cannoli10"],"log":"|j|☆Jamochi\n|j|☆noli_cannoli10\n|t:|1779151352\n|gametype|doubles\n|player|p1|Jamochi|li|\n|player|p2|noli_cannoli10|2|\n|gen|9\n|tier|[Gen 9] Doubles Custom Game\n|clearpoke\n|poke|p1|Charizard|\n|poke|p1|Brute Bonnet|\n|poke|p1|Landorus-Therian|\n|poke|p1|Kingambit|\n|poke|p1|Dragonite|\n|poke|p1|Porygon2|\n|poke|p2|Floette-Eternal, F|\n|poke|p2|Whimsicott|\n|poke|p2|Tyranitar|\n|poke|p2|Dragapult|\n|poke|p2|Melmetal|\n|poke|p2|Mew|\n|teampreview\n|j| mistermoscow\n|\n|t:|1779151380\n|teamsize|p1|6\n|teamsize|p2|6\n|start\n|switch|p1a: Charizard|Charizard|298/298\n|switch|p1b: Brute Bonnet|Brute Bonnet|426/426\n|switch|p2a: Mew|Mew|341/341\n|switch|p2b: Floette|Floette-Eternal, F|289/289\n|-enditem|p1b: Brute Bonnet|Booster Energy\n|-activate|p1b: Brute Bonnet|ability: Protosynthesis|[fromitem]\n|-start|p1b: Brute Bonnet|protosynthesisatk\n|turn|1\n|\n|t:|1779151398\n|detailschange|p1a: Charizard|Charizard-Mega-Y\n|-mega|p1a: Charizard|Charizard|Charizardite Y\n|-weather|SunnyDay|[from] ability: Drought|[of] p1a: Charizard\n|detailschange|p2b: Floette|Floette-Mega, F\n|-mega|p2b: Floette|Floette|Floettite\n|-ability|p2b: Floette|Fairy Aura\n|move|p1a: Charizard|Protect|p1a: Charizard\n|-singleturn|p1a: Charizard|Protect\n|move|p2b: Floette|Calm Mind|p2b: Floette\n|-boost|p2b: Floette|spa|1\n|-boost|p2b: Floette|spd|1\n|move|p2a: Mew|Tailwind|p2a: Mew\n|-sidestart|p2: noli_cannoli10|move: Tailwind\n|move|p1b: Brute Bonnet|Spore|p2b: Floette\n|-status|p2b: Floette|slp|[from] move: Spore\n|\n|-weather|SunnyDay|[upkeep]\n|upkeep\n|turn|2\n|j| je64\n|c| mistermoscow|hello there\n|c|☆Jamochi|ayooo\n|c| je64|oh hello there\n|c| je64|wait does james have brute bonnet?\n|c|☆Jamochi|yea I did a drop pick for it\n|c| je64|oh shit, I'm so behind haha\n|c|☆Jamochi|dropped gastrodon for brute bonnet\n|c|☆Jamochi|haha the website is a bit behind\n|c| je64|wow that's such a good pick up for your team\n|c|☆Jamochi|for real for real lol\n|c| mistermoscow|jesse are you able to play? nolan's showdown froze and he might not be able to play tn\n|\n|t:|1779151594\n|cant|p2b: Floette|slp\n|move|p2a: Mew|Tailwind||[still]\n|-fail|p2a: Mew\n|debug|move failed because it did nothing\n|move|p1a: Charizard|Heat Wave|p2b: Floette|[spread] p2a,p2b\n|debug|Spread modifier: 0.75\n|debug|Sunny Day fire boost\n|debug|Spread modifier: 0.75\n|debug|Sunny Day fire boost\n|-damage|p2a: Mew|130/341\n|-damage|p2b: Floette|180/289 slp\n|move|p1b: Brute Bonnet|Seed Bomb|p2b: Floette\n|debug|Protosynthesis atk boost\n|-damage|p2b: Floette|0 fnt\n|faint|p2b: Floette\n|detailschange|p2: Floette|Floette-Eternal, F|[silent]\n|\n|-weather|SunnyDay|[upkeep]\n|upkeep\n|c| je64|no, I was just going to casually watch while I get work done\n|c| mistermoscow|ohh ok\n|c| je64|Bro brute bonnet is so good in the sun\n|c|☆noli_cannoli10|idk wtf i did to mew but this isnt the set up i intended lol\n|c|☆noli_cannoli10|not a good start for me this season\n|c|☆Jamochi|we can restart\n|\n|t:|1779151669\n|switch|p2b: Tyranitar|Tyranitar|341/341\n|-ability|p2b: Tyranitar|Unnerve\n|turn|3\n|\n|t:|1779151701\n|switch|p2a: Dragapult|Dragapult|317/317\n|move|p1b: Brute Bonnet|Sucker Punch||[still]\n|-fail|p1b: Brute Bonnet\n|move|p2b: Tyranitar|Rock Slide|p1b: Brute Bonnet|[spread] p1a,p1b\n|debug|Spread modifier: 0.75\n|-supereffective|p1a: Charizard\n|debug|Spread modifier: 0.75\n|-damage|p1a: Charizard|0 fnt\n|-damage|p1b: Brute Bonnet|317/426\n|faint|p1a: Charizard\n|detailschange|p1: Charizard|Charizard|[silent]\n|\n|-weather|SunnyDay|[upkeep]\n|upkeep\n|c|☆noli_cannoli10|nah all good, this laptop is already struggling as is\n|\n|t:|1779151717\n|switch|p1a: Dragonite|Dragonite|323/323\n|turn|4\n|\n|t:|1779151734\n|move|p1a: Dragonite|Protect|p1a: Dragonite\n|-singleturn|p1a: Dragonite|Protect\n|move|p1b: Brute Bonnet|Sucker Punch|p2a: Dragapult\n|debug|Protosynthesis atk boost\n|-supereffective|p2a: Dragapult\n|-enditem|p2a: Dragapult|Focus Sash\n|-damage|p2a: Dragapult|1/317\n|move|p2a: Dragapult|Draco Meteor|p1a: Dragonite\n|-activate|p1a: Dragonite|move: Protect\n|move|p2b: Tyranitar|Rock Slide|p1a: Dragonite|[spread] p1b\n|-activate|p1a: Dragonite|move: Protect\n|debug|Spread modifier: 0.75\n|-damage|p1b: Brute Bonnet|202/426\n|\n|-weather|SunnyDay|[upkeep]\n|-sideend|p2: noli_cannoli10|move: Tailwind\n|upkeep\n|turn|5\n|c|☆noli_cannoli10|lol this whole team never got corrected on here...doing great things over here\n|\n|t:|1779151843\n|switch|p2a: Whimsicott|Whimsicott|324/324\n|move|p1a: Dragonite|Protect||[still]\n|debug|Success chance: 33%\n|-fail|p1a: Dragonite\n|move|p2b: Tyranitar|Rock Slide|p1a: Dragonite|[spread] p1a,p1b\n|debug|Spread modifier: 0.75\n|-supereffective|p1a: Dragonite\n|debug|Multiscale weaken\n|debug|Spread modifier: 0.75\n|-damage|p1a: Dragonite|214/323\n|-damage|p1b: Brute Bonnet|81/426\n|move|p1b: Brute Bonnet|Spore|p2b: Tyranitar\n|-status|p2b: Tyranitar|slp|[from] move: Spore\n|\n|-weather|none\n|upkeep\n|turn|6\n|c| mistermoscow|oof\n|\n|t:|1779151871\n|switch|p1a: Kingambit|Kingambit|404/404\n|-activate|p1a: Kingambit|ability: Supreme Overlord\n|-start|p1a: Kingambit|fallen1|[silent]\n|-end|p1b: Brute Bonnet|Protosynthesis|[silent]\n|switch|p1b: Porygon2|Porygon2|374/374\n|-ability|p1b: Porygon2|Download|boost\n|-boost|p1b: Porygon2|spa|1\n|move|p2a: Whimsicott|Tailwind|p2a: Whimsicott\n|-sidestart|p2: noli_cannoli10|move: Tailwind\n|cant|p2b: Tyranitar|slp\n|\n|upkeep\n|turn|7\n|\n|t:|1779151893\n|move|p2a: Whimsicott|Light Screen|p2a: Whimsicott\n|-sidestart|p2: noli_cannoli10|move: Light Screen\n|cant|p2b: Tyranitar|slp\n|move|p1a: Kingambit|Iron Head|p2a: Whimsicott\n|debug|Supreme Overlord boost: 4506/4096\n|-supereffective|p2a: Whimsicott\n|-damage|p2a: Whimsicott|22/324\n|move|p1b: Porygon2|Trick Room|p1b: Porygon2\n|-fieldstart|move: Trick Room|[of] p1b: Porygon2\n|\n|-heal|p2a: Whimsicott|42/324|[from] item: Leftovers\n|upkeep\n|turn|8\n|\n|t:|1779151912\n|switch|p2b: Melmetal|Melmetal|474/474\n|move|p2a: Whimsicott|Encore|p1b: Porygon2\n|-start|p1b: Porygon2|Encore\n|move|p1b: Porygon2|Trick Room|p1b: Porygon2\n|-fieldend|move: Trick Room\n|move|p1a: Kingambit|Iron Head|p2b: Melmetal\n|debug|Supreme Overlord boost: 4506/4096\n|-resisted|p2b: Melmetal\n|-damage|p2b: Melmetal|422/474\n|\n|-heal|p2a: Whimsicott|62/324|[from] item: Leftovers\n|upkeep\n|turn|9\n|\n|t:|1779151940\n|move|p1a: Kingambit|Protect|p1a: Kingambit\n|-singleturn|p1a: Kingambit|Protect\n|move|p2a: Whimsicott|U-turn|p1b: Porygon2\n|-damage|p1b: Porygon2|347/374\n|\n|t:|1779151950\n|switch|p2a: Mew|Mew|130/341|[from] U-turn\n|move|p2b: Melmetal|Superpower|p1a: Kingambit\n|-activate|p1a: Kingambit|move: Protect\n|move|p1b: Porygon2|Trick Room|p1b: Porygon2\n|-fieldstart|move: Trick Room|[of] p1b: Porygon2\n|\n|-sideend|p2: noli_cannoli10|move: Tailwind\n|upkeep\n|turn|10\n|\n|t:|1779151985\n|switch|p1b: Dragonite|Dragonite|214/323\n|move|p2b: Melmetal|Superpower|p1a: Kingambit\n|-supereffective|p1a: Kingambit\n|-damage|p1a: Kingambit|0 fnt\n|-unboost|p2b: Melmetal|atk|1\n|-unboost|p2b: Melmetal|def|1\n|faint|p1a: Kingambit\n|-end|p1a: Kingambit|fallen1|[silent]\n|move|p2a: Mew|Draining Kiss|p1b: Dragonite\n|-supereffective|p1b: Dragonite\n|-damage|p1b: Dragonite|89/323\n|-heal|p2a: Mew|224/341|[from] drain|[of] p1b: Dragonite\n|\n|upkeep\n|\n|t:|1779151996\n|switch|p1a: Landorus|Landorus-Therian|382/382\n|-ability|p1a: Landorus|Intimidate|boost\n|-unboost|p2a: Mew|atk|1\n|-unboost|p2b: Melmetal|atk|1\n|turn|11\n|\n|t:|1779152025\n|move|p2b: Melmetal|Toxic|p1a: Landorus\n|-status|p1a: Landorus|tox\n|move|p1a: Landorus|Earthquake|p2b: Melmetal|[spread] p2a,p2b\n|-immune|p1b: Dragonite\n|debug|Spread modifier: 0.75\n|debug|Spread modifier: 0.75\n|-supereffective|p2b: Melmetal\n|-damage|p2a: Mew|112/341\n|-damage|p2b: Melmetal|224/474\n|move|p1b: Dragonite|Dragon Dance|p1b: Dragonite\n|-boost|p1b: Dragonite|atk|1\n|-boost|p1b: Dragonite|spe|1\n|move|p2a: Mew|Draining Kiss|p1b: Dragonite\n|-supereffective|p1b: Dragonite\n|-damage|p1b: Dragonite|0 fnt\n|-heal|p2a: Mew|179/341|[from] drain|[of] p1b: Dragonite\n|faint|p1b: Dragonite\n|\n|-damage|p1a: Landorus|359/382 tox|[from] psn\n|-sideend|p2: noli_cannoli10|move: Light Screen\n|upkeep\n|\n|t:|1779152041\n|switch|p1b: Brute Bonnet|Brute Bonnet|81/426\n|turn|12\n|\n|t:|1779152054\n|-end|p1b: Brute Bonnet|Protosynthesis|[silent]\n|switch|p1b: Porygon2|Porygon2|347/374\n|-ability|p1b: Porygon2|Download|boost\n|-boost|p1b: Porygon2|spa|1\n|move|p2b: Melmetal|Protect|p2b: Melmetal\n|-singleturn|p2b: Melmetal|Protect\n|move|p1a: Landorus|Earthquake|p2a: Mew|[spread] p1b,p2a\n|-activate|p2b: Melmetal|move: Protect\n|debug|Spread modifier: 0.75\n|debug|Spread modifier: 0.75\n|-damage|p1b: Porygon2|271/374\n|-damage|p2a: Mew|65/341\n|move|p2a: Mew|Draining Kiss|p1b: Porygon2\n|-damage|p1b: Porygon2|240/374\n|-heal|p2a: Mew|88/341|[from] drain|[of] p1b: Porygon2\n|\n|-damage|p1a: Landorus|313/382 tox|[from] psn\n|upkeep\n|turn|13\n|\n|t:|1779152096\n|move|p2b: Melmetal|Superpower|p1b: Porygon2\n|-supereffective|p1b: Porygon2\n|-damage|p1b: Porygon2|160/374\n|-unboost|p2b: Melmetal|atk|1\n|-unboost|p2b: Melmetal|def|1\n|move|p1b: Porygon2|Thunderbolt|p2b: Melmetal\n|-damage|p2b: Melmetal|62/474\n|move|p1a: Landorus|U-turn|p2a: Mew\n|-supereffective|p2a: Mew\n|-damage|p2a: Mew|0 fnt\n|faint|p2a: Mew\n|\n|t:|1779152106\n|switch|p1a: Brute Bonnet|Brute Bonnet|81/426|[from] U-turn\n|\n|-fieldend|move: Trick Room\n|upkeep\n|\n|t:|1779152114\n|switch|p2a: Whimsicott|Whimsicott|62/324\n|turn|14\n|\n|t:|1779152130\n|move|p2a: Whimsicott|Tailwind|p2a: Whimsicott\n|-sidestart|p2: noli_cannoli10|move: Tailwind\n|move|p2b: Melmetal|Superpower|p1a: Brute Bonnet\n|-supereffective|p1a: Brute Bonnet\n|-damage|p1a: Brute Bonnet|0 fnt\n|-unboost|p2b: Melmetal|atk|1\n|-unboost|p2b: Melmetal|def|1\n|faint|p1a: Brute Bonnet\n|-end|p1a: Brute Bonnet|Protosynthesis|[silent]\n|move|p1b: Porygon2|Ice Beam|p2a: Whimsicott\n|-supereffective|p2a: Whimsicott\n|-damage|p2a: Whimsicott|0 fnt\n|debug|move failed because it did nothing\n|faint|p2a: Whimsicott\n|\n|upkeep\n|\n|t:|1779152145\n|switch|p2a: Dragapult|Dragapult|1/317\n|switch|p1a: Landorus|Landorus-Therian|313/382 tox\n|-ability|p1a: Landorus|Intimidate|boost\n|-unboost|p2a: Dragapult|atk|1\n|-unboost|p2b: Melmetal|atk|1\n|turn|15\n|\n|t:|1779152182\n|move|p2a: Dragapult|Draco Meteor|p1b: Porygon2\n|-damage|p1b: Porygon2|33/374\n|-unboost|p2a: Dragapult|spa|2\n|move|p1a: Landorus|Earthquake|p2a: Dragapult|[spread] p1b,p2a,p2b\n|debug|Spread modifier: 0.75\n|debug|Spread modifier: 0.75\n|debug|Spread modifier: 0.75\n|-supereffective|p2b: Melmetal\n|-damage|p1b: Porygon2|0 fnt\n|-damage|p2a: Dragapult|0 fnt\n|-damage|p2b: Melmetal|0 fnt\n|faint|p1b: Porygon2\n|faint|p2a: Dragapult\n|faint|p2b: Melmetal\n|\n|-damage|p1a: Landorus|290/382 tox|[from] psn\n|upkeep\n|\n|t:|1779152195\n|switch|p2b: Tyranitar|Tyranitar|341/341 slp\n|-ability|p2b: Tyranitar|Unnerve\n|turn|16\n|c| je64|wow wild\n|\n|t:|1779152204\n|cant|p2b: Tyranitar|slp\n|move|p1a: Landorus|Earthquake|p2b: Tyranitar\n|-supereffective|p2b: Tyranitar\n|-damage|p2b: Tyranitar|35/341 slp\n|\n|-damage|p1a: Landorus|244/382 tox|[from] psn\n|upkeep\n|turn|17\n|c|☆noli_cannoli10|lol and t-tar has the wrong item let alone still asleep\n|\n|t:|1779152228\n|-curestatus|p2b: Tyranitar|slp|[msg]\n|move|p2b: Tyranitar|Rock Slide|p1a: Landorus\n|-damage|p1a: Landorus|132/382 tox\n|move|p1a: Landorus|Earthquake|p2b: Tyranitar\n|-supereffective|p2b: Tyranitar\n|-damage|p2b: Tyranitar|0 fnt\n|faint|p2b: Tyranitar\n|\n|win|Jamochi\n|c|☆Jamochi|gggg\n|c| je64|Nolan would have won this game if we were using the new rules\n|c|☆noli_cannoli10|gg\n|c|☆Jamochi|closeee\n|c| je64|crazy\n|c|☆Jamochi|gg\n|c| mistermoscow|wow yeah, close one\n|c| je64|sleep maxes out at 2 turns now\n|c| je64|that was gg\n|c| mistermoscow|gg indeed\n|c|☆Jamochi|yup\n|c|☆noli_cannoli10|i also could only use rock slide with t-tar\n|c| je64|Someone else got to save the replays\n","uploadtime":1779152280,"views":"15","formatid":"gen9doublescustomgame","rating":null,"private":0,"password":null}