{"id":"gen9doublescustomgame-2195464131","format":"[Gen 9] Doubles Custom Game","players":["Mattmandaman","smokeydabearrr"],"log":"|j|☆Mattmandaman\n|j|☆smokeydabearrr\n|t:|1725581237\n|gametype|doubles\n|player|p1|Mattmandaman|giovanni|\n|player|p2|smokeydabearrr|2|\n|teamsize|p1|6\n|teamsize|p2|6\n|gen|9\n|tier|[Gen 9] Doubles Custom Game\n|clearpoke\n|poke|p1|Venusaur, F|\n|poke|p1|Grimmsnarl, M|\n|poke|p1|Volcanion|\n|poke|p1|Marshadow|\n|poke|p1|Diancie|\n|poke|p1|Latias, F|\n|poke|p2|Charizard, F|\n|poke|p2|Blastoise, F|\n|poke|p2|Whimsicott, M|\n|poke|p2|Rillaboom, M|\n|poke|p2|Raging Bolt|\n|poke|p2|Walking Wake|\n|teampreview\n|j| mistermoscow\n|l| mistermoscow\n|j| mistermoscow\n|\n|t:|1725581350\n|start\n|switch|p1a: Grimmsnarl|Grimmsnarl, M|394/394\n|switch|p1b: Venusaur|Venusaur, F|364/364\n|switch|p2a: PSA 10 Shadowless|Charizard, F|297/297\n|switch|p2b: Scott Tennerman|Whimsicott, M|261/261\n|turn|1\n|\n|t:|1725581374\n|detailschange|p2a: PSA 10 Shadowless|Charizard-Mega-Y, F\n|-mega|p2a: PSA 10 Shadowless|Charizard|Charizardite Y\n|-weather|SunnyDay|[from] ability: Drought|[of] p2a: PSA 10 Shadowless\n|detailschange|p1b: Venusaur|Venusaur-Mega, F\n|-mega|p1b: Venusaur|Venusaur|Venusaurite\n|-terastallize|p2b: Scott Tennerman|Ghost\n|move|p2b: Scott Tennerman|Tailwind|p2b: Scott Tennerman\n|-sidestart|p2: smokeydabearrr|move: Tailwind\n|move|p1a: Grimmsnarl|Light Screen|p1a: Grimmsnarl\n|-sidestart|p1: Mattmandaman|move: Light Screen\n|move|p2a: PSA 10 Shadowless|Heat Wave|p1a: Grimmsnarl|[spread] p1a,p1b\n|debug|Spread modifier: 0.75\n|debug|Sunny Day fire boost\n|debug|Light Screen weaken\n|debug|Thick Fat weaken\n|debug|Spread modifier: 0.75\n|debug|Sunny Day fire boost\n|-supereffective|p1b: Venusaur\n|debug|Light Screen weaken\n|-damage|p1a: Grimmsnarl|259/394\n|-damage|p1b: Venusaur|240/364\n|move|p1b: Venusaur|Sludge Bomb|p2b: Scott Tennerman\n|-resisted|p2b: Scott Tennerman\n|-damage|p2b: Scott Tennerman|148/261\n|\n|-weather|SunnyDay|[upkeep]\n|upkeep\n|turn|2\n|\n|t:|1725581429\n|switch|p2b: Yurtle the Turtle?|Blastoise, F|362/362\n|move|p2a: PSA 10 Shadowless|Protect|p2a: PSA 10 Shadowless\n|-singleturn|p2a: PSA 10 Shadowless|Protect\n|move|p1a: Grimmsnarl|Parting Shot|p2a: PSA 10 Shadowless\n|-activate|p2a: PSA 10 Shadowless|move: Protect\n|move|p1b: Venusaur|Sludge Bomb|p2a: PSA 10 Shadowless\n|-activate|p2a: PSA 10 Shadowless|move: Protect\n|\n|-weather|SunnyDay|[upkeep]\n|upkeep\n|turn|3\n|\n|t:|1725581445\n|move|p1b: Venusaur|Protect|p1b: Venusaur\n|-singleturn|p1b: Venusaur|Protect\n|move|p2b: Yurtle the Turtle?|Fake Out|p1b: Venusaur\n|-activate|p1b: Venusaur|move: Protect\n|move|p1a: Grimmsnarl|Parting Shot|p2a: PSA 10 Shadowless\n|-unboost|p2a: PSA 10 Shadowless|atk|1\n|-unboost|p2a: PSA 10 Shadowless|spa|1\n|\n|t:|1725581454\n|switch|p1a: Latias|Latias, F|364/364|[from] Parting Shot\n|move|p2a: PSA 10 Shadowless|Heat Wave|p1a: Latias|[spread] p1a\n|-activate|p1b: Venusaur|move: Protect\n|debug|Spread modifier: 0.75\n|debug|Sunny Day fire boost\n|-resisted|p1a: Latias\n|debug|Light Screen weaken\n|-damage|p1a: Latias|328/364\n|\n|-weather|SunnyDay|[upkeep]\n|-heal|p1a: Latias|350/364|[from] item: Leftovers\n|upkeep\n|turn|4\n|j| Mango Meloetta\n|\n|t:|1725581496\n|move|p2a: PSA 10 Shadowless|Protect|p2a: PSA 10 Shadowless\n|-singleturn|p2a: PSA 10 Shadowless|Protect\n|move|p2b: Yurtle the Turtle?|Flip Turn|p1a: Latias\n|debug|Sunny Day water suppress\n|-resisted|p1a: Latias\n|-damage|p1a: Latias|334/364\n|\n|t:|1725581507\n|switch|p2b: Boom Burger|Rillaboom, M|404/404|[from] Flip Turn\n|-fieldstart|move: Grassy Terrain|[from] ability: Grassy Surge|[of] p2b: Boom Burger\n|move|p1a: Latias|Thunder Wave|p2a: PSA 10 Shadowless\n|-activate|p2a: PSA 10 Shadowless|move: Protect\n|move|p1b: Venusaur|Giga Drain|p2b: Boom Burger\n|debug|grassy terrain boost\n|-resisted|p2b: Boom Burger\n|-damage|p2b: Boom Burger|272/404\n|-heal|p1b: Venusaur|306/364|[from] drain|[of] p2b: Boom Burger\n|\n|-weather|SunnyDay|[upkeep]\n|debug|Pokemon semi-invuln or not grounded; Grassy Terrain skipped\n|-heal|p2b: Boom Burger|297/404|[from] Grassy Terrain\n|debug|Pokemon semi-invuln or not grounded; Grassy Terrain skipped\n|-heal|p1a: Latias|356/364|[from] item: Leftovers\n|-heal|p1b: Venusaur|328/364|[from] Grassy Terrain\n|-sideend|p2: smokeydabearrr|move: Tailwind\n|upkeep\n|turn|5\n|\n|t:|1725581533\n|switch|p2a: Yurtle the Turtle?|Blastoise, F|362/362\n|move|p1a: Latias|Thunder Wave|p2a: Yurtle the Turtle?\n|-status|p2a: Yurtle the Turtle?|par\n|move|p2b: Boom Burger|U-turn|p1b: Venusaur\n|-damage|p1b: Venusaur|220/364\n|\n|t:|1725581548\n|switch|p2b: WAKE ME UP INSIDE|Walking Wake|339/339|[from] U-turn\n|-activate|p2b: WAKE ME UP INSIDE|ability: Protosynthesis\n|-start|p2b: WAKE ME UP INSIDE|protosynthesisspa\n|move|p1b: Venusaur|Sludge Bomb|p2b: WAKE ME UP INSIDE\n|-damage|p2b: WAKE ME UP INSIDE|150/339\n|\n|-weather|none\n|-end|p2b: WAKE ME UP INSIDE|Protosynthesis\n|debug|Pokemon semi-invuln or not grounded; Grassy Terrain skipped\n|-heal|p1a: Latias|364/364|[from] item: Leftovers\n|-heal|p2b: WAKE ME UP INSIDE|171/339|[from] Grassy Terrain\n|-heal|p1b: Venusaur|242/364|[from] Grassy Terrain\n|upkeep\n|turn|6\n|\n|t:|1725581575\n|move|p2a: Yurtle the Turtle?|Fake Out|p1a: Latias\n|-damage|p1a: Latias|334/364\n|cant|p1a: Latias|flinch\n|move|p2b: WAKE ME UP INSIDE|Draco Meteor|p1a: Latias\n|-supereffective|p1a: Latias\n|debug|Light Screen weaken\n|-damage|p1a: Latias|25/364\n|-unboost|p2b: WAKE ME UP INSIDE|spa|2\n|-damage|p2b: WAKE ME UP INSIDE|138/339|[from] item: Life Orb\n|move|p1b: Venusaur|Giga Drain|p2b: WAKE ME UP INSIDE\n|debug|grassy terrain boost\n|-damage|p2b: WAKE ME UP INSIDE|0 fnt\n|-heal|p1b: Venusaur|311/364|[from] drain|[of] p2b: WAKE ME UP INSIDE\n|faint|p2b: WAKE ME UP INSIDE\n|-end|p2b: WAKE ME UP INSIDE|Protosynthesis|[silent]\n|\n|debug|Pokemon semi-invuln or not grounded; Grassy Terrain skipped\n|-heal|p1a: Latias|47/364|[from] item: Leftovers\n|-heal|p1b: Venusaur|333/364|[from] Grassy Terrain\n|upkeep\n|\n|t:|1725581593\n|switch|p2b: Scott Tennerman|Whimsicott, M, tera:Ghost|148/261\n|turn|7\n|\n|t:|1725581667\n|move|p2a: Yurtle the Turtle?|Follow Me|p2a: Yurtle the Turtle?\n|-singleturn|p2a: Yurtle the Turtle?|move: Follow Me\n|move|p1a: Latias|Tailwind|p1a: Latias\n|-sidestart|p1: Mattmandaman|move: Tailwind\n|move|p1b: Venusaur|Giga Drain|p2a: Yurtle the Turtle?\n|debug|Follow Me redirected target of move\n|debug|grassy terrain boost\n|-supereffective|p2a: Yurtle the Turtle?\n|-damage|p2a: Yurtle the Turtle?|20/362 par\n|-heal|p1b: Venusaur|364/364|[from] drain|[of] p2a: Yurtle the Turtle?\n|move|p2b: Scott Tennerman|Dazzling Gleam|p1a: Latias|[spread] p1a,p1b\n|debug|Spread modifier: 0.75\n|-supereffective|p1a: Latias\n|debug|Light Screen weaken\n|debug|Spread modifier: 0.75\n|-resisted|p1b: Venusaur\n|-crit|p1b: Venusaur\n|-damage|p1a: Latias|0 fnt\n|-damage|p1b: Venusaur|314/364\n|faint|p1a: Latias\n|\n|-heal|p1b: Venusaur|336/364|[from] Grassy Terrain\n|-heal|p2b: Scott Tennerman|164/261|[from] Grassy Terrain\n|-heal|p2a: Yurtle the Turtle?|42/362 par|[from] Grassy Terrain\n|-heal|p2a: Yurtle the Turtle?|64/362 par|[from] item: Leftovers\n|upkeep\n|\n|t:|1725581688\n|switch|p1a: Marshadow|Marshadow|384/384\n|turn|8\n|\n|t:|1725581710\n|move|p1a: Marshadow|Shadow Sneak|p2b: Scott Tennerman\n|debug|Base Power: 40\n|debug|Technician boost\n|-supereffective|p2b: Scott Tennerman\n|-damage|p2b: Scott Tennerman|0 fnt\n|faint|p2b: Scott Tennerman\n|move|p1b: Venusaur|Sludge Bomb|p2a: Yurtle the Turtle?\n|-damage|p2a: Yurtle the Turtle?|0 fnt\n|faint|p2a: Yurtle the Turtle?\n|\n|-heal|p1b: Venusaur|358/364|[from] Grassy Terrain\n|-sideend|p1: Mattmandaman|move: Light Screen\n|-fieldend|move: Grassy Terrain\n|upkeep\n|\n|t:|1725581725\n|switch|p2b: PSA 10 Shadowless|Charizard-Mega-Y, F|297/297\n|switch|p2a: Boom Burger|Rillaboom, M|297/404\n|-weather|SunnyDay|[from] ability: Drought|[of] p2b: PSA 10 Shadowless\n|-fieldstart|move: Grassy Terrain|[from] ability: Grassy Surge|[of] p2a: Boom Burger\n|turn|9\n|\n|t:|1725581743\n|-terastallize|p1a: Marshadow|Ghost\n|move|p1a: Marshadow|Spectral Thief|p2b: PSA 10 Shadowless\n|debug|Base Power: 90\n|-damage|p2b: PSA 10 Shadowless|9/297\n|move|p1b: Venusaur|Sludge Bomb|p2a: Boom Burger\n|-supereffective|p2a: Boom Burger\n|-damage|p2a: Boom Burger|0 fnt\n|debug|move failed because it did nothing\n|faint|p2a: Boom Burger\n|move|p2b: PSA 10 Shadowless|Heat Wave|p1a: Marshadow|[spread] p1a,p1b\n|debug|Spread modifier: 0.75\n|debug|Sunny Day fire boost\n|debug|Thick Fat weaken\n|debug|Spread modifier: 0.75\n|debug|Sunny Day fire boost\n|-supereffective|p1b: Venusaur\n|-damage|p1a: Marshadow|233/384\n|-damage|p1b: Venusaur|184/364\n|-status|p1a: Marshadow|brn\n|\n|-weather|SunnyDay|[upkeep]\n|-heal|p1a: Marshadow|257/384 brn|[from] Grassy Terrain\n|-heal|p1b: Venusaur|206/364|[from] Grassy Terrain\n|debug|Pokemon semi-invuln or not grounded; Grassy Terrain skipped\n|-damage|p1a: Marshadow|233/384 brn|[from] brn\n|upkeep\n|\n|t:|1725581757\n|switch|p2a: Raging B0ner|Raging Bolt|454/454\n|-activate|p2a: Raging B0ner|ability: Protosynthesis\n|-start|p2a: Raging B0ner|protosynthesisspa\n|turn|10\n|\n|t:|1725581766\n|move|p2b: PSA 10 Shadowless|Protect|p2b: PSA 10 Shadowless\n|-singleturn|p2b: PSA 10 Shadowless|Protect\n|move|p1a: Marshadow|Shadow Sneak|p2b: PSA 10 Shadowless\n|-activate|p2b: PSA 10 Shadowless|move: Protect\n|move|p1b: Venusaur|Sludge Bomb|p2a: Raging B0ner\n|-damage|p2a: Raging B0ner|333/454\n|move|p2a: Raging B0ner|Electroweb|p1a: Marshadow|[spread] p1a,p1b\n|debug|Protosynthesis spa boost\n|debug|Spread modifier: 0.75\n|debug|Protosynthesis spa boost\n|debug|Spread modifier: 0.75\n|-resisted|p1b: Venusaur\n|-damage|p1a: Marshadow|155/384 brn\n|-damage|p1b: Venusaur|160/364\n|-unboost|p1a: Marshadow|spe|1\n|-unboost|p1b: Venusaur|spe|1\n|\n|-weather|SunnyDay|[upkeep]\n|-heal|p1a: Marshadow|179/384 brn|[from] Grassy Terrain\n|debug|Pokemon semi-invuln or not grounded; Grassy Terrain skipped\n|-heal|p1b: Venusaur|182/364|[from] Grassy Terrain\n|-heal|p2a: Raging B0ner|361/454|[from] Grassy Terrain\n|-damage|p1a: Marshadow|155/384 brn|[from] brn\n|-sideend|p1: Mattmandaman|move: Tailwind\n|upkeep\n|turn|11\n|\n|t:|1725581795\n|move|p2b: PSA 10 Shadowless|Protect|p2b: PSA 10 Shadowless\n|debug|Success chance: 33%\n|-singleturn|p2b: PSA 10 Shadowless|Protect\n|move|p1a: Marshadow|Shadow Sneak|p2b: PSA 10 Shadowless\n|-activate|p2b: PSA 10 Shadowless|move: Protect\n|move|p2a: Raging B0ner|Electroweb|p1a: Marshadow|[spread] p1a,p1b\n|debug|Protosynthesis spa boost\n|debug|Spread modifier: 0.75\n|debug|Protosynthesis spa boost\n|debug|Spread modifier: 0.75\n|-resisted|p1b: Venusaur\n|-damage|p1a: Marshadow|79/384 brn\n|-damage|p1b: Venusaur|139/364\n|-unboost|p1a: Marshadow|spe|1\n|-unboost|p1b: Venusaur|spe|1\n|move|p1b: Venusaur|Sludge Bomb|p2a: Raging B0ner\n|-damage|p2a: Raging B0ner|228/454\n|-status|p2a: Raging B0ner|psn\n|\n|-weather|SunnyDay|[upkeep]\n|debug|Pokemon semi-invuln or not grounded; Grassy Terrain skipped\n|-heal|p2a: Raging B0ner|256/454 psn|[from] Grassy Terrain\n|-heal|p1a: Marshadow|103/384 brn|[from] Grassy Terrain\n|-heal|p1b: Venusaur|161/364|[from] Grassy Terrain\n|-damage|p2a: Raging B0ner|200/454 psn|[from] psn\n|-damage|p1a: Marshadow|79/384 brn|[from] brn\n|upkeep\n|turn|12\n|\n|t:|1725581817\n|move|p2a: Raging B0ner|Thunderclap|p1a: Marshadow\n|debug|Protosynthesis spa boost\n|-damage|p1a: Marshadow|0 fnt\n|faint|p1a: Marshadow\n|move|p2b: PSA 10 Shadowless|Heat Wave|p1b: Venusaur\n|debug|Thick Fat weaken\n|debug|Sunny Day fire boost\n|-supereffective|p1b: Venusaur\n|-damage|p1b: Venusaur|0 fnt\n|faint|p1b: Venusaur\n|\n|-weather|SunnyDay|[upkeep]\n|debug|Pokemon semi-invuln or not grounded; Grassy Terrain skipped\n|-heal|p2a: Raging B0ner|228/454 psn|[from] Grassy Terrain\n|-damage|p2a: Raging B0ner|172/454 psn|[from] psn\n|upkeep\n|\n|t:|1725581833\n|switch|p1a: Grimmsnarl|Grimmsnarl, M|259/394\n|switch|p1b: Diancie|Diancie|304/304\n|turn|13\n|\n|t:|1725581859\n|move|p1a: Grimmsnarl|Light Screen|p1a: Grimmsnarl\n|-sidestart|p1: Mattmandaman|move: Light Screen\n|move|p2b: PSA 10 Shadowless|Solar Beam||[still]\n|-prepare|p2b: PSA 10 Shadowless|Solar Beam\n|-anim|p2b: PSA 10 Shadowless|Solar Beam|p1b: Diancie\n|-supereffective|p1b: Diancie\n|debug|Light Screen weaken\n|-damage|p1b: Diancie|139/304\n|-enditem|p1b: Diancie|Weakness Policy\n|-boost|p1b: Diancie|atk|2|[from] item: Weakness Policy\n|-boost|p1b: Diancie|spa|2|[from] item: Weakness Policy\n|move|p2a: Raging B0ner|Thunderbolt|p1a: Grimmsnarl\n|debug|Protosynthesis spa boost\n|debug|Light Screen weaken\n|-damage|p1a: Grimmsnarl|126/394\n|move|p1b: Diancie|Diamond Storm|p2a: Raging B0ner|[spread] p2a,p2b\n|debug|Spread modifier: 0.75\n|debug|Spread modifier: 0.75\n|-supereffective|p2b: PSA 10 Shadowless\n|-damage|p2a: Raging B0ner|0 fnt\n|-damage|p2b: PSA 10 Shadowless|0 fnt\n|faint|p2a: Raging B0ner\n|-end|p2a: Raging B0ner|Protosynthesis|[silent]\n|faint|p2b: PSA 10 Shadowless\n|\n|win|Mattmandaman\n","uploadtime":1725581877,"views":"24","formatid":"gen9doublescustomgame","rating":null,"private":0,"password":null}