{"id":"gen9doublescustomgame-2260117154","format":"[Gen 9] Doubles Custom Game","players":["mistermoscow","Mango Meloetta"],"log":"|j|☆mistermoscow\n|j|☆Mango Meloetta\n|t:|1733804960\n|gametype|doubles\n|player|p1|mistermoscow|alder|\n|player|p2|Mango Meloetta|li|\n|teamsize|p1|6\n|teamsize|p2|6\n|gen|9\n|tier|[Gen 9] Doubles Custom Game\n|clearpoke\n|poke|p1|Poliwrath, F|\n|poke|p1|Dodrio, M|\n|poke|p1|Clefairy, M|\n|poke|p1|Nidoqueen, F|\n|poke|p1|Victreebel, M|\n|poke|p1|Snorlax, M|\n|poke|p2|Arcanine, M|\n|poke|p2|Golduck, F|\n|poke|p2|Parasect, F|\n|poke|p2|Magmar, F|\n|poke|p2|Dragonair, M|\n|poke|p2|Muk, M|\n|teampreview\n|\n|t:|1733805001\n|start\n|switch|p1a: Dodie|Dodrio, M|261/261\n|switch|p1b: Miss Nido|Nidoqueen, F|353/353\n|switch|p2a: Arcanine|Arcanine, M|384/384\n|switch|p2b: Parasect|Parasect, F|324/324\n|-ability|p2a: Arcanine|Intimidate|boost\n|-unboost|p1a: Dodie|atk|1\n|-unboost|p1b: Miss Nido|atk|1\n|turn|1\n|\n|t:|1733805031\n|move|p2b: Parasect|Rage Powder|p2b: Parasect\n|-singleturn|p2b: Parasect|move: Rage Powder\n|move|p1a: Dodie|Tailwind|p1a: Dodie\n|-sidestart|p1: mistermoscow|move: Tailwind\n|move|p1b: Miss Nido|Stealth Rock|p2b: Parasect\n|-sidestart|p2: Mango Meloetta|move: Stealth Rock\n|move|p2a: Arcanine|Wild Charge|p1a: Dodie\n|-supereffective|p1a: Dodie\n|-damage|p1a: Dodie|45/261\n|-damage|p2a: Arcanine|330/384|[from] Recoil\n|\n|upkeep\n|turn|2\n|\n|t:|1733805051\n|switch|p1a: Victor|Victreebel, M|364/364\n|move|p1b: Miss Nido|High Horsepower|p2a: Arcanine\n|-supereffective|p2a: Arcanine\n|-damage|p2a: Arcanine|47/384\n|-damage|p1b: Miss Nido|318/353|[from] item: Life Orb\n|move|p2a: Arcanine|Snarl|p1a: Victor|[spread] p1a,p1b\n|debug|Spread modifier: 0.75\n|debug|Spread modifier: 0.75\n|-damage|p1a: Victor|335/364\n|-damage|p1b: Miss Nido|289/353\n|-unboost|p1a: Victor|spa|1\n|-unboost|p1b: Miss Nido|spa|1\n|move|p2b: Parasect|Spore|p1b: Miss Nido\n|-status|p1b: Miss Nido|slp|[from] move: Spore\n|\n|upkeep\n|turn|3\n|c|☆mistermoscow|wait, whyd miss nido lose hp from attacking? I've got sheer force/life orb\n|c|☆mistermoscow|ooo high horsepower has no secondary effect so sheer force doesnt effect it\n|c|☆Mango Meloetta|ohhhh\n|c|☆Mango Meloetta|dang that's weird\n|\n|t:|1733805180\n|switch|p1b: Clifford|Clefairy, M|344/344\n|move|p1a: Victor|Sucker Punch|p2a: Arcanine\n|-damage|p2a: Arcanine|0 fnt\n|faint|p2a: Arcanine\n|move|p2b: Parasect|Spore|p1a: Victor\n|debug|natural powder immunity\n|-immune|p1a: Victor\n|\n|upkeep\n|\n|t:|1733805209\n|switch|p2a: Muk|Muk, M|414/414\n|-damage|p2a: Muk|363/414|[from] Stealth Rock\n|turn|4\n|\n|t:|1733805228\n|switch|p1b: Miss Nido|Nidoqueen, F|289/353 slp\n|move|p2b: Parasect|Rage Powder|p2b: Parasect\n|-singleturn|p2b: Parasect|move: Rage Powder\n|move|p1a: Victor|Sleep Powder|p2a: Muk\n|debug|natural status immunity\n|-status|p2a: Muk|slp|[from] move: Sleep Powder\n|cant|p2a: Muk|slp\n|\n|-heal|p2a: Muk|388/414 slp|[from] item: Black Sludge\n|-sideend|p1: mistermoscow|move: Tailwind\n|upkeep\n|turn|5\n|\n|t:|1733805280\n|cant|p1b: Miss Nido|slp\n|move|p1a: Victor|Swords Dance|p1a: Victor\n|-boost|p1a: Victor|atk|2\n|cant|p2a: Muk|slp\n|move|p2b: Parasect|Seed Bomb|p1b: Miss Nido\n|-damage|p1b: Miss Nido|183/353 slp\n|\n|-heal|p2a: Muk|413/414 slp|[from] item: Black Sludge\n|upkeep\n|turn|6\n|\n|t:|1733805311\n|move|p1a: Victor|Sucker Punch|p2b: Parasect\n|-damage|p2b: Parasect|229/324\n|cant|p1b: Miss Nido|slp\n|cant|p2a: Muk|slp\n|move|p2b: Parasect|Seed Bomb|p1b: Miss Nido\n|-damage|p1b: Miss Nido|83/353 slp\n|\n|-heal|p2a: Muk|414/414 slp|[from] item: Black Sludge\n|upkeep\n|turn|7\n|\n|t:|1733805340\n|cant|p1b: Miss Nido|slp\n|move|p1a: Victor|Swords Dance|p1a: Victor\n|-boost|p1a: Victor|atk|2\n|-curestatus|p2a: Muk|slp|[msg]\n|move|p2a: Muk|Knock Off|p1a: Victor\n|-damage|p1a: Victor|246/364\n|-enditem|p1a: Victor|Wide Lens|[from] move: Knock Off|[of] p2a: Muk\n|move|p2b: Parasect|Seed Bomb|p1b: Miss Nido\n|-damage|p1b: Miss Nido|0 fnt\n|faint|p1b: Miss Nido\n|\n|upkeep\n|\n|t:|1733805355\n|switch|p1b: Dodie|Dodrio, M|45/261\n|turn|8\n|\n|t:|1733805364\n|move|p2b: Parasect|Protect|p2b: Parasect\n|-singleturn|p2b: Parasect|Protect\n|move|p1b: Dodie|Tailwind|p1b: Dodie\n|-sidestart|p1: mistermoscow|move: Tailwind\n|move|p1a: Victor|Sleep Powder|p2a: Muk\n|-status|p2a: Muk|slp|[from] move: Sleep Powder\n|cant|p2a: Muk|slp\n|\n|upkeep\n|turn|9\n|\n|t:|1733805378\n|switch|p1b: Snax|Snorlax, M|524/524\n|move|p1a: Victor|Swords Dance|p1a: Victor\n|-boost|p1a: Victor|atk|2\n|cant|p2a: Muk|slp\n|move|p2b: Parasect|Spore|p1b: Snax\n|-status|p1b: Snax|slp|[from] move: Spore\n|\n|upkeep\n|turn|10\n|\n|t:|1733805404\n|move|p2b: Parasect|Protect|p2b: Parasect\n|-singleturn|p2b: Parasect|Protect\n|move|p1a: Victor|Sucker Punch||[still]\n|-fail|p1a: Victor\n|cant|p1b: Snax|slp\n|cant|p2a: Muk|slp\n|\n|upkeep\n|turn|11\n|\n|t:|1733805432\n|move|p2b: Parasect|Protect||[still]\n|debug|Success chance: 33%\n|-fail|p2b: Parasect\n|move|p1a: Victor|Sucker Punch||[still]\n|-fail|p1a: Victor\n|cant|p1b: Snax|slp\n|-curestatus|p2a: Muk|slp|[msg]\n|move|p2a: Muk|Knock Off|p1b: Snax\n|-damage|p1b: Snax|447/524 slp\n|-enditem|p1b: Snax|Leftovers|[from] move: Knock Off|[of] p2a: Muk\n|\n|-sideend|p1: mistermoscow|move: Tailwind\n|upkeep\n|turn|12\n|\n|t:|1733805449\n|switch|p2b: Magmar|Magmar, F|272/272\n|-damage|p2b: Magmar|204/272|[from] Stealth Rock\n|move|p2a: Muk|Protect|p2a: Muk\n|-singleturn|p2a: Muk|Protect\n|move|p1a: Victor|Sleep Powder|p2a: Muk\n|-activate|p2a: Muk|move: Protect\n|-curestatus|p1b: Snax|slp|[msg]\n|move|p1b: Snax|Psych Up|p1a: Victor\n|-copyboost|p1b: Snax|p1a: Victor|[from] move: Psych Up\n|\n|upkeep\n|turn|13\n|c|☆Mango Meloetta|oof lol\n|\n|t:|1733805480\n|move|p2b: Magmar|Protect|p2b: Magmar\n|-singleturn|p2b: Magmar|Protect\n|move|p1a: Victor|Sucker Punch||[still]\n|-fail|p1a: Victor\n|move|p2a: Muk|Gunk Shot|p1b: Snax\n|-damage|p1b: Snax|311/524\n|move|p1b: Snax|Double-Edge|p2a: Muk\n|-damage|p2a: Muk|0 fnt\n|faint|p2a: Muk\n|-damage|p1b: Snax|174/524|[from] Recoil\n|\n|upkeep\n|\n|t:|1733805501\n|switch|p2a: Parasect|Parasect, F|229/324\n|-damage|p2a: Parasect|148/324|[from] Stealth Rock\n|turn|14\n|\n|t:|1733805516\n|move|p1a: Victor|Sucker Punch|p2b: Magmar\n|-damage|p2b: Magmar|0 fnt\n|faint|p2b: Magmar\n|move|p2a: Parasect|Spore|p1b: Snax\n|-status|p1b: Snax|slp|[from] move: Spore\n|cant|p1b: Snax|slp\n|\n|upkeep\n|\n|t:|1733805523\n|switch|p2b: Golduck|Golduck, F|302/302\n|-damage|p2b: Golduck|265/302|[from] Stealth Rock\n|turn|15\n|\n|t:|1733805531\n|move|p1a: Victor|Sucker Punch||[still]\n|-fail|p1a: Victor\n|move|p2b: Golduck|Rain Dance|p2b: Golduck\n|-weather|RainDance\n|cant|p1b: Snax|slp\n|move|p2a: Parasect|Seed Bomb|p1b: Snax\n|-damage|p1b: Snax|89/524 slp\n|\n|-weather|RainDance|[upkeep]\n|-heal|p2a: Parasect|188/324|[from] ability: Dry Skin\n|upkeep\n|turn|16\n|\n|t:|1733805553\n|move|p2b: Golduck|Protect|p2b: Golduck\n|-singleturn|p2b: Golduck|Protect\n|move|p1a: Victor|Sucker Punch||[still]\n|-fail|p1a: Victor\n|cant|p1b: Snax|slp\n|move|p2a: Parasect|Seed Bomb|p1b: Snax\n|-damage|p1b: Snax|0 fnt\n|faint|p1b: Snax\n|\n|-weather|RainDance|[upkeep]\n|-heal|p2a: Parasect|228/324|[from] ability: Dry Skin\n|upkeep\n|\n|t:|1733805567\n|switch|p1b: Dodie|Dodrio, M|45/261\n|turn|17\n|\n|t:|1733805585\n|move|p2b: Golduck|Ice Beam|p1a: Victor\n|-supereffective|p1a: Victor\n|-damage|p1a: Victor|20/364\n|-damage|p2b: Golduck|235/302|[from] item: Life Orb\n|move|p1b: Dodie|Tailwind|p1b: Dodie\n|-sidestart|p1: mistermoscow|move: Tailwind\n|move|p1a: Victor|Leaf Blade|p2b: Golduck\n|-supereffective|p2b: Golduck\n|-damage|p2b: Golduck|0 fnt\n|faint|p2b: Golduck\n|move|p2a: Parasect|Spore|p1b: Dodie\n|-status|p1b: Dodie|slp|[from] move: Spore\n|\n|-weather|RainDance|[upkeep]\n|-heal|p2a: Parasect|268/324|[from] ability: Dry Skin\n|upkeep\n|c|☆Mango Meloetta|balls lol\n|\n|t:|1733805597\n|switch|p2b: Dragonair|Dragonair, M|264/264\n|-damage|p2b: Dragonair|231/264|[from] Stealth Rock\n|turn|18\n|\n|t:|1733805613\n|move|p2a: Parasect|Rage Powder|p2a: Parasect\n|-singleturn|p2a: Parasect|move: Rage Powder\n|cant|p1b: Dodie|slp\n|move|p1a: Victor|Sleep Powder|p2b: Dragonair\n|debug|natural status immunity\n|-status|p2b: Dragonair|slp|[from] move: Sleep Powder\n|cant|p2b: Dragonair|slp\n|\n|-weather|RainDance|[upkeep]\n|-heal|p2a: Parasect|308/324|[from] ability: Dry Skin\n|upkeep\n|turn|19\n|\n|t:|1733805633\n|-curestatus|p1b: Dodie|slp|[msg]\n|move|p1b: Dodie|Brave Bird|p2a: Parasect\n|-supereffective|p2a: Parasect\n|-damage|p2a: Parasect|0 fnt\n|faint|p2a: Parasect\n|-damage|p1b: Dodie|0 fnt|[from] Recoil\n|faint|p1b: Dodie\n|move|p1a: Victor|Leaf Blade|p2b: Dragonair\n|-resisted|p2b: Dragonair\n|-damage|p2b: Dragonair|15/264 slp\n|-curestatus|p2b: Dragonair|slp|[msg]\n|move|p2b: Dragonair|Dragon Dance|p2b: Dragonair\n|-boost|p2b: Dragonair|atk|1\n|-boost|p2b: Dragonair|spe|1\n|\n|-weather|none\n|upkeep\n|\n|t:|1733805651\n|switch|p1b: Clifford|Clefairy, M|344/344\n|turn|20\n|\n|t:|1733805657\n|move|p2b: Dragonair|Protect|p2b: Dragonair\n|-singleturn|p2b: Dragonair|Protect\n|move|p1a: Victor|Sleep Powder|p2b: Dragonair\n|-activate|p2b: Dragonair|move: Protect\n|move|p1b: Clifford|Moonblast|p2b: Dragonair\n|-activate|p2b: Dragonair|move: Protect\n|\n|-sideend|p1: mistermoscow|move: Tailwind\n|upkeep\n|turn|21\n|\n|t:|1733805668\n|move|p2b: Dragonair|Extreme Speed|p1a: Victor\n|-damage|p1a: Victor|0 fnt\n|faint|p1a: Victor\n|move|p1b: Clifford|Moonblast|p2b: Dragonair\n|-supereffective|p2b: Dragonair\n|-damage|p2b: Dragonair|0 fnt\n|faint|p2b: Dragonair\n|\n|win|mistermoscow\n|c|☆mistermoscow|gg\n|c|☆Mango Meloetta|ah gg lol\n|c|☆Mango Meloetta|well played\n|c|☆mistermoscow|one more?\n|c|☆Mango Meloetta|i gotta bounce but ill be on wednesday\n|c|☆mistermoscow|ok sounds good\n|c|☆mistermoscow|talk to ya later dude\n|c|☆Mango Meloetta|possibly late tomorrow too\n|c|☆Mango Meloetta|pce bro\n|l|☆mistermoscow\n|player|p1|\n","uploadtime":1733805681,"views":"43","formatid":"gen9doublescustomgame","rating":null,"private":0,"password":null}