{"id":"gen9doublescustomgame-2301601504","format":"[Gen 9] Doubles Custom Game","players":["mistermoscow","Mattmandaman"],"log":"|j|☆mistermoscow\n|j|☆Mattmandaman\n|t:|1739671533\n|gametype|doubles\n|player|p1|mistermoscow|alder|\n|player|p2|Mattmandaman|giovanni|\n|teamsize|p1|6\n|teamsize|p2|6\n|gen|9\n|tier|[Gen 9] Doubles Custom Game\n|clearpoke\n|poke|p1|Primeape, M|\n|poke|p1|Dewgong, M|\n|poke|p1|Exeggutor, M|\n|poke|p1|Mr. Mime, F|\n|poke|p1|Jolteon, M|\n|poke|p1|Dragonite, M|\n|poke|p2|Dodrio, F|\n|poke|p2|Nidoking, M|\n|poke|p2|Starmie|\n|poke|p2|Nidoqueen, F|\n|poke|p2|Chansey, F|\n|poke|p2|Gengar, F|\n|teampreview\n|\n|t:|1739671579\n|start\n|switch|p1a: Eggman|Exeggutor, M|363/363\n|switch|p1b: Dewey|Dewgong, M|353/353\n|switch|p2a: Gengar|Gengar, F|262/262\n|switch|p2b: Nidoqueen|Nidoqueen, F|384/384\n|turn|1\n|\n|t:|1739671606\n|move|p2a: Gengar|Sludge Bomb|p1a: Eggman\n|-supereffective|p1a: Eggman\n|-damage|p1a: Eggman|0 fnt\n|debug|move failed because it did nothing\n|faint|p1a: Eggman\n|move|p1b: Dewey|Flip Turn|p2a: Gengar\n|-damage|p2a: Gengar|181/262\n|\n|t:|1739671629\n|switch|p1b: Apollo|Primeape, M|334/334|[from] Flip Turn\n|move|p2b: Nidoqueen|Stealth Rock|p1b: Apollo\n|-sidestart|p1: mistermoscow|move: Stealth Rock\n|\n|upkeep\n|\n|t:|1739671643\n|switch|p1a: Mrs. Mr. Mime|Mr. Mime, F|284/284\n|-damage|p1a: Mrs. Mr. Mime|249/284|[from] Stealth Rock\n|turn|2\n|\n|t:|1739671657\n|move|p1a: Mrs. Mr. Mime|Follow Me|p1a: Mrs. Mr. Mime\n|-singleturn|p1a: Mrs. Mr. Mime|move: Follow Me\n|move|p2a: Gengar|Will-O-Wisp|p1a: Mrs. Mr. Mime\n|debug|Follow Me redirected target of move\n|-status|p1a: Mrs. Mr. Mime|brn\n|move|p1b: Apollo|Rage Fist|p2a: Gengar\n|-supereffective|p2a: Gengar\n|-damage|p2a: Gengar|45/262\n|move|p2b: Nidoqueen|Poison Jab|p1a: Mrs. Mr. Mime\n|debug|Follow Me redirected target of move\n|-supereffective|p1a: Mrs. Mr. Mime\n|debug|Filter neutralize\n|-damage|p1a: Mrs. Mr. Mime|110/284 brn\n|debug|move failed because it did nothing\n|\n|-damage|p1a: Mrs. Mr. Mime|93/284 brn|[from] brn\n|upkeep\n|turn|3\n|\n|t:|1739671700\n|move|p1b: Apollo|Protect|p1b: Apollo\n|-singleturn|p1b: Apollo|Protect\n|move|p2a: Gengar|Psychic|p1b: Apollo\n|-activate|p1b: Apollo|move: Protect\n|move|p1a: Mrs. Mr. Mime|Expanding Force|p2a: Gengar\n|-supereffective|p2a: Gengar\n|-damage|p2a: Gengar|0 fnt\n|faint|p2a: Gengar\n|move|p2b: Nidoqueen|Poison Jab|p1a: Mrs. Mr. Mime\n|-supereffective|p1a: Mrs. Mr. Mime\n|debug|Filter neutralize\n|-damage|p1a: Mrs. Mr. Mime|0 fnt\n|faint|p1a: Mrs. Mr. Mime\n|\n|upkeep\n|\n|t:|1739671718\n|switch|p2a: Nidoking|Nidoking, M|304/304\n|switch|p1a: Sparky|Jolteon, M|271/271\n|-damage|p1a: Sparky|238/271|[from] Stealth Rock\n|turn|4\n|\n|t:|1739671745\n|move|p2a: Nidoking|Sludge Wave|p1a: Sparky|[spread] p2b,p1a,p1b\n|debug|Spread modifier: 0.75\n|-resisted|p2b: Nidoqueen\n|debug|Spread modifier: 0.75\n|debug|Spread modifier: 0.75\n|-crit|p1b: Apollo\n|-damage|p2b: Nidoqueen|348/384\n|-damage|p1a: Sparky|87/271\n|-damage|p1b: Apollo|207/334\n|-setboost|p1b: Apollo|atk|6|[from] ability: Anger Point\n|move|p1a: Sparky|Shadow Ball|p2a: Nidoking\n|-damage|p2a: Nidoking|184/304\n|move|p1b: Apollo|Bulk Up|p1b: Apollo\n|-boost|p1b: Apollo|atk|0\n|-boost|p1b: Apollo|def|1\n|move|p2b: Nidoqueen|Poison Jab|p1b: Apollo\n|-damage|p1b: Apollo|143/334\n|\n|-heal|p2b: Nidoqueen|372/384|[from] item: Black Sludge\n|-status|p1a: Sparky|brn|[from] item: Flame Orb\n|upkeep\n|turn|5\n|\n|t:|1739671785\n|move|p1a: Sparky|Shadow Ball|p2b: Nidoqueen\n|-damage|p2b: Nidoqueen|263/384\n|-unboost|p2b: Nidoqueen|spd|1\n|move|p2a: Nidoking|Sludge Wave|p1b: Apollo|[spread] p2b,p1a,p1b\n|debug|Spread modifier: 0.75\n|-resisted|p2b: Nidoqueen\n|debug|Spread modifier: 0.75\n|debug|Spread modifier: 0.75\n|-crit|p1b: Apollo\n|-damage|p2b: Nidoqueen|208/384\n|-damage|p1a: Sparky|0 fnt\n|-damage|p1b: Apollo|2/334\n|faint|p1a: Sparky\n|move|p1b: Apollo|Drain Punch|p2a: Nidoking\n|-resisted|p2a: Nidoking\n|-damage|p2a: Nidoking|0 fnt\n|-heal|p1b: Apollo|94/334|[from] drain|[of] p2a: Nidoking\n|faint|p2a: Nidoking\n|move|p2b: Nidoqueen|Poison Jab|p1b: Apollo\n|-damage|p1b: Apollo|28/334\n|-status|p1b: Apollo|psn\n|\n|-heal|p2b: Nidoqueen|232/384|[from] item: Black Sludge\n|-damage|p1b: Apollo|0 fnt|[from] psn\n|faint|p1b: Apollo\n|upkeep\n|c|☆mistermoscow|fucking crit twice in a row\n|c|☆Mattmandaman|wild\n|c|☆mistermoscow|rng is fucking bullshit\n|c|☆Mattmandaman|i thought i was unlucky for a sec\n|c|☆Mattmandaman|but the second one made it so lucky\n|\n|t:|1739671843\n|switch|p1a: Puff Daddy|Dragonite, M|355/355\n|switch|p2a: Starmie|Starmie|262/262\n|switch|p1b: Dewey|Dewgong, M|353/353\n|-damage|p1b: Dewey|265/353|[from] Stealth Rock\n|-damage|p1a: Puff Daddy|267/355|[from] Stealth Rock\n|turn|6\n|\n|t:|1739671858\n|move|p2a: Starmie|Ice Beam|p1a: Puff Daddy\n|-supereffective|p1a: Puff Daddy\n|-damage|p1a: Puff Daddy|0 fnt\n|faint|p1a: Puff Daddy\n|move|p1b: Dewey|Toxic|p2a: Starmie\n|-status|p2a: Starmie|tox\n|move|p2b: Nidoqueen|Poison Jab|p1b: Dewey\n|-damage|p1b: Dewey|181/353\n|-damage|p2b: Nidoqueen|168/384|[from] item: Rocky Helmet|[of] p1b: Dewey\n|\n|-heal|p2b: Nidoqueen|192/384|[from] item: Black Sludge\n|-damage|p2a: Starmie|246/262 tox|[from] psn\n|upkeep\n|turn|7\n|\n|t:|1739671873\n|move|p2a: Starmie|Psychic|p1b: Dewey\n|-damage|p1b: Dewey|28/353\n|move|p1b: Dewey|Flip Turn|p2b: Nidoqueen\n|-supereffective|p2b: Nidoqueen\n|-damage|p2b: Nidoqueen|102/384\n|move|p2b: Nidoqueen|Poison Jab|p1b: Dewey\n|-damage|p1b: Dewey|0 fnt\n|debug|move failed because it did nothing\n|-damage|p2b: Nidoqueen|38/384|[from] item: Rocky Helmet|[of] p1b: Dewey\n|faint|p1b: Dewey\n|\n|win|Mattmandaman\n|c|☆mistermoscow|gg\n|c|☆Mattmandaman|gg\n","uploadtime":1739671885,"views":"14","formatid":"gen9doublescustomgame","rating":null,"private":0,"password":null}