{"id":"gen9doublescustomgame-2344416322","format":"[Gen 9] Doubles Custom Game","players":["mistermoscow","je64"],"log":"|j|☆mistermoscow\n|j|☆je64\n|t:|1744846745\n|gametype|doubles\n|player|p1|mistermoscow|alder|\n|player|p2|je64|2|\n|teamsize|p1|6\n|teamsize|p2|6\n|gen|9\n|tier|[Gen 9] Doubles Custom Game\n|clearpoke\n|poke|p1|Nidoking, M|\n|poke|p1|Machoke, M|\n|poke|p1|Dewgong, M|\n|poke|p1|Exeggutor, M|\n|poke|p1|Mr. Mime, M|\n|poke|p1|Jolteon, M|\n|poke|p2|Electabuzz, F|\n|poke|p2|Nidoqueen, F|\n|poke|p2|Arcanine, F|\n|poke|p2|Weezing, F|\n|poke|p2|Snorlax, F|\n|poke|p2|Persian, M|\n|teampreview\n|\n|t:|1744846795\n|start\n|switch|p1a: Sparky|Jolteon, M|271/271\n|switch|p1b: Mimsy|Mr. Mime, M|221/221\n|switch|p2a: Weezing|Weezing, F|334/334\n|switch|p2b: Persian|Persian, M|272/272\n|turn|1\n|\n|t:|1744846830\n|move|p2b: Persian|Fake Out|p1b: Mimsy\n|debug|Base Power: 40\n|debug|Technician boost\n|-damage|p1b: Mimsy|143/221\n|move|p1a: Sparky|Reflect|p1a: Sparky\n|-sidestart|p1: mistermoscow|Reflect\n|cant|p1b: Mimsy|flinch\n|move|p2a: Weezing|Stockpile|p2a: Weezing\n|-start|p2a: Weezing|stockpile1\n|-boost|p2a: Weezing|def|1\n|-boost|p2a: Weezing|spd|1\n|\n|upkeep\n|turn|2\n|\n|t:|1744846856\n|move|p1a: Sparky|Light Screen|p1a: Sparky\n|-sidestart|p1: mistermoscow|move: Light Screen\n|move|p2b: Persian|U-turn|p1b: Mimsy\n|debug|Base Power: 70\n|debug|Reflect weaken\n|-damage|p1b: Mimsy|108/221\n|\n|t:|1744846866\n|switch|p2b: Nidoqueen|Nidoqueen, F|321/321|[from] U-turn\n|move|p1b: Mimsy|Psychic Terrain|p1b: Mimsy\n|-fieldstart|move: Psychic Terrain\n|move|p2a: Weezing|Poison Gas|p1a: Sparky|[spread] p1a,p1b\n|-status|p1a: Sparky|psn\n|-status|p1b: Mimsy|psn\n|\n|-damage|p1a: Sparky|238/271 psn|[from] psn\n|-damage|p1b: Mimsy|81/221 psn|[from] psn\n|upkeep\n|turn|3\n|\n|t:|1744846885\n|move|p2b: Nidoqueen|Sludge Bomb|p1b: Mimsy\n|-supereffective|p1b: Mimsy\n|debug|Filter neutralize\n|debug|Light Screen weaken\n|-damage|p1b: Mimsy|0 fnt\n|faint|p1b: Mimsy\n|move|p1a: Sparky|Shadow Ball|p2b: Nidoqueen\n|-damage|p2b: Nidoqueen|220/321\n|-unboost|p2b: Nidoqueen|spd|1\n|move|p2a: Weezing|Stockpile|p2a: Weezing\n|-start|p2a: Weezing|stockpile2\n|-boost|p2a: Weezing|def|1\n|-boost|p2a: Weezing|spd|1\n|\n|-damage|p1a: Sparky|205/271 psn|[from] psn\n|upkeep\n|\n|t:|1744846901\n|switch|p1b: Randy|Machoke, M|302/302\n|turn|4\n|\n|t:|1744846938\n|move|p2b: Nidoqueen|Sludge Bomb|p1a: Sparky\n|debug|Light Screen weaken\n|-damage|p1a: Sparky|122/271 psn\n|move|p1a: Sparky|Shadow Ball|p2a: Weezing\n|-damage|p2a: Weezing|296/334\n|-unboost|p2a: Weezing|spd|1\n|move|p2a: Weezing|Stockpile|p2a: Weezing\n|-start|p2a: Weezing|stockpile3\n|-boost|p2a: Weezing|def|1\n|-boost|p2a: Weezing|spd|1\n|move|p1b: Randy|Fissure|p2b: Nidoqueen\n|-damage|p2b: Nidoqueen|0 fnt\n|faint|p2b: Nidoqueen\n|-ohko\n|\n|-heal|p2a: Weezing|316/334|[from] item: Black Sludge\n|-damage|p1a: Sparky|89/271 psn|[from] psn\n|upkeep\n|\n|t:|1744846970\n|switch|p2b: Persian|Persian, M|272/272\n|turn|5\n|\n|t:|1744847009\n|move|p2b: Persian|Fake Out|p1b: Randy\n|-activate|p1b: Randy|move: Psychic Terrain\n|move|p1a: Sparky|Electroweb|p2a: Weezing|[spread] p2a,p2b\n|debug|Spread modifier: 0.75\n|debug|Spread modifier: 0.75\n|-damage|p2a: Weezing|288/334\n|-damage|p2b: Persian|172/272\n|-unboost|p2a: Weezing|spe|1\n|-unboost|p2b: Persian|spe|1\n|move|p1b: Randy|Dynamic Punch|p2a: Weezing\n|-resisted|p2a: Weezing\n|-damage|p2a: Weezing|269/334\n|-start|p2a: Weezing|confusion\n|-activate|p2a: Weezing|confusion\n|-damage|p2a: Weezing|260/334|[from] confusion\n|\n|-heal|p2a: Weezing|280/334|[from] item: Black Sludge\n|-damage|p1a: Sparky|56/271 psn|[from] psn\n|upkeep\n|turn|6\n|\n|t:|1744847053\n|switch|p1a: Dewey|Dewgong, M|384/384\n|move|p2b: Persian|Thunder Wave|p1b: Randy\n|-status|p1b: Randy|par\n|-activate|p2a: Weezing|confusion\n|move|p2a: Weezing|Poison Gas||[still]|[spread] p1a,p1b\n|-status|p1a: Dewey|psn\n|-fail|p2a: Weezing\n|cant|p1b: Randy|par\n|\n|-heal|p2a: Weezing|300/334|[from] item: Black Sludge\n|-damage|p1a: Dewey|336/384 psn|[from] psn\n|-fieldend|move: Psychic Terrain\n|upkeep\n|turn|7\n|\n|t:|1744847097\n|move|p1a: Dewey|Fake Out|p2a: Weezing\n|-damage|p2a: Weezing|286/334\n|move|p2b: Persian|U-turn|p1a: Dewey\n|debug|Base Power: 70\n|debug|Reflect weaken\n|-damage|p1a: Dewey|295/384 psn\n|\n|t:|1744847112\n|switch|p2b: Electabuzz|Electabuzz, F|334/334|[from] U-turn\n|cant|p2a: Weezing|flinch\n|cant|p1b: Randy|par\n|\n|-heal|p2a: Weezing|306/334|[from] item: Black Sludge\n|-damage|p1a: Dewey|247/384 psn|[from] psn\n|upkeep\n|turn|8\n|\n|t:|1744847135\n|switch|p1a: Eggman|Exeggutor, M|394/394\n|switch|p1b: King Nido|Nidoking, M|303/303\n|move|p2b: Electabuzz|Electroweb|p1b: King Nido|[spread] p1a\n|-immune|p1b: King Nido\n|debug|Spread modifier: 0.75\n|-resisted|p1a: Eggman\n|debug|Light Screen weaken\n|-damage|p1a: Eggman|374/394\n|-unboost|p1a: Eggman|spe|1\n|-end|p2a: Weezing|confusion\n|move|p2a: Weezing|Heat Wave|p1b: King Nido|[spread] p1a\n|-miss|p2a: Weezing|p1b: King Nido\n|debug|Spread modifier: 0.75\n|-supereffective|p1a: Eggman\n|debug|Light Screen weaken\n|-damage|p1a: Eggman|286/394\n|-status|p1a: Eggman|brn\n|\n|-heal|p2a: Weezing|326/334|[from] item: Black Sludge\n|-damage|p1a: Eggman|262/394 brn|[from] brn\n|-sideend|p1: mistermoscow|Reflect\n|upkeep\n|turn|9\n|\n|t:|1744847175\n|switch|p2b: Snorlax|Snorlax, F|524/524\n|move|p1a: Eggman|Protect|p1a: Eggman\n|-singleturn|p1a: Eggman|Protect\n|move|p1b: King Nido|Earth Power|p2b: Snorlax\n|-damage|p2b: Snorlax|382/524\n|move|p2a: Weezing|Heat Wave|p1b: King Nido|[spread] p1b\n|-activate|p1a: Eggman|move: Protect\n|debug|Spread modifier: 0.75\n|debug|Light Screen weaken\n|-damage|p1b: King Nido|262/303\n|-status|p1b: King Nido|brn\n|\n|-heal|p2a: Weezing|334/334|[from] item: Black Sludge\n|-damage|p1b: King Nido|244/303 brn|[from] brn\n|-damage|p1a: Eggman|238/394 brn|[from] brn\n|-sideend|p1: mistermoscow|move: Light Screen\n|upkeep\n|turn|10\n|\n|t:|1744847205\n|switch|p1a: Dewey|Dewgong, M|247/384 psn\n|move|p1b: King Nido|Earth Power|p2b: Snorlax\n|-damage|p2b: Snorlax|232/524\n|-enditem|p2b: Snorlax|Figy Berry|[eat]\n|-heal|p2b: Snorlax|406/524|[from] item: Figy Berry\n|move|p2a: Weezing|Heat Wave|p1a: Dewey|[spread] p1a,p1b\n|debug|Thick Fat weaken\n|debug|Spread modifier: 0.75\n|debug|Spread modifier: 0.75\n|-damage|p1a: Dewey|222/384 psn\n|-damage|p1b: King Nido|184/303 brn\n|debug|Covert Cloak prevent secondary\n|move|p2b: Snorlax|Return|p1a: Dewey\n|-damage|p1a: Dewey|62/384 psn\n|\n|-damage|p1a: Dewey|14/384 psn|[from] psn\n|-damage|p1b: King Nido|166/303 brn|[from] brn\n|upkeep\n|turn|11\n|\n|t:|1744847236\n|move|p1b: King Nido|Earth Power|p2b: Snorlax\n|-damage|p2b: Snorlax|270/524\n|move|p1a: Dewey|Flip Turn|p2b: Snorlax\n|-damage|p2b: Snorlax|191/524\n|\n|t:|1744847242\n|switch|p1a: Randy|Machoke, M|302/302 par|[from] Flip Turn\n|move|p2a: Weezing|Heat Wave|p1b: King Nido|[spread] p1a,p1b\n|debug|Spread modifier: 0.75\n|debug|Spread modifier: 0.75\n|-damage|p1a: Randy|272/302 par\n|-damage|p1b: King Nido|102/303 brn\n|move|p2b: Snorlax|Recycle|p2b: Snorlax\n|-item|p2b: Snorlax|Figy Berry|[from] move: Recycle\n|-enditem|p2b: Snorlax|Figy Berry|[eat]\n|-heal|p2b: Snorlax|365/524|[from] item: Figy Berry\n|\n|-damage|p1b: King Nido|84/303 brn|[from] brn\n|upkeep\n|turn|12\n|\n|t:|1744847277\n|switch|p1b: Dewey|Dewgong, M|14/384 psn\n|move|p2a: Weezing|Heat Wave|p1a: Randy|[spread] p1a,p1b\n|debug|Spread modifier: 0.75\n|debug|Thick Fat weaken\n|debug|Spread modifier: 0.75\n|-damage|p1a: Randy|240/302 par\n|-damage|p1b: Dewey|0 fnt\n|debug|Covert Cloak prevent secondary\n|faint|p1b: Dewey\n|move|p2b: Snorlax|Return|p1a: Randy\n|-damage|p1a: Randy|149/302 par\n|cant|p1a: Randy|par\n|\n|upkeep\n|\n|t:|1744847291\n|switch|p1b: Sparky|Jolteon, M|56/271 psn\n|turn|13\n|\n|t:|1744847309\n|move|p1b: Sparky|Reflect|p1b: Sparky\n|-sidestart|p1: mistermoscow|Reflect\n|move|p2a: Weezing|Poison Gas||[still]|[spread] \n|-fail|p2a: Weezing\n|-fail|p1b: Sparky|psn\n|debug|move failed because it did nothing\n|move|p2b: Snorlax|Return|p1a: Randy\n|debug|Reflect weaken\n|-damage|p1a: Randy|86/302 par\n|move|p1a: Randy|Fissure|p2b: Snorlax\n|-damage|p2b: Snorlax|0 fnt\n|faint|p2b: Snorlax\n|-ohko\n|\n|-damage|p1b: Sparky|23/271 psn|[from] psn\n|upkeep\n|\n|t:|1744847323\n|switch|p2b: Persian|Persian, M|172/272\n|turn|14\n|\n|t:|1744847366\n|switch|p1b: King Nido|Nidoking, M|84/303 brn\n|move|p2b: Persian|Fake Out|p1b: King Nido\n|debug|Base Power: 40\n|debug|Technician boost\n|debug|Reflect weaken\n|-damage|p1b: King Nido|21/303 brn\n|move|p2a: Weezing|Heat Wave|p1b: King Nido|[spread] p1a,p1b\n|debug|Spread modifier: 0.75\n|debug|Spread modifier: 0.75\n|-damage|p1a: Randy|55/302 par\n|-damage|p1b: King Nido|0 fnt\n|faint|p1b: King Nido\n|move|p1a: Randy|Fissure|p2b: Persian\n|-damage|p2b: Persian|0 fnt\n|faint|p2b: Persian\n|-ohko\n|\n|upkeep\n|\n|t:|1744847383\n|switch|p2b: Electabuzz|Electabuzz, F|334/334\n|switch|p1b: Sparky|Jolteon, M|23/271 psn\n|turn|15\n|\n|t:|1744847403\n|move|p1b: Sparky|Electroweb|p2b: Electabuzz|[spread] p2a,p2b\n|debug|Spread modifier: 0.75\n|debug|Spread modifier: 0.75\n|-resisted|p2b: Electabuzz\n|-damage|p2a: Weezing|307/334\n|-damage|p2b: Electabuzz|309/334\n|-unboost|p2a: Weezing|spe|1\n|-unboost|p2b: Electabuzz|spe|1\n|move|p2b: Electabuzz|Light Screen|p2b: Electabuzz\n|-sidestart|p2: je64|move: Light Screen\n|move|p2a: Weezing|Heat Wave|p1b: Sparky|[spread] p1a,p1b\n|debug|Spread modifier: 0.75\n|debug|Spread modifier: 0.75\n|-damage|p1a: Randy|22/302 par\n|-damage|p1b: Sparky|0 fnt\n|faint|p1b: Sparky\n|cant|p1a: Randy|par\n|\n|-heal|p2a: Weezing|327/334|[from] item: Black Sludge\n|upkeep\n|\n|t:|1744847415\n|switch|p1b: Eggman|Exeggutor, M|238/394 brn\n|turn|16\n|\n|t:|1744847428\n|move|p2b: Electabuzz|Electroweb|p1b: Eggman|[spread] p1a,p1b\n|debug|Spread modifier: 0.75\n|debug|Spread modifier: 0.75\n|-resisted|p1b: Eggman\n|-damage|p1a: Randy|0 fnt\n|-damage|p1b: Eggman|209/394 brn\n|-unboost|p1b: Eggman|spe|1\n|faint|p1a: Randy\n|move|p1b: Eggman|Expanding Force|p2a: Weezing\n|-supereffective|p2a: Weezing\n|debug|Light Screen weaken\n|-damage|p2a: Weezing|211/334\n|-damage|p1b: Eggman|170/394 brn|[from] item: Life Orb\n|move|p2a: Weezing|Heat Wave|p1b: Eggman\n|-supereffective|p1b: Eggman\n|-damage|p1b: Eggman|16/394 brn\n|\n|-heal|p2a: Weezing|231/334|[from] item: Black Sludge\n|-damage|p1b: Eggman|0 fnt|[from] brn\n|faint|p1b: Eggman\n|\n|win|je64\n","uploadtime":1744847444,"views":"21","formatid":"gen9doublescustomgame","rating":null,"private":0,"password":null}