{"id":"gen9doublescustomgame-2301595946","format":"[Gen 9] Doubles Custom Game","players":["mistermoscow","Mattmandaman"],"log":"|j|☆mistermoscow\n|j|☆Mattmandaman\n|t:|1739670747\n|gametype|doubles\n|player|p1|mistermoscow|alder|\n|player|p2|Mattmandaman|giovanni|\n|teamsize|p1|6\n|teamsize|p2|6\n|gen|9\n|tier|[Gen 9] Doubles Custom Game\n|clearpoke\n|poke|p1|Primeape, M|\n|poke|p1|Dewgong, M|\n|poke|p1|Exeggutor, M|\n|poke|p1|Mr. Mime, F|\n|poke|p1|Jolteon, M|\n|poke|p1|Dragonite, M|\n|poke|p2|Starmie|\n|poke|p2|Pikachu, M|\n|poke|p2|Chansey, F|\n|poke|p2|Muk, F|\n|poke|p2|Poliwrath, M|\n|poke|p2|Snorlax, F|\n|teampreview\n|\n|t:|1739670778\n|start\n|switch|p1a: Mrs. Mr. Mime|Mr. Mime, F|284/284\n|switch|p1b: Apollo|Primeape, M|334/334\n|switch|p2a: Muk|Muk, F|414/414\n|switch|p2b: Pikachu|Pikachu, M|211/211\n|turn|1\n|\n|t:|1739670798\n|move|p2b: Pikachu|Fake Out|p1a: Mrs. Mr. Mime\n|-damage|p1a: Mrs. Mr. Mime|249/284\n|move|p1b: Apollo|Bulk Up|p1b: Apollo\n|-boost|p1b: Apollo|atk|1\n|-boost|p1b: Apollo|def|1\n|cant|p1a: Mrs. Mr. Mime|flinch\n|move|p2a: Muk|Poison Jab|p1b: Apollo\n|-damage|p1b: Apollo|246/334\n|-status|p1b: Apollo|psn\n|\n|-damage|p1b: Apollo|205/334 psn|[from] psn\n|upkeep\n|turn|2\n|\n|t:|1739670858\n|switch|p1a: Sparky|Jolteon, M|271/271\n|move|p2b: Pikachu|Volt Switch|p1b: Apollo\n|-damage|p1b: Apollo|112/334 psn\n|\n|t:|1739670864\n|switch|p2b: Starmie|Starmie|324/324|[from] Volt Switch\n|move|p1b: Apollo|Rage Fist|p2b: Starmie\n|-supereffective|p2b: Starmie\n|-damage|p2b: Starmie|0 fnt\n|faint|p2b: Starmie\n|move|p2a: Muk|Poison Jab|p1a: Sparky\n|-crit|p1a: Sparky\n|-damage|p1a: Sparky|0 fnt\n|faint|p1a: Sparky\n|\n|-damage|p1b: Apollo|71/334 psn|[from] psn\n|upkeep\n|\n|t:|1739670890\n|switch|p2b: Pikachu|Pikachu, M|211/211\n|switch|p1a: Mrs. Mr. Mime|Mr. Mime, F|249/284\n|turn|3\n|\n|t:|1739670908\n|move|p1b: Apollo|Protect|p1b: Apollo\n|-singleturn|p1b: Apollo|Protect\n|move|p2b: Pikachu|Fake Out|p1b: Apollo\n|-activate|p1b: Apollo|move: Protect\n|move|p1a: Mrs. Mr. Mime|Psychic Terrain|p1a: Mrs. Mr. Mime\n|-fieldstart|move: Psychic Terrain\n|move|p2a: Muk|Poison Jab|p1a: Mrs. Mr. Mime\n|-supereffective|p1a: Mrs. Mr. Mime\n|debug|Filter neutralize\n|-damage|p1a: Mrs. Mr. Mime|72/284\n|\n|-damage|p1b: Apollo|30/334 psn|[from] psn\n|upkeep\n|turn|4\n|\n|t:|1739670973\n|switch|p1b: Eggman|Exeggutor, M|363/363\n|move|p2b: Pikachu|Protect|p2b: Pikachu\n|-singleturn|p2b: Pikachu|Protect\n|move|p2a: Muk|Protect|p2a: Muk\n|-singleturn|p2a: Muk|Protect\n|move|p1a: Mrs. Mr. Mime|Expanding Force|p2a: Muk|[spread] \n|-activate|p2a: Muk|move: Protect\n|-activate|p2b: Pikachu|move: Protect\n|\n|upkeep\n|turn|5\n|\n|t:|1739670999\n|switch|p2a: Chansey|Chansey, F|642/642\n|move|p2b: Pikachu|Volt Switch|p1a: Mrs. Mr. Mime\n|-damage|p1a: Mrs. Mr. Mime|0 fnt\n|faint|p1a: Mrs. Mr. Mime\n|\n|t:|1739671005\n|switch|p2b: Snorlax|Snorlax, F|467/467|[from] Volt Switch\n|move|p1b: Eggman|Expanding Force|p2a: Chansey|[spread] p2a,p2b\n|debug|psychic terrain boost\n|debug|terrain buff\n|debug|Spread modifier: 0.75\n|debug|psychic terrain boost\n|debug|terrain buff\n|debug|Spread modifier: 0.75\n|-damage|p2a: Chansey|545/642\n|-damage|p2b: Snorlax|271/467\n|\n|-heal|p2b: Snorlax|300/467|[from] item: Leftovers\n|upkeep\n|\n|t:|1739671016\n|switch|p1a: Apollo|Primeape, M|30/334 psn\n|turn|6\n|\n|t:|1739671058\n|switch|p1a: Dewey|Dewgong, M|353/353\n|switch|p2a: Poliwrath|Poliwrath, M|384/384\n|move|p2b: Snorlax|Protect|p2b: Snorlax\n|-singleturn|p2b: Snorlax|Protect\n|move|p1b: Eggman|Expanding Force|p2b: Snorlax|[spread] p2a\n|-activate|p2b: Snorlax|move: Protect\n|debug|psychic terrain boost\n|debug|terrain buff\n|debug|Spread modifier: 0.75\n|-supereffective|p2a: Poliwrath\n|-damage|p2a: Poliwrath|0 fnt\n|faint|p2a: Poliwrath\n|\n|-heal|p2b: Snorlax|329/467|[from] item: Leftovers\n|upkeep\n|\n|t:|1739671069\n|switch|p2a: Chansey|Chansey, F|545/642\n|turn|7\n|\n|t:|1739671085\n|move|p1a: Dewey|Toxic|p2b: Snorlax\n|-immune|p2b: Snorlax|[from] ability: Immunity\n|debug|set status [tox] interrupted\n|debug|move failed because it did nothing\n|move|p1b: Eggman|Expanding Force|p2a: Chansey|[spread] p2a,p2b\n|debug|psychic terrain boost\n|debug|terrain buff\n|debug|Spread modifier: 0.75\n|debug|psychic terrain boost\n|debug|terrain buff\n|debug|Spread modifier: 0.75\n|-damage|p2a: Chansey|446/642\n|-damage|p2b: Snorlax|122/467\n|move|p2b: Snorlax|Ice Punch|p1b: Eggman\n|-supereffective|p1b: Eggman\n|-damage|p1b: Eggman|151/363\n|move|p2a: Chansey|Teleport|p2a: Chansey\n|\n|t:|1739671096\n|switch|p2a: Pikachu|Pikachu, M|211/211|[from] Teleport\n|\n|-heal|p1b: Eggman|173/363|[from] item: Leftovers\n|-heal|p2b: Snorlax|151/467|[from] item: Leftovers\n|upkeep\n|turn|8\n|\n|t:|1739671198\n|move|p2b: Snorlax|Protect|p2b: Snorlax\n|-singleturn|p2b: Snorlax|Protect\n|move|p2a: Pikachu|Volt Switch|p1a: Dewey\n|-supereffective|p1a: Dewey\n|-damage|p1a: Dewey|87/353\n|\n|t:|1739671203\n|switch|p2a: Chansey|Chansey, F|446/642|[from] Volt Switch\n|move|p1a: Dewey|Icy Wind|p2b: Snorlax|[spread] p2a\n|-activate|p2b: Snorlax|move: Protect\n|debug|Spread modifier: 0.75\n|-damage|p2a: Chansey|430/642\n|-unboost|p2a: Chansey|spe|1\n|move|p1b: Eggman|Expanding Force|p2b: Snorlax|[spread] p2a\n|-activate|p2b: Snorlax|move: Protect\n|debug|psychic terrain boost\n|debug|terrain buff\n|debug|Spread modifier: 0.75\n|-damage|p2a: Chansey|327/642\n|\n|-heal|p1b: Eggman|195/363|[from] item: Leftovers\n|-heal|p2b: Snorlax|180/467|[from] item: Leftovers\n|upkeep\n|turn|9\n|\n|t:|1739671226\n|move|p1a: Dewey|Icy Wind|p2b: Snorlax|[spread] p2a,p2b\n|debug|Spread modifier: 0.75\n|debug|Spread modifier: 0.75\n|-damage|p2a: Chansey|312/642\n|-damage|p2b: Snorlax|150/467\n|-unboost|p2a: Chansey|spe|1\n|-unboost|p2b: Snorlax|spe|1\n|move|p1b: Eggman|Moonlight|p1b: Eggman\n|-heal|p1b: Eggman|363/363\n|move|p2a: Chansey|Thunder Wave|p1b: Eggman|[miss]\n|-miss|p2a: Chansey|p1b: Eggman\n|move|p2b: Snorlax|Ice Punch|p1b: Eggman\n|-supereffective|p1b: Eggman\n|-damage|p1b: Eggman|149/363\n|\n|-heal|p1b: Eggman|171/363|[from] item: Leftovers\n|-heal|p2b: Snorlax|179/467|[from] item: Leftovers\n|upkeep\n|turn|10\n|\n|t:|1739671262\n|move|p2b: Snorlax|Protect|p2b: Snorlax\n|-singleturn|p2b: Snorlax|Protect\n|move|p1a: Dewey|Toxic|p2a: Chansey\n|-status|p2a: Chansey|tox\n|move|p1b: Eggman|Expanding Force|p2b: Snorlax|[spread] p2a\n|-activate|p2b: Snorlax|move: Protect\n|debug|psychic terrain boost\n|debug|terrain buff\n|debug|Spread modifier: 0.75\n|-damage|p2a: Chansey|200/642 tox\n|move|p2a: Chansey|Thunder Wave|p1b: Eggman\n|-status|p1b: Eggman|par\n|\n|-heal|p1b: Eggman|193/363 par|[from] item: Leftovers\n|-heal|p2b: Snorlax|208/467|[from] item: Leftovers\n|-damage|p2a: Chansey|160/642 tox|[from] psn\n|-fieldend|move: Psychic Terrain\n|upkeep\n|turn|11\n|\n|t:|1739671302\n|move|p1a: Dewey|Frost Breath|p2b: Snorlax\n|-crit|p2b: Snorlax\n|-damage|p2b: Snorlax|142/467\n|move|p1b: Eggman|Giga Drain|p2b: Snorlax\n|-damage|p2b: Snorlax|12/467\n|-heal|p1b: Eggman|258/363 par|[from] drain|[of] p2b: Snorlax\n|move|p2a: Chansey|Soft-Boiled|p2a: Chansey\n|-heal|p2a: Chansey|481/642 tox\n|move|p2b: Snorlax|Ice Punch|p1b: Eggman\n|-supereffective|p1b: Eggman\n|-damage|p1b: Eggman|70/363 par\n|\n|-heal|p1b: Eggman|92/363 par|[from] item: Leftovers\n|-heal|p2b: Snorlax|41/467|[from] item: Leftovers\n|-damage|p2a: Chansey|401/642 tox|[from] psn\n|upkeep\n|turn|12\n|\n|t:|1739671343\n|move|p1a: Dewey|Flip Turn|p2b: Snorlax\n|-damage|p2b: Snorlax|0 fnt\n|faint|p2b: Snorlax\n|\n|t:|1739671358\n|switch|p1a: Puff Daddy|Dragonite, M|355/355|[from] Flip Turn\n|move|p1b: Eggman|Moonlight|p1b: Eggman\n|-heal|p1b: Eggman|273/363 par\n|move|p2a: Chansey|Teleport|p2a: Chansey\n|\n|t:|1739671365\n|-curestatus|p2a: Chansey|tox|[from] ability: Natural Cure\n|switch|p2a: Muk|Muk, F|414/414|[from] Teleport\n|\n|-heal|p1b: Eggman|295/363 par|[from] item: Leftovers\n|upkeep\n|\n|t:|1739671369\n|switch|p2b: Pikachu|Pikachu, M|211/211\n|turn|13\n|\n|t:|1739671388\n|move|p2b: Pikachu|Fake Out|p1b: Eggman\n|-damage|p1b: Eggman|250/363 par\n|move|p1a: Puff Daddy|Dragon Dance|p1a: Puff Daddy\n|-boost|p1a: Puff Daddy|atk|1\n|-boost|p1a: Puff Daddy|spe|1\n|move|p2a: Muk|Ice Punch|p1a: Puff Daddy\n|-supereffective|p1a: Puff Daddy\n|-damage|p1a: Puff Daddy|27/355\n|-status|p1a: Puff Daddy|frz\n|cant|p1b: Eggman|flinch\n|\n|-heal|p1b: Eggman|272/363 par|[from] item: Leftovers\n|upkeep\n|turn|14\n|c|☆Mattmandaman|welp\n|\n|t:|1739671414\n|cant|p1a: Puff Daddy|frz\n|move|p2b: Pikachu|Volt Switch|p1a: Puff Daddy\n|-damage|p1a: Puff Daddy|0 fnt\n|faint|p1a: Puff Daddy\n|c|☆mistermoscow|brutal\n|\n|t:|1739671421\n|switch|p2b: Chansey|Chansey, F|401/642|[from] Volt Switch\n|move|p2a: Muk|Poison Jab|p1b: Eggman\n|-supereffective|p1b: Eggman\n|-damage|p1b: Eggman|0 fnt\n|debug|move failed because it did nothing\n|faint|p1b: Eggman\n|\n|upkeep\n|\n|t:|1739671428\n|switch|p1a: Apollo|Primeape, M|30/334 psn\n|switch|p1b: Dewey|Dewgong, M|87/353\n|turn|15\n|c|☆Mattmandaman|for real\n|\n|t:|1739671461\n|move|p2a: Muk|Shadow Sneak|p1a: Apollo\n|-damage|p1a: Apollo|0 fnt\n|faint|p1a: Apollo\n|move|p1b: Dewey|Frost Breath|p2a: Muk\n|-crit|p2a: Muk\n|-damage|p2a: Muk|341/414\n|move|p2b: Chansey|Seismic Toss|p1b: Dewey\n|-damage|p1b: Dewey|0 fnt\n|-damage|p2b: Chansey|294/642|[from] item: Rocky Helmet|[of] p1b: Dewey\n|faint|p1b: Dewey\n|\n|win|Mattmandaman\n|c|☆mistermoscow|gg\n","uploadtime":1739671473,"views":"16","formatid":"gen9doublescustomgame","rating":null,"private":0,"password":null}