{"id":"gen9doublescustomgame-2343700278","format":"[Gen 9] Doubles Custom Game","players":["mistermoscow","Mattmandaman"],"log":"|j|☆mistermoscow\n|j|☆Mattmandaman\n|t:|1744764513\n|gametype|doubles\n|player|p1|mistermoscow|alder|\n|player|p2|Mattmandaman|giovanni|\n|teamsize|p1|6\n|teamsize|p2|6\n|gen|9\n|tier|[Gen 9] Doubles Custom Game\n|clearpoke\n|poke|p1|Nidoking, M|\n|poke|p1|Machoke, M|\n|poke|p1|Dewgong, M|\n|poke|p1|Exeggutor, M|\n|poke|p1|Mr. Mime, M|\n|poke|p1|Jolteon, M|\n|poke|p2|Dodrio, F|\n|poke|p2|Nidoking, M|\n|poke|p2|Starmie|\n|poke|p2|Nidoqueen, F|\n|poke|p2|Chansey, F|\n|poke|p2|Gengar, F|\n|teampreview\n|\n|t:|1744764567\n|start\n|switch|p1a: Mimsy|Mr. Mime, M|221/221\n|switch|p1b: Sparky|Jolteon, M|271/271\n|switch|p2a: Gengar|Gengar, F|262/262\n|switch|p2b: Nidoqueen|Nidoqueen, F|384/384\n|turn|1\n|\n|t:|1744764591\n|move|p1b: Sparky|Light Screen|p1b: Sparky\n|-sidestart|p1: mistermoscow|move: Light Screen\n|move|p2a: Gengar|Sludge Bomb|p1a: Mimsy\n|-supereffective|p1a: Mimsy\n|debug|Filter neutralize\n|debug|Light Screen weaken\n|-damage|p1a: Mimsy|79/221\n|move|p1a: Mimsy|Psychic Terrain|p1a: Mimsy\n|-fieldstart|move: Psychic Terrain\n|move|p2b: Nidoqueen|Stealth Rock|p1a: Mimsy\n|-sidestart|p1: mistermoscow|move: Stealth Rock\n|\n|upkeep\n|turn|2\n|\n|t:|1744764613\n|move|p1b: Sparky|Shadow Ball|p2a: Gengar\n|-supereffective|p2a: Gengar\n|-damage|p2a: Gengar|64/262\n|move|p2a: Gengar|Sludge Bomb|p1a: Mimsy\n|-supereffective|p1a: Mimsy\n|debug|Filter neutralize\n|debug|Light Screen weaken\n|-damage|p1a: Mimsy|0 fnt\n|debug|move failed because it did nothing\n|faint|p1a: Mimsy\n|move|p2b: Nidoqueen|Poison Jab|p1b: Sparky\n|-damage|p1b: Sparky|129/271\n|-status|p1b: Sparky|psn\n|\n|-damage|p1b: Sparky|96/271 psn|[from] psn\n|upkeep\n|\n|t:|1744764633\n|switch|p1a: Eggman|Exeggutor, M|394/394\n|-damage|p1a: Eggman|345/394|[from] Stealth Rock\n|turn|3\n|\n|t:|1744764678\n|switch|p2b: Chansey|Chansey, F|642/642\n|move|p2a: Gengar|Protect|p2a: Gengar\n|-singleturn|p2a: Gengar|Protect\n|move|p1b: Sparky|Electroweb|p2a: Gengar|[spread] p2b\n|-activate|p2a: Gengar|move: Protect\n|debug|Spread modifier: 0.75\n|-damage|p2b: Chansey|612/642\n|-unboost|p2b: Chansey|spe|1\n|move|p1a: Eggman|Expanding Force|p2b: Chansey|[spread] p2b\n|-activate|p2a: Gengar|move: Protect\n|debug|psychic terrain boost\n|debug|terrain buff\n|debug|Spread modifier: 0.75\n|-damage|p2b: Chansey|479/642\n|-damage|p1a: Eggman|306/394|[from] item: Life Orb\n|\n|-damage|p1b: Sparky|63/271 psn|[from] psn\n|upkeep\n|turn|4\n|\n|t:|1744764719\n|switch|p2a: Nidoqueen|Nidoqueen, F|384/384\n|move|p1b: Sparky|Electroweb|p2b: Chansey|[spread] p2b\n|-immune|p2a: Nidoqueen\n|debug|Spread modifier: 0.75\n|-damage|p2b: Chansey|448/642\n|-unboost|p2b: Chansey|spe|1\n|move|p1a: Eggman|Expanding Force|p2a: Nidoqueen|[spread] p2a,p2b\n|debug|psychic terrain boost\n|debug|terrain buff\n|debug|Spread modifier: 0.75\n|-supereffective|p2a: Nidoqueen\n|debug|psychic terrain boost\n|debug|terrain buff\n|debug|Spread modifier: 0.75\n|-damage|p2a: Nidoqueen|0 fnt\n|-damage|p2b: Chansey|315/642\n|faint|p2a: Nidoqueen\n|-damage|p1a: Eggman|267/394|[from] item: Life Orb\n|move|p2b: Chansey|Seismic Toss|p1b: Sparky\n|-damage|p1b: Sparky|0 fnt\n|faint|p1b: Sparky\n|\n|upkeep\n|\n|t:|1744764741\n|switch|p1b: Dewey|Dewgong, M|384/384\n|switch|p2a: Gengar|Gengar, F|64/262\n|-damage|p1b: Dewey|288/384|[from] Stealth Rock\n|turn|5\n|\n|t:|1744764778\n|move|p2a: Gengar|Protect|p2a: Gengar\n|-singleturn|p2a: Gengar|Protect\n|move|p1a: Eggman|Protect|p1a: Eggman\n|-singleturn|p1a: Eggman|Protect\n|move|p1b: Dewey|Knock Off|p2b: Chansey\n|-damage|p2b: Chansey|199/642\n|-enditem|p2b: Chansey|Eviolite|[from] move: Knock Off|[of] p1b: Dewey\n|move|p2b: Chansey|Teleport|p2b: Chansey\n|\n|t:|1744764813\n|switch|p2b: Nidoking|Nidoking, M|304/304|[from] Teleport\n|\n|-fieldend|move: Psychic Terrain\n|upkeep\n|turn|6\n|\n|t:|1744764832\n|switch|p1a: King Nido|Nidoking, M|303/303\n|-damage|p1a: King Nido|285/303|[from] Stealth Rock\n|move|p2b: Nidoking|Sludge Wave|p1b: Dewey|[spread] p2a,p1a,p1b\n|debug|Spread modifier: 0.75\n|-resisted|p2a: Gengar\n|debug|Spread modifier: 0.75\n|-resisted|p1a: King Nido\n|debug|Light Screen weaken\n|debug|Spread modifier: 0.75\n|debug|Light Screen weaken\n|-damage|p2a: Gengar|25/262\n|-damage|p1a: King Nido|254/303\n|-damage|p1b: Dewey|185/384\n|-start|p2b: Nidoking|Disable|Sludge Wave|[from] ability: Cursed Body|[of] p2a: Gengar\n|move|p2a: Gengar|Will-O-Wisp|p1b: Dewey\n|-status|p1b: Dewey|brn\n|move|p1b: Dewey|Flip Turn|p2a: Gengar\n|-damage|p2a: Gengar|0 fnt\n|faint|p2a: Gengar\n|\n|t:|1744764853\n|switch|p1b: Eggman|Exeggutor, M|267/394|[from] Flip Turn\n|-damage|p1b: Eggman|218/394|[from] Stealth Rock\n|\n|upkeep\n|\n|t:|1744764866\n|switch|p2a: Chansey|Chansey, F|199/642\n|turn|7\n|\n|t:|1744764892\n|switch|p2b: Starmie|Starmie|262/262\n|move|p1a: King Nido|Ice Beam|p2b: Starmie\n|-resisted|p2b: Starmie\n|-damage|p2b: Starmie|222/262\n|move|p1b: Eggman|Psychic Terrain|p1b: Eggman\n|-fieldstart|move: Psychic Terrain\n|move|p2a: Chansey|Soft-Boiled|p2a: Chansey\n|-heal|p2a: Chansey|520/642\n|\n|upkeep\n|turn|8\n|\n|t:|1744764929\n|switch|p1a: Dewey|Dewgong, M|185/384 brn\n|-damage|p1a: Dewey|89/384 brn|[from] Stealth Rock\n|move|p2b: Starmie|Psychic|p1a: Dewey\n|debug|psychic terrain boost\n|debug|Light Screen weaken\n|-damage|p1a: Dewey|0 fnt\n|debug|Covert Cloak prevent secondary\n|faint|p1a: Dewey\n|move|p1b: Eggman|Giga Drain|p2b: Starmie\n|-supereffective|p2b: Starmie\n|-damage|p2b: Starmie|0 fnt\n|-heal|p1b: Eggman|329/394|[from] drain|[of] p2b: Starmie\n|faint|p2b: Starmie\n|-damage|p1b: Eggman|290/394|[from] item: Life Orb\n|move|p2a: Chansey|Seismic Toss|p1b: Eggman\n|-damage|p1b: Eggman|190/394\n|\n|-sideend|p1: mistermoscow|move: Light Screen\n|upkeep\n|\n|t:|1744764964\n|switch|p2b: Nidoking|Nidoking, M|304/304\n|switch|p1a: King Nido|Nidoking, M|254/303\n|-damage|p1a: King Nido|236/303|[from] Stealth Rock\n|turn|9\n|\n|t:|1744764990\n|move|p1b: Eggman|Protect|p1b: Eggman\n|-singleturn|p1b: Eggman|Protect\n|move|p2b: Nidoking|Sludge Wave|p1a: King Nido|[spread] p2a,p1a\n|-activate|p1b: Eggman|move: Protect\n|debug|Spread modifier: 0.75\n|debug|Spread modifier: 0.75\n|-resisted|p1a: King Nido\n|-damage|p2a: Chansey|430/642\n|-damage|p1a: King Nido|194/303\n|move|p1a: King Nido|Earth Power|p2b: Nidoking\n|-supereffective|p2b: Nidoking\n|-damage|p2b: Nidoking|0 fnt\n|faint|p2b: Nidoking\n|move|p2a: Chansey|Seismic Toss|p1a: King Nido\n|-damage|p1a: King Nido|94/303\n|\n|upkeep\n|\n|t:|1744764993\n|switch|p2b: Dodrio|Dodrio, F|262/262\n|turn|10\n|\n|t:|1744765024\n|move|p1a: King Nido|Earth Power|p2a: Chansey\n|-damage|p2a: Chansey|303/642\n|move|p2b: Dodrio|Brave Bird|p1b: Eggman\n|-supereffective|p1b: Eggman\n|-damage|p1b: Eggman|0 fnt\n|faint|p1b: Eggman\n|-damage|p2b: Dodrio|199/262|[from] Recoil\n|move|p2a: Chansey|Seismic Toss|p1a: King Nido\n|-damage|p1a: King Nido|0 fnt\n|faint|p1a: King Nido\n|\n|upkeep\n|\n|t:|1744765057\n|switch|p1b: Randy|Machoke, M|302/302\n|-damage|p1b: Randy|284/302|[from] Stealth Rock\n|turn|11\n|\n|t:|1744765062\n|move|p2b: Dodrio|Brave Bird|p1b: Randy\n|-supereffective|p1b: Randy\n|-damage|p1b: Randy|54/302\n|-damage|p2b: Dodrio|123/262|[from] Recoil\n|move|p2a: Chansey|Seismic Toss|p1b: Randy\n|-damage|p1b: Randy|0 fnt\n|faint|p1b: Randy\n|\n|win|Mattmandaman\n|c|☆mistermoscow|lame\n|c|☆Mattmandaman|thats good\n|c|☆mistermoscow|you were supposed to switch in dodrio instead of starmie earlier\n|c|☆Mattmandaman|oh that ice beam yea i thought about it\n|c|☆Mattmandaman|starmie had av so it was safe\n|c|☆Mattmandaman|probably wouldve done so if it didnt\n|c|☆mistermoscow|ooo\n","uploadtime":1744765071,"views":"12","formatid":"gen9doublescustomgame","rating":null,"private":0,"password":null}