{"id":"gen9doublescustomgame-2369888459","format":"[Gen 9] Doubles Custom Game","players":["mistermoscow","Mattmandaman"],"log":"|j|☆mistermoscow\n|j|☆Mattmandaman\n|t:|1747956634\n|gametype|doubles\n|player|p1|mistermoscow|alder|\n|player|p2|Mattmandaman|giovanni|\n|teamsize|p1|6\n|teamsize|p2|6\n|gen|9\n|tier|[Gen 9] Doubles Custom Game\n|clearpoke\n|poke|p1|Clefairy, M|\n|poke|p1|Primeape, M|\n|poke|p1|Exeggutor, M|\n|poke|p1|Mr. Mime, F|\n|poke|p1|Jolteon, M|\n|poke|p1|Dragonite, M|\n|poke|p2|Gengar, F|\n|poke|p2|Starmie|\n|poke|p2|Chansey, F|\n|poke|p2|Nidoking, M|\n|poke|p2|Snorlax, M|\n|poke|p2|Pinsir, F|\n|teampreview\n|c|☆mistermoscow|o fuk\n|c|☆mistermoscow|its on\n|c|☆Mattmandaman|1 min\n|c|☆mistermoscow|ok\n|\n|t:|1747956872\n|start\n|switch|p1a: Mimsy|Mr. Mime, F|284/284\n|switch|p1b: Sparky|Jolteon, M|271/271\n|switch|p2a: Gengar|Gengar, F|262/262\n|switch|p2b: Pinsir|Pinsir, F|334/334\n|turn|1\n|\n|t:|1747956911\n|switch|p2a: Chansey|Chansey, F|704/704\n|move|p1a: Mimsy|Fake Out|p2b: Pinsir\n|-damage|p2b: Pinsir|318/334\n|move|p1b: Sparky|Light Screen|p1b: Sparky\n|-sidestart|p1: mistermoscow|move: Light Screen\n|cant|p2b: Pinsir|flinch\n|\n|upkeep\n|turn|2\n|\n|t:|1747956942\n|switch|p1a: Clifford|Clefairy, M|282/282\n|move|p1b: Sparky|Electroweb|p2b: Pinsir|[spread] p2a,p2b\n|debug|Spread modifier: 0.75\n|debug|Spread modifier: 0.75\n|-damage|p2a: Chansey|674/704\n|-damage|p2b: Pinsir|275/334\n|-unboost|p2a: Chansey|spe|1\n|-unboost|p2b: Pinsir|spe|1\n|move|p2b: Pinsir|Earthquake|p1b: Sparky|[spread] p2a,p1a,p1b\n|debug|Spread modifier: 0.75\n|debug|Spread modifier: 0.75\n|debug|Spread modifier: 0.75\n|-supereffective|p1b: Sparky\n|debug|Friend Guard weaken\n|-damage|p2a: Chansey|528/704\n|-damage|p1a: Clifford|215/282\n|-damage|p1b: Sparky|111/271\n|move|p2a: Chansey|Thunder Wave|p1a: Clifford\n|-status|p1a: Clifford|par\n|\n|upkeep\n|turn|3\n|\n|t:|1747956974\n|move|p1b: Sparky|Reflect|p1b: Sparky\n|-sidestart|p1: mistermoscow|Reflect\n|move|p2b: Pinsir|Knock Off|p1b: Sparky\n|debug|Friend Guard weaken\n|debug|Reflect weaken\n|-damage|p1b: Sparky|40/271\n|-enditem|p1b: Sparky|Light Clay|[from] move: Knock Off|[of] p2b: Pinsir\n|move|p1a: Clifford|Sunny Day|p1a: Clifford\n|-weather|SunnyDay\n|move|p2a: Chansey|Teleport|p2a: Chansey\n|\n|t:|1747956998\n|switch|p2a: Nidoking|Nidoking, M|304/304|[from] Teleport\n|\n|-weather|SunnyDay|[upkeep]\n|upkeep\n|turn|4\n|\n|t:|1747957037\n|switch|p1b: Apollo|Primeape, M|271/271\n|switch|p2b: Chansey|Chansey, F|528/704\n|move|p2a: Nidoking|Sludge Wave|p1a: Clifford|[spread] p2b,p1a,p1b\n|debug|Spread modifier: 0.75\n|debug|Spread modifier: 0.75\n|-supereffective|p1a: Clifford\n|debug|Light Screen weaken\n|debug|Spread modifier: 0.75\n|debug|Friend Guard weaken\n|debug|Light Screen weaken\n|-damage|p2b: Chansey|447/704\n|-damage|p1a: Clifford|79/282 par\n|-damage|p1b: Apollo|217/271\n|move|p1a: Clifford|Heal Pulse|p1b: Apollo\n|-heal|p1b: Apollo|271/271\n|\n|-weather|SunnyDay|[upkeep]\n|upkeep\n|turn|5\n|\n|t:|1747957084\n|switch|p2a: Starmie|Starmie|262/262\n|switch|p2b: Gengar|Gengar, F|262/262\n|switch|p1a: Mimsy|Mr. Mime, F|284/284\n|move|p1b: Apollo|Bulk Up|p1b: Apollo\n|-boost|p1b: Apollo|atk|1\n|-boost|p1b: Apollo|def|1\n|\n|-weather|SunnyDay|[upkeep]\n|upkeep\n|turn|6\n|\n|t:|1747957108\n|move|p1a: Mimsy|Follow Me|p1a: Mimsy\n|-singleturn|p1a: Mimsy|move: Follow Me\n|move|p2a: Starmie|Expanding Force|p1a: Mimsy\n|debug|Follow Me redirected target of move\n|-resisted|p1a: Mimsy\n|debug|Light Screen weaken\n|-damage|p1a: Mimsy|233/284\n|move|p2b: Gengar|Sludge Bomb|p1a: Mimsy\n|debug|Follow Me redirected target of move\n|-supereffective|p1a: Mimsy\n|debug|Filter neutralize\n|-enditem|p1a: Mimsy|Kebia Berry|[eat]\n|debug|-50% reduction\n|-enditem|p1a: Mimsy|Kebia Berry|[weaken]\n|debug|Light Screen weaken\n|-damage|p1a: Mimsy|162/284\n|move|p1b: Apollo|Rage Fist|p2a: Starmie\n|-supereffective|p2a: Starmie\n|-damage|p2a: Starmie|0 fnt\n|faint|p2a: Starmie\n|\n|-weather|SunnyDay|[upkeep]\n|upkeep\n|\n|t:|1747957134\n|switch|p2a: Nidoking|Nidoking, M|304/304\n|turn|7\n|\n|t:|1747957165\n|move|p2b: Gengar|Protect|p2b: Gengar\n|-singleturn|p2b: Gengar|Protect\n|move|p2a: Nidoking|Sludge Wave|p1a: Mimsy|[spread] p1a,p1b\n|-activate|p2b: Gengar|move: Protect\n|debug|Spread modifier: 0.75\n|-supereffective|p1a: Mimsy\n|debug|Filter neutralize\n|debug|Light Screen weaken\n|debug|Spread modifier: 0.75\n|debug|Light Screen weaken\n|-damage|p1a: Mimsy|47/284\n|-damage|p1b: Apollo|208/271\n|move|p1b: Apollo|Bulk Up|p1b: Apollo\n|-boost|p1b: Apollo|atk|1\n|-boost|p1b: Apollo|def|1\n|move|p1a: Mimsy|Psychic Terrain|p1a: Mimsy\n|-fieldstart|move: Psychic Terrain\n|\n|-weather|none\n|upkeep\n|turn|8\n|\n|t:|1747957185\n|move|p2a: Nidoking|Sludge Wave|p1a: Mimsy|[spread] p2b,p1a,p1b\n|debug|Spread modifier: 0.75\n|-resisted|p2b: Gengar\n|debug|Spread modifier: 0.75\n|-supereffective|p1a: Mimsy\n|debug|Filter neutralize\n|debug|Light Screen weaken\n|debug|Spread modifier: 0.75\n|debug|Light Screen weaken\n|-damage|p2b: Gengar|218/262\n|-damage|p1a: Mimsy|0 fnt\n|-damage|p1b: Apollo|144/271\n|-start|p2a: Nidoking|Disable|Sludge Wave|[from] ability: Cursed Body|[of] p2b: Gengar\n|faint|p1a: Mimsy\n|move|p2b: Gengar|Psychic|p1b: Apollo\n|debug|psychic terrain boost\n|-supereffective|p1b: Apollo\n|debug|Light Screen weaken\n|-damage|p1b: Apollo|0 fnt\n|faint|p1b: Apollo\n|\n|-sideend|p1: mistermoscow|move: Light Screen\n|upkeep\n|\n|t:|1747957206\n|switch|p1b: Eggman|Exeggutor, M|332/332\n|switch|p1a: Sparky|Jolteon, M|40/271\n|turn|9\n|\n|t:|1747957221\n|switch|p2a: Chansey|Chansey, F|447/704\n|move|p1a: Sparky|Sunny Day|p1a: Sparky\n|-weather|SunnyDay\n|move|p1b: Eggman|Expanding Force|p2a: Chansey|[spread] p2a,p2b\n|debug|psychic terrain boost\n|debug|terrain buff\n|debug|Spread modifier: 0.75\n|debug|psychic terrain boost\n|debug|terrain buff\n|debug|Spread modifier: 0.75\n|-supereffective|p2b: Gengar\n|-damage|p2a: Chansey|291/704\n|-damage|p2b: Gengar|0 fnt\n|faint|p2b: Gengar\n|-damage|p1b: Eggman|299/332|[from] item: Life Orb\n|\n|-weather|SunnyDay|[upkeep]\n|upkeep\n|\n|t:|1747957241\n|switch|p2b: Snorlax|Snorlax, M|479/479\n|turn|10\n|\n|t:|1747957263\n|switch|p1a: Clifford|Clefairy, M|79/282 par\n|move|p1b: Eggman|Expanding Force|p2b: Snorlax|[spread] p2a,p2b\n|debug|psychic terrain boost\n|debug|terrain buff\n|debug|Spread modifier: 0.75\n|debug|psychic terrain boost\n|debug|terrain buff\n|debug|Spread modifier: 0.75\n|-damage|p2a: Chansey|122/704\n|-damage|p2b: Snorlax|228/479\n|-damage|p1b: Eggman|266/332|[from] item: Life Orb\n|move|p2a: Chansey|Soft-Boiled|p2a: Chansey\n|-heal|p2a: Chansey|474/704\n|move|p2b: Snorlax|Body Slam|p1b: Eggman\n|debug|Friend Guard weaken\n|debug|Reflect weaken\n|-damage|p1b: Eggman|186/332\n|\n|-weather|SunnyDay|[upkeep]\n|-heal|p2b: Snorlax|257/479|[from] item: Leftovers\n|-sideend|p1: mistermoscow|Reflect\n|upkeep\n|turn|11\n|\n|t:|1747957307\n|switch|p1a: Sparky|Jolteon, M|40/271\n|move|p1b: Eggman|Expanding Force|p2a: Chansey|[spread] p2a,p2b\n|debug|psychic terrain boost\n|debug|terrain buff\n|debug|Spread modifier: 0.75\n|debug|psychic terrain boost\n|debug|terrain buff\n|debug|Spread modifier: 0.75\n|-damage|p2a: Chansey|297/704\n|-damage|p2b: Snorlax|6/479\n|-damage|p1b: Eggman|153/332|[from] item: Life Orb\n|move|p2a: Chansey|Soft-Boiled|p2a: Chansey\n|-heal|p2a: Chansey|649/704\n|move|p2b: Snorlax|Body Slam|p1b: Eggman\n|-damage|p1b: Eggman|0 fnt\n|faint|p1b: Eggman\n|\n|-weather|SunnyDay|[upkeep]\n|-heal|p2b: Snorlax|35/479|[from] item: Leftovers\n|-fieldend|move: Psychic Terrain\n|upkeep\n|\n|t:|1747957327\n|switch|p1b: Puff Daddy|Dragonite, M|324/324\n|turn|12\n|\n|t:|1747957370\n|move|p1a: Sparky|Electroweb|p2a: Chansey|[spread] p2a,p2b\n|debug|Spread modifier: 0.75\n|debug|Spread modifier: 0.75\n|-damage|p2a: Chansey|616/704\n|-damage|p2b: Snorlax|0 fnt\n|-unboost|p2a: Chansey|spe|1\n|faint|p2b: Snorlax\n|move|p1b: Puff Daddy|Dragon Dance|p1b: Puff Daddy\n|-boost|p1b: Puff Daddy|atk|1\n|-boost|p1b: Puff Daddy|spe|1\n|move|p2a: Chansey|Thunder Wave|p1b: Puff Daddy\n|-status|p1b: Puff Daddy|par\n|\n|-weather|SunnyDay|[upkeep]\n|upkeep\n|\n|t:|1747957374\n|switch|p2b: Nidoking|Nidoking, M|304/304\n|turn|13\n|\n|t:|1747957405\n|move|p1b: Puff Daddy|Protect|p1b: Puff Daddy\n|-singleturn|p1b: Puff Daddy|Protect\n|move|p2b: Nidoking|Ice Beam|p1b: Puff Daddy\n|-activate|p1b: Puff Daddy|move: Protect\n|move|p1a: Sparky|Light Screen|p1a: Sparky\n|-sidestart|p1: mistermoscow|move: Light Screen\n|move|p2a: Chansey|Seismic Toss|p1b: Puff Daddy\n|-activate|p1b: Puff Daddy|move: Protect\n|\n|-weather|none\n|upkeep\n|turn|14\n|\n|t:|1747957424\n|switch|p1a: Clifford|Clefairy, M|79/282 par\n|move|p2b: Nidoking|Ice Beam|p1b: Puff Daddy\n|-supereffective|p1b: Puff Daddy\n|debug|Multiscale weaken\n|debug|Friend Guard weaken\n|debug|Light Screen weaken\n|-damage|p1b: Puff Daddy|210/324 par\n|move|p1b: Puff Daddy|Dragon Claw|p2b: Nidoking\n|-damage|p2b: Nidoking|0 fnt\n|faint|p2b: Nidoking\n|move|p2a: Chansey|Seismic Toss|p1b: Puff Daddy\n|-damage|p1b: Puff Daddy|110/324 par\n|\n|upkeep\n|\n|t:|1747957429\n|switch|p2b: Pinsir|Pinsir, F|275/334\n|turn|15\n|\n|t:|1747957480\n|move|p1b: Puff Daddy|Extreme Speed|p2b: Pinsir\n|-damage|p2b: Pinsir|111/334\n|move|p2b: Pinsir|Knock Off|p1b: Puff Daddy\n|debug|Friend Guard weaken\n|-damage|p1b: Puff Daddy|13/324 par\n|-enditem|p1b: Puff Daddy|Covert Cloak|[from] move: Knock Off|[of] p2b: Pinsir\n|move|p2a: Chansey|Seismic Toss|p1a: Clifford\n|-damage|p1a: Clifford|0 fnt\n|faint|p1a: Clifford\n|\n|upkeep\n|\n|t:|1747957491\n|switch|p1a: Sparky|Jolteon, M|40/271\n|turn|16\n|\n|t:|1747957502\n|move|p1b: Puff Daddy|Protect|p1b: Puff Daddy\n|-singleturn|p1b: Puff Daddy|Protect\n|move|p1a: Sparky|Electroweb|p2a: Chansey|[spread] p2a,p2b\n|debug|Spread modifier: 0.75\n|debug|Spread modifier: 0.75\n|-damage|p2a: Chansey|585/704\n|-damage|p2b: Pinsir|63/334\n|-unboost|p2a: Chansey|spe|1\n|-unboost|p2b: Pinsir|spe|1\n|move|p2b: Pinsir|Knock Off|p1a: Sparky\n|-damage|p1a: Sparky|0 fnt\n|faint|p1a: Sparky\n|-ability|p2b: Pinsir|Moxie|boost\n|-boost|p2b: Pinsir|atk|1\n|move|p2a: Chansey|Seismic Toss|p1b: Puff Daddy\n|-activate|p1b: Puff Daddy|move: Protect\n|\n|upkeep\n|turn|17\n|\n|t:|1747957523\n|move|p1b: Puff Daddy|Dragon Claw|p2a: Chansey\n|-damage|p2a: Chansey|255/704\n|move|p2b: Pinsir|X-Scissor|p1b: Puff Daddy\n|-resisted|p1b: Puff Daddy\n|-damage|p1b: Puff Daddy|0 fnt\n|faint|p1b: Puff Daddy\n|\n|win|Mattmandaman\n|c|☆mistermoscow|Gg\n|c|☆Mattmandaman|gg\n","uploadtime":1747957546,"views":"16","formatid":"gen9doublescustomgame","rating":null,"private":0,"password":null}