{"id":"gen9doublescustomgame-2279366828","format":"[Gen 9] Doubles Custom Game","players":["je64","mistermoscow"],"log":"|j|☆je64\n|j|☆mistermoscow\n|t:|1736638494\n|gametype|doubles\n|player|p1|je64|266|\n|player|p2|mistermoscow|alder|\n|teamsize|p1|6\n|teamsize|p2|6\n|gen|9\n|tier|[Gen 9] Doubles Custom Game\n|clearpoke\n|poke|p1|Hitmonchan, M|\n|poke|p1|Gyarados, M|\n|poke|p1|Magmar, F|\n|poke|p1|Electabuzz, M|\n|poke|p1|Articuno|\n|poke|p1|Kadabra, F|\n|poke|p2|Butterfree, F|\n|poke|p2|Fearow, M|\n|poke|p2|Clefairy, M|\n|poke|p2|Poliwrath, F|\n|poke|p2|Victreebel, M|\n|poke|p2|Ditto|\n|teampreview\n|\n|t:|1736638517\n|start\n|switch|p1a: Buzz Lightyear|Electabuzz, M|271/271\n|switch|p1b: K.Dot|Kadabra, F|221/221\n|switch|p2a: Big Bird|Fearow, M|272/272\n|switch|p2b: Victor|Victreebel, M|364/364\n|turn|1\n|\n|t:|1736638560\n|move|p2b: Victor|Protect|p2b: Victor\n|-singleturn|p2b: Victor|Protect\n|move|p1a: Buzz Lightyear|Electroweb|p2a: Big Bird|[spread] p2a\n|-activate|p2b: Victor|move: Protect\n|debug|Spread modifier: 0.75\n|-supereffective|p2a: Big Bird\n|-damage|p2a: Big Bird|66/272\n|debug|Covert Cloak prevent secondary\n|move|p1b: K.Dot|Psychic|p2b: Victor\n|-activate|p2b: Victor|move: Protect\n|move|p2a: Big Bird|Drill Peck|p1b: K.Dot\n|-damage|p1b: K.Dot|0 fnt\n|faint|p1b: K.Dot\n|\n|upkeep\n|c|☆je64|oof\n|\n|t:|1736638627\n|switch|p1b: Myagmar|Magmar, F|271/271\n|turn|2\n|\n|t:|1736638646\n|switch|p2a: Imp|Ditto|300/300\n|-transform|p2a: Imp|p1b: Myagmar|[from] ability: Imposter\n|switch|p2b: Polly|Poliwrath, F|384/384\n|move|p1a: Buzz Lightyear|Electroweb|p2a: Imp|[spread] p2a,p2b\n|debug|Spread modifier: 0.75\n|debug|Spread modifier: 0.75\n|-supereffective|p2b: Polly\n|-enditem|p2b: Polly|Wacan Berry|[eat]\n|debug|-50% reduction\n|-enditem|p2b: Polly|Wacan Berry|[weaken]\n|-damage|p2a: Imp|216/300\n|-damage|p2b: Polly|311/384\n|-unboost|p2a: Imp|spe|1\n|-unboost|p2b: Polly|spe|1\n|move|p1b: Myagmar|Overheat|p2b: Polly\n|-resisted|p2b: Polly\n|-damage|p2b: Polly|146/384\n|-unboost|p1b: Myagmar|spa|2\n|\n|upkeep\n|turn|3\n|\n|t:|1736638683\n|switch|p1b: Gyaradance|Gyarados, M|394/394\n|-ability|p1b: Gyaradance|Intimidate|boost\n|-unboost|p2a: Imp|atk|1\n|-unboost|p2b: Polly|atk|1\n|move|p2b: Polly|Protect|p2b: Polly\n|-singleturn|p2b: Polly|Protect\n|move|p1a: Buzz Lightyear|Volt Switch|p2b: Polly\n|-activate|p2b: Polly|move: Protect\n|move|p2a: Imp|Overheat|p1a: Buzz Lightyear\n|-damage|p1a: Buzz Lightyear|28/271\n|-unboost|p2a: Imp|spa|2\n|\n|upkeep\n|turn|4\n|c|☆je64|ouch\n|\n|t:|1736638724\n|switch|p2a: Clifford|Clefairy, M|344/344\n|switch|p2b: Victor|Victreebel, M|364/364\n|move|p1a: Buzz Lightyear|Electroweb|p2a: Clifford|[spread] p2a,p2b\n|debug|Spread modifier: 0.75\n|debug|Spread modifier: 0.75\n|-resisted|p2b: Victor\n|debug|Friend Guard weaken\n|-damage|p2a: Clifford|272/344\n|-damage|p2b: Victor|332/364\n|-unboost|p2a: Clifford|spe|1\n|-unboost|p2b: Victor|spe|1\n|move|p1b: Gyaradance|Thunder Wave|p2a: Clifford\n|-status|p2a: Clifford|par\n|\n|upkeep\n|turn|5\n|\n|t:|1736638765\n|switch|p1a: Jackie|Hitmonchan, M|242/242\n|move|p1b: Gyaradance|Taunt|p2b: Victor\n|-start|p2b: Victor|move: Taunt\n|cant|p2b: Victor|move: Taunt|Swords Dance\n|move|p2a: Clifford|Calm Mind|p2a: Clifford\n|-boost|p2a: Clifford|spa|1\n|-boost|p2a: Clifford|spd|1\n|\n|upkeep\n|turn|6\n|\n|t:|1736638817\n|switch|p2b: Imp|Ditto|216/300\n|-transform|p2b: Imp|p1a: Jackie|[from] ability: Imposter\n|move|p1a: Jackie|Coaching|p1b: Gyaradance\n|-boost|p1b: Gyaradance|atk|1\n|-boost|p1b: Gyaradance|def|1\n|move|p1b: Gyaradance|Taunt|p2a: Clifford\n|-start|p2a: Clifford|move: Taunt\n|cant|p2a: Clifford|move: Taunt|Calm Mind\n|\n|upkeep\n|turn|7\n|c|☆je64|give me asec\n|c|☆mistermoscow|damage calcs are cheating\n|c|☆je64|no lol\n|c|☆je64|just helping raina with smth\n|c|☆je64|god damnit stop using ditto\n|c|☆mistermoscow|lol\n|\n|t:|1736638929\n|move|p2b: Imp|Fake Out|p1b: Gyaradance\n|-damage|p1b: Gyaradance|367/394\n|move|p1a: Jackie|Coaching|p1b: Gyaradance\n|-boost|p1b: Gyaradance|atk|1\n|-boost|p1b: Gyaradance|def|1\n|cant|p1b: Gyaradance|flinch\n|move|p2a: Clifford|Stored Power|p1a: Jackie\n|debug|BP: 60\n|-supereffective|p1a: Jackie\n|-damage|p1a: Jackie|154/242\n|\n|upkeep\n|turn|8\n|c|☆je64|ugh gimme another sec\n|c|☆mistermoscow|ok\n|c|☆je64|she's having a hard time leaving lol\n|c|☆mistermoscow|ahh ok lol\n|\n|t:|1736639020\n|move|p1a: Jackie|Coaching|p1b: Gyaradance\n|-boost|p1b: Gyaradance|atk|1\n|-boost|p1b: Gyaradance|def|1\n|move|p2b: Imp|Coaching|p2a: Clifford\n|-boost|p2a: Clifford|atk|1\n|-boost|p2a: Clifford|def|1\n|move|p1b: Gyaradance|Waterfall|p2b: Imp\n|debug|Friend Guard weaken\n|-damage|p2b: Imp|0 fnt\n|faint|p2b: Imp\n|move|p2a: Clifford|Stored Power|p1a: Jackie\n|debug|BP: 100\n|-supereffective|p1a: Jackie\n|-damage|p1a: Jackie|4/242\n|\n|-end|p2a: Clifford|move: Taunt\n|upkeep\n|c|☆mistermoscow|ugh\n|c|☆je64|yay\n|\n|t:|1736639049\n|switch|p2b: Big Bird|Fearow, M|66/272\n|turn|9\n|\n|t:|1736639097\n|move|p2b: Big Bird|Quick Attack|p1a: Jackie\n|-damage|p1a: Jackie|0 fnt\n|faint|p1a: Jackie\n|move|p1b: Gyaradance|Taunt|p2a: Clifford\n|-start|p2a: Clifford|move: Taunt\n|move|p2a: Clifford|Stored Power|p1b: Gyaradance\n|debug|BP: 100\n|-damage|p1b: Gyaradance|293/394\n|\n|upkeep\n|\n|t:|1736639110\n|switch|p1a: Buzz Lightyear|Electabuzz, M|28/271\n|turn|10\n|\n|t:|1736639123\n|move|p2b: Big Bird|Protect|p2b: Big Bird\n|-singleturn|p2b: Big Bird|Protect\n|move|p1a: Buzz Lightyear|Electroweb|p2b: Big Bird|[spread] p2a\n|-activate|p2b: Big Bird|move: Protect\n|debug|Spread modifier: 0.75\n|-damage|p2a: Clifford|230/344 par\n|-unboost|p2a: Clifford|spe|1\n|move|p1b: Gyaradance|Waterfall|p2a: Clifford\n|-damage|p2a: Clifford|98/344 par\n|move|p2a: Clifford|Stored Power|p1a: Buzz Lightyear\n|debug|BP: 100\n|-damage|p1a: Buzz Lightyear|0 fnt\n|faint|p1a: Buzz Lightyear\n|\n|upkeep\n|c|☆je64|aww\n|c|☆je64|hoping for a flinch\n|\n|t:|1736639143\n|switch|p1a: Articu-no-hit-me|Articuno|384/384\n|turn|11\n|\n|t:|1736639160\n|move|p2b: Big Bird|Tailwind|p2b: Big Bird\n|-sidestart|p2: mistermoscow|move: Tailwind\n|move|p1a: Articu-no-hit-me|Snowscape|p1a: Articu-no-hit-me\n|-weather|Snow\n|move|p1b: Gyaradance|Waterfall|p2a: Clifford\n|-damage|p2a: Clifford|0 fnt\n|debug|move failed because it did nothing\n|faint|p2a: Clifford\n|\n|-weather|Snow|[upkeep]\n|upkeep\n|\n|t:|1736639177\n|switch|p2a: Polly|Poliwrath, F|146/384\n|turn|12\n|\n|t:|1736639216\n|move|p1b: Gyaradance|Protect|p1b: Gyaradance\n|-singleturn|p1b: Gyaradance|Protect\n|move|p2b: Big Bird|Drill Peck|p1b: Gyaradance\n|-activate|p1b: Gyaradance|move: Protect\n|move|p2a: Polly|Rock Slide|p1b: Gyaradance|[spread] \n|-activate|p1b: Gyaradance|move: Protect\n|debug|Snow Cloak - decreasing accuracy\n|-miss|p2a: Polly|p1a: Articu-no-hit-me\n|move|p1a: Articu-no-hit-me|Tailwind|p1a: Articu-no-hit-me\n|-sidestart|p1: je64|move: Tailwind\n|\n|-weather|Snow|[upkeep]\n|upkeep\n|turn|13\n|c|☆je64|yay!\n|\n|t:|1736639240\n|move|p2b: Big Bird|Quick Attack|p1a: Articu-no-hit-me\n|debug|Snow Cloak - decreasing accuracy\n|-damage|p1a: Articu-no-hit-me|353/384\n|move|p1a: Articu-no-hit-me|Blizzard|p2a: Polly|[spread] p2a,p2b\n|debug|Spread modifier: 0.75\n|-resisted|p2a: Polly\n|debug|Spread modifier: 0.75\n|-supereffective|p2b: Big Bird\n|-damage|p2a: Polly|100/384\n|-damage|p2b: Big Bird|0 fnt\n|debug|Covert Cloak prevent secondary\n|faint|p2b: Big Bird\n|move|p1b: Gyaradance|Waterfall|p2a: Polly\n|-heal|p2a: Polly|196/384|[from] ability: Water Absorb|[of] p1b: Gyaradance\n|move|p2a: Polly|Rock Slide|p1b: Gyaradance|[spread] p1a,p1b\n|debug|Snow Cloak - decreasing accuracy\n|debug|Spread modifier: 0.75\n|-supereffective|p1a: Articu-no-hit-me\n|debug|Spread modifier: 0.75\n|-supereffective|p1b: Gyaradance\n|-damage|p1a: Articu-no-hit-me|217/384\n|-damage|p1b: Gyaradance|251/394\n|\n|-weather|Snow|[upkeep]\n|-heal|p1a: Articu-no-hit-me|241/384|[from] item: Leftovers\n|upkeep\n|c|☆je64|omg\n|c|☆mistermoscow|ahahahaha\n|c|☆je64|did not expect that\n|c|☆je64|idk why\n|\n|t:|1736639273\n|switch|p2b: Victor|Victreebel, M|332/364\n|turn|14\n|\n|t:|1736639283\n|move|p2b: Victor|Protect|p2b: Victor\n|-singleturn|p2b: Victor|Protect\n|move|p1a: Articu-no-hit-me|Blizzard|p2b: Victor|[spread] p2a\n|-activate|p2b: Victor|move: Protect\n|debug|Spread modifier: 0.75\n|-resisted|p2a: Polly\n|-damage|p2a: Polly|148/384\n|move|p1b: Gyaradance|Thunder Wave|p2a: Polly\n|-status|p2a: Polly|par\n|move|p2a: Polly|Rock Slide|p1a: Articu-no-hit-me|[spread] p1b\n|debug|Snow Cloak - decreasing accuracy\n|-miss|p2a: Polly|p1a: Articu-no-hit-me\n|debug|Spread modifier: 0.75\n|-supereffective|p1b: Gyaradance\n|-damage|p1b: Gyaradance|203/394\n|\n|-weather|Snow|[upkeep]\n|-heal|p1a: Articu-no-hit-me|265/384|[from] item: Leftovers\n|-sideend|p2: mistermoscow|move: Tailwind\n|upkeep\n|turn|15\n|\n|t:|1736639308\n|move|p1a: Articu-no-hit-me|Blizzard|p2b: Victor|[spread] p2a,p2b\n|debug|Spread modifier: 0.75\n|-resisted|p2a: Polly\n|debug|Spread modifier: 0.75\n|-supereffective|p2b: Victor\n|-damage|p2a: Polly|98/384 par\n|-damage|p2b: Victor|108/364\n|move|p1b: Gyaradance|Thunder Wave|p2b: Victor|[miss]\n|-miss|p1b: Gyaradance|p2b: Victor\n|move|p2b: Victor|Swords Dance|p2b: Victor\n|-boost|p2b: Victor|atk|2\n|cant|p2a: Polly|par\n|\n|-weather|none\n|-heal|p1a: Articu-no-hit-me|289/384|[from] item: Leftovers\n|-sideend|p1: je64|move: Tailwind\n|upkeep\n|turn|16\n|\n|t:|1736639331\n|move|p2b: Victor|Protect|p2b: Victor\n|-singleturn|p2b: Victor|Protect\n|move|p1a: Articu-no-hit-me|Snowscape|p1a: Articu-no-hit-me\n|-weather|Snow\n|move|p1b: Gyaradance|Waterfall|p2b: Victor\n|-activate|p2b: Victor|move: Protect\n|move|p2a: Polly|Rock Slide|p1a: Articu-no-hit-me|[spread] p1a\n|debug|Snow Cloak - decreasing accuracy\n|-miss|p2a: Polly|p1b: Gyaradance\n|debug|Spread modifier: 0.75\n|-supereffective|p1a: Articu-no-hit-me\n|-damage|p1a: Articu-no-hit-me|165/384\n|\n|-weather|Snow|[upkeep]\n|-heal|p1a: Articu-no-hit-me|189/384|[from] item: Leftovers\n|upkeep\n|turn|17\n|\n|t:|1736639358\n|move|p1b: Gyaradance|Protect|p1b: Gyaradance\n|-singleturn|p1b: Gyaradance|Protect\n|move|p2b: Victor|Sucker Punch|p1a: Articu-no-hit-me\n|debug|Snow Cloak - decreasing accuracy\n|-damage|p1a: Articu-no-hit-me|86/384\n|-damage|p2b: Victor|72/364|[from] item: Life Orb\n|move|p1a: Articu-no-hit-me|Blizzard|p2a: Polly|[spread] p2a,p2b\n|debug|Spread modifier: 0.75\n|-resisted|p2a: Polly\n|debug|Spread modifier: 0.75\n|-supereffective|p2b: Victor\n|-damage|p2a: Polly|47/384 par\n|-damage|p2b: Victor|0 fnt\n|faint|p2b: Victor\n|move|p2a: Polly|Rock Slide|p1a: Articu-no-hit-me|[spread] \n|-activate|p1b: Gyaradance|move: Protect\n|debug|Snow Cloak - decreasing accuracy\n|-miss|p2a: Polly|p1a: Articu-no-hit-me\n|\n|-weather|Snow|[upkeep]\n|-heal|p1a: Articu-no-hit-me|110/384|[from] item: Leftovers\n|upkeep\n|c|☆mistermoscow|fuck, needed that to hit\n|\n|t:|1736639381\n|switch|p2b: Purple Haze|Butterfree, F|262/262\n|turn|18\n|c|☆je64|yeah you really did\n|\n|t:|1736639401\n|move|p2b: Purple Haze|Pollen Puff|p2a: Polly\n|debug|compoundeyes - enhancing accuracy\n|-heal|p2a: Polly|239/384 par\n|move|p1a: Articu-no-hit-me|Blizzard|p2a: Polly|[spread] p2a,p2b\n|debug|Spread modifier: 0.75\n|-resisted|p2a: Polly\n|debug|Spread modifier: 0.75\n|-supereffective|p2b: Purple Haze\n|-damage|p2a: Polly|187/384 par\n|-damage|p2b: Purple Haze|58/262\n|move|p1b: Gyaradance|Thunder Wave|p2b: Purple Haze\n|-status|p2b: Purple Haze|par\n|move|p2a: Polly|Rock Slide|p1a: Articu-no-hit-me|[spread] p1a,p1b\n|debug|Snow Cloak - decreasing accuracy\n|debug|Spread modifier: 0.75\n|-supereffective|p1a: Articu-no-hit-me\n|debug|Spread modifier: 0.75\n|-supereffective|p1b: Gyaradance\n|-damage|p1a: Articu-no-hit-me|0 fnt\n|-damage|p1b: Gyaradance|157/394\n|-enditem|p1b: Gyaradance|Sitrus Berry|[eat]\n|-heal|p1b: Gyaradance|255/394|[from] item: Sitrus Berry\n|faint|p1a: Articu-no-hit-me\n|\n|-weather|Snow|[upkeep]\n|upkeep\n|\n|t:|1736639419\n|switch|p1a: Myagmar|Magmar, F|271/271\n|turn|19\n|\n|t:|1736639428\n|move|p1a: Myagmar|Psychic|p2a: Polly\n|-supereffective|p2a: Polly\n|-damage|p2a: Polly|0 fnt\n|faint|p2a: Polly\n|move|p1b: Gyaradance|Waterfall|p2b: Purple Haze\n|-damage|p2b: Purple Haze|0 fnt\n|faint|p2b: Purple Haze\n|\n|win|je64\n|c|☆je64|ggs\n|c|☆mistermoscow|gg\n","uploadtime":1736639440,"views":"23","formatid":"gen9doublescustomgame","rating":null,"private":0,"password":null}