{"id":"gen9doublescustomgame-2333282148","format":"[Gen 9] Doubles Custom Game","players":["mistermoscow","je64"],"log":"|j|☆mistermoscow\n|j|☆je64\n|t:|1743560216\n|gametype|doubles\n|player|p1|mistermoscow|alder|\n|player|p2|je64|101|\n|teamsize|p1|6\n|teamsize|p2|6\n|gen|9\n|tier|[Gen 9] Doubles Custom Game\n|clearpoke\n|poke|p1|Incineroar, F|\n|poke|p1|Marshadow|\n|poke|p1|Kartana|\n|poke|p1|Celesteela|\n|poke|p1|Zeraora|\n|poke|p1|Magearna|\n|poke|p2|Urshifu-*, M|\n|poke|p2|Zacian-Crowned|\n|poke|p2|Dracovish|\n|poke|p2|Grimmsnarl, M|\n|poke|p2|Rillaboom, M|\n|poke|p2|Indeedee-F, F|\n|teampreview\n|j| Mattmandaman\n|\n|t:|1743560315\n|start\n|switch|p1a: Cindy|Incineroar, F|394/394\n|switch|p1b: Maggie|Magearna|364/364\n|switch|p2a: Grimmsnarl|Grimmsnarl, M|394/394\n|switch|p2b: Rillaboom|Rillaboom, M|398/398\n|-fieldstart|move: Grassy Terrain|[from] ability: Grassy Surge|[of] p2b: Rillaboom\n|-ability|p1a: Cindy|Intimidate|boost\n|-unboost|p2a: Grimmsnarl|atk|1\n|-unboost|p2b: Rillaboom|atk|1\n|turn|1\n|\n|t:|1743560337\n|move|p2b: Rillaboom|Fake Out|p1a: Cindy\n|-damage|p1a: Cindy|355/394\n|cant|p1a: Cindy|flinch\n|move|p2a: Grimmsnarl|Light Screen|p2a: Grimmsnarl\n|-sidestart|p2: je64|move: Light Screen\n|move|p1b: Maggie|Calm Mind|p1b: Maggie\n|-boost|p1b: Maggie|spa|1\n|-boost|p1b: Maggie|spd|1\n|\n|-heal|p1a: Cindy|379/394|[from] Grassy Terrain\n|upkeep\n|turn|2\n|\n|t:|1743560375\n|switch|p2b: Indeedee|Indeedee-F, F|344/344\n|move|p2a: Grimmsnarl|Thunder Wave|p1b: Maggie\n|-status|p1b: Maggie|par\n|move|p1a: Cindy|Flare Blitz|p2b: Indeedee\n|-damage|p2b: Indeedee|113/344\n|-damage|p1a: Cindy|303/394|[from] Recoil\n|move|p1b: Maggie|Flash Cannon|p2a: Grimmsnarl\n|-supereffective|p2a: Grimmsnarl\n|debug|Light Screen weaken\n|-damage|p2a: Grimmsnarl|113/394\n|\n|-heal|p2b: Indeedee|134/344|[from] Grassy Terrain\n|-heal|p2a: Grimmsnarl|137/394|[from] Grassy Terrain\n|-heal|p1a: Cindy|327/394|[from] Grassy Terrain\n|upkeep\n|turn|3\n|\n|t:|1743560406\n|move|p2b: Indeedee|Fake Out|p1b: Maggie\n|-resisted|p1b: Maggie\n|-damage|p1b: Maggie|350/364 par\n|move|p2a: Grimmsnarl|Reflect|p2a: Grimmsnarl\n|-sidestart|p2: je64|Reflect\n|move|p1a: Cindy|Knock Off|p2b: Indeedee\n|-supereffective|p2b: Indeedee\n|debug|Reflect weaken\n|-damage|p2b: Indeedee|0 fnt\n|-enditem|p2b: Indeedee|Safety Goggles|[from] move: Knock Off|[of] p1a: Cindy\n|faint|p2b: Indeedee\n|-ability|p1b: Maggie|Soul-Heart|boost\n|-boost|p1b: Maggie|spa|1\n|cant|p1b: Maggie|flinch\n|\n|-heal|p1a: Cindy|351/394|[from] Grassy Terrain\n|-heal|p2a: Grimmsnarl|161/394|[from] Grassy Terrain\n|-heal|p1b: Maggie|364/364 par|[from] Grassy Terrain\n|upkeep\n|\n|t:|1743560433\n|switch|p2b: Dracovish|Dracovish|321/321\n|turn|4\n|\n|t:|1743560468\n|switch|p1a: Ceceelia|Celesteela|335/335\n|move|p1b: Maggie|Protect|p1b: Maggie\n|-singleturn|p1b: Maggie|Protect\n|move|p2b: Dracovish|Fishious Rend|p1b: Maggie\n|-activate|p1b: Maggie|move: Protect\n|move|p2a: Grimmsnarl|Spirit Break|p1b: Maggie\n|-activate|p1b: Maggie|move: Protect\n|\n|debug|Pokemon semi-invuln or not grounded; Grassy Terrain skipped\n|-heal|p2a: Grimmsnarl|185/394|[from] Grassy Terrain\n|upkeep\n|turn|5\n|\n|t:|1743560487\n|switch|p1a: Cindy|Incineroar, F|351/394\n|-ability|p1a: Cindy|Intimidate|boost\n|-unboost|p2a: Grimmsnarl|atk|1\n|-unboost|p2b: Dracovish|atk|1\n|move|p2b: Dracovish|Fishious Rend|p1b: Maggie\n|debug|Fishious Rend damage boost\n|-damage|p1b: Maggie|123/364 par\n|move|p2a: Grimmsnarl|Spirit Break|p1b: Maggie\n|-resisted|p1b: Maggie\n|-damage|p1b: Maggie|99/364 par\n|-unboost|p1b: Maggie|spa|1\n|move|p1b: Maggie|Dazzling Gleam|p2a: Grimmsnarl|[spread] p2a,p2b\n|debug|Spread modifier: 0.75\n|-supereffective|p2a: Grimmsnarl\n|debug|Light Screen weaken\n|debug|Spread modifier: 0.75\n|-supereffective|p2b: Dracovish\n|debug|Light Screen weaken\n|-damage|p2a: Grimmsnarl|0 fnt\n|-damage|p2b: Dracovish|40/321\n|faint|p2a: Grimmsnarl\n|-ability|p1b: Maggie|Soul-Heart|boost\n|-boost|p1b: Maggie|spa|1\n|\n|-heal|p2b: Dracovish|60/321|[from] Grassy Terrain\n|-heal|p1a: Cindy|375/394|[from] Grassy Terrain\n|-heal|p1b: Maggie|121/364 par|[from] Grassy Terrain\n|-heal|p1b: Maggie|143/364 par|[from] item: Leftovers\n|-fieldend|move: Grassy Terrain\n|upkeep\n|\n|t:|1743560527\n|switch|p2a: Rillaboom|Rillaboom, M|398/398\n|-fieldstart|move: Grassy Terrain|[from] ability: Grassy Surge|[of] p2a: Rillaboom\n|turn|6\n|\n|t:|1743560545\n|switch|p1a: Boo|Marshadow|384/384\n|cant|p1b: Maggie|par\n|move|p2a: Rillaboom|Fake Out|p1a: Boo\n|-immune|p1a: Boo\n|move|p2b: Dracovish|Fishious Rend|p1b: Maggie\n|debug|Fishious Rend NOT boosted\n|-damage|p1b: Maggie|28/364 par\n|\n|-heal|p2b: Dracovish|80/321|[from] Grassy Terrain\n|-heal|p1b: Maggie|50/364 par|[from] Grassy Terrain\n|-heal|p1b: Maggie|72/364 par|[from] item: Leftovers\n|upkeep\n|turn|7\n|\n|t:|1743560639\n|move|p1a: Boo|Shadow Sneak|p2b: Dracovish\n|debug|Base Power: 40\n|debug|Technician boost\n|debug|Reflect weaken\n|-damage|p2b: Dracovish|0 fnt\n|faint|p2b: Dracovish\n|-ability|p1b: Maggie|Soul-Heart|boost\n|-boost|p1b: Maggie|spa|1\n|-damage|p1a: Boo|346/384|[from] item: Life Orb\n|move|p2a: Rillaboom|Wood Hammer|p1a: Boo\n|debug|grassy terrain boost\n|-crit|p1a: Boo\n|-damage|p1a: Boo|0 fnt\n|faint|p1a: Boo\n|-ability|p1b: Maggie|Soul-Heart|boost\n|-boost|p1b: Maggie|spa|1\n|-damage|p2a: Rillaboom|284/398|[from] Recoil\n|move|p1b: Maggie|Dazzling Gleam|p2a: Rillaboom\n|debug|Light Screen weaken\n|-damage|p2a: Rillaboom|16/398\n|\n|-heal|p2a: Rillaboom|40/398|[from] Grassy Terrain\n|-heal|p1b: Maggie|94/364 par|[from] Grassy Terrain\n|-heal|p1b: Maggie|116/364 par|[from] item: Leftovers\n|upkeep\n|\n|t:|1743560668\n|switch|p1a: Cindy|Incineroar, F|375/394\n|switch|p2b: Zacian|Zacian-Crowned|326/326\n|-ability|p2b: Zacian|Intrepid Sword|boost\n|-boost|p2b: Zacian|atk|1\n|-ability|p1a: Cindy|Intimidate|boost\n|-unboost|p2a: Rillaboom|atk|1\n|-unboost|p2b: Zacian|atk|1\n|turn|8\n|\n|t:|1743560722\n|switch|p2a: Urshifu|Urshifu-Rapid-Strike, M|341/341\n|move|p1b: Maggie|Protect|p1b: Maggie\n|-singleturn|p1b: Maggie|Protect\n|move|p2b: Zacian|Behemoth Blade|p1b: Maggie\n|-activate|p1b: Maggie|move: Protect\n|move|p1a: Cindy|Parting Shot|p2b: Zacian\n|-unboost|p2b: Zacian|atk|1\n|-unboost|p2b: Zacian|spa|1\n|\n|t:|1743560732\n|switch|p1a: Zeezy|Zeraora|318/318|[from] Parting Shot\n|\n|-heal|p1b: Maggie|138/364 par|[from] Grassy Terrain\n|-heal|p1b: Maggie|160/364 par|[from] item: Leftovers\n|-sideend|p2: je64|move: Light Screen\n|upkeep\n|turn|9\n|\n|t:|1743560762\n|switch|p2b: Rillaboom|Rillaboom, M|40/398\n|switch|p1a: Cindy|Incineroar, F|375/394\n|-ability|p1a: Cindy|Intimidate|boost\n|-unboost|p2a: Urshifu|atk|1\n|-unboost|p2b: Rillaboom|atk|1\n|move|p2a: Urshifu|Surging Strikes|p1b: Maggie\n|debug|Negating (sp)atk boost/penalty.\n|-crit|p1b: Maggie\n|-damage|p1b: Maggie|82/364 par\n|debug|Negating (sp)atk boost/penalty.\n|-crit|p1b: Maggie\n|-damage|p1b: Maggie|8/364 par\n|debug|Negating (sp)atk boost/penalty.\n|-crit|p1b: Maggie\n|-damage|p1b: Maggie|0 fnt\n|faint|p1b: Maggie\n|-hitcount|p1: Maggie|3\n|-damage|p2a: Urshifu|307/341|[from] item: Life Orb\n|\n|-heal|p2a: Urshifu|328/341|[from] Grassy Terrain\n|-heal|p2b: Rillaboom|64/398|[from] Grassy Terrain\n|-heal|p1a: Cindy|394/394|[from] Grassy Terrain\n|upkeep\n|\n|t:|1743560792\n|switch|p1b: Zeezy|Zeraora|318/318\n|turn|10\n|\n|t:|1743560821\n|move|p1a: Cindy|Fake Out|p2a: Urshifu\n|debug|Reflect weaken\n|-damage|p2a: Urshifu|298/341\n|cant|p2a: Urshifu|flinch\n|move|p1b: Zeezy|Electroweb|p2b: Rillaboom|[spread] p2a,p2b\n|debug|Spread modifier: 0.75\n|-supereffective|p2a: Urshifu\n|debug|Spread modifier: 0.75\n|-resisted|p2b: Rillaboom\n|-damage|p2a: Urshifu|170/341\n|-damage|p2b: Rillaboom|43/398\n|-unboost|p2a: Urshifu|spe|1\n|-unboost|p2b: Rillaboom|spe|1\n|move|p2b: Rillaboom|Wood Hammer|p1b: Zeezy\n|debug|grassy terrain boost\n|debug|Negating (sp)atk boost/penalty.\n|-crit|p1b: Zeezy\n|-damage|p1b: Zeezy|0 fnt\n|faint|p1b: Zeezy\n|-damage|p2b: Rillaboom|0 fnt|[from] Recoil\n|faint|p2b: Rillaboom\n|\n|-heal|p2a: Urshifu|191/341|[from] Grassy Terrain\n|-sideend|p2: je64|Reflect\n|-fieldend|move: Grassy Terrain\n|upkeep\n|\n|t:|1743560842\n|switch|p1b: Ceceelia|Celesteela|335/335\n|switch|p2b: Zacian|Zacian-Crowned|326/326\n|turn|11\n|\n|t:|1743560861\n|switch|p1a: Paper Cut|Kartana|260/260\n|move|p2b: Zacian|Swords Dance|p2b: Zacian\n|-boost|p2b: Zacian|atk|2\n|move|p1b: Ceceelia|Air Slash|p2a: Urshifu|[miss]\n|-miss|p1b: Ceceelia|p2a: Urshifu\n|move|p2a: Urshifu|Surging Strikes|p1a: Paper Cut\n|debug|Negating (sp)atk boost/penalty.\n|-resisted|p1a: Paper Cut\n|-crit|p1a: Paper Cut\n|-damage|p1a: Paper Cut|225/260\n|debug|Negating (sp)atk boost/penalty.\n|-resisted|p1a: Paper Cut\n|-crit|p1a: Paper Cut\n|-damage|p1a: Paper Cut|186/260\n|debug|Negating (sp)atk boost/penalty.\n|-resisted|p1a: Paper Cut\n|-crit|p1a: Paper Cut\n|-damage|p1a: Paper Cut|150/260\n|-hitcount|p1a: Paper Cut|3\n|-damage|p2a: Urshifu|157/341|[from] item: Life Orb\n|\n|upkeep\n|turn|12\n|\n|t:|1743560937\n|move|p2b: Zacian|Behemoth Blade|p1a: Paper Cut\n|-resisted|p1a: Paper Cut\n|-damage|p1a: Paper Cut|0 fnt\n|faint|p1a: Paper Cut\n|move|p1b: Ceceelia|Air Slash|p2a: Urshifu\n|-supereffective|p2a: Urshifu\n|-damage|p2a: Urshifu|0 fnt\n|faint|p2a: Urshifu\n|-ability|p1b: Ceceelia|Beast Boost|boost\n|-boost|p1b: Ceceelia|spa|1\n|\n|upkeep\n|\n|t:|1743560946\n|switch|p1a: Cindy|Incineroar, F|394/394\n|-ability|p1a: Cindy|Intimidate|boost\n|-unboost|p2b: Zacian|atk|1\n|turn|13\n|\n|t:|1743560969\n|move|p2b: Zacian|Protect|p2b: Zacian\n|-singleturn|p2b: Zacian|Protect\n|move|p1a: Cindy|Fake Out|p2b: Zacian\n|-activate|p2b: Zacian|move: Protect\n|move|p1b: Ceceelia|Meteor Beam||[still]\n|-prepare|p1b: Ceceelia|Meteor Beam\n|-boost|p1b: Ceceelia|spa|1\n|-enditem|p1b: Ceceelia|Power Herb\n|debug|power herb - remove charge turn for meteorbeam\n|-anim|p1b: Ceceelia|Meteor Beam|p2b: Zacian\n|-activate|p2b: Zacian|move: Protect\n|\n|upkeep\n|turn|14\n|\n|t:|1743561026\n|move|p2b: Zacian|Play Rough|p1a: Cindy\n|-damage|p1a: Cindy|73/394\n|move|p1b: Ceceelia|Flash Cannon|p2b: Zacian\n|-damage|p2b: Zacian|74/326\n|move|p1a: Cindy|Flare Blitz|p2b: Zacian\n|-supereffective|p2b: Zacian\n|-damage|p2b: Zacian|0 fnt\n|faint|p2b: Zacian\n|-damage|p1a: Cindy|49/394|[from] Recoil\n|\n|win|mistermoscow\n","uploadtime":1743561036,"views":"16","formatid":"gen9doublescustomgame","rating":null,"private":0,"password":null}