{"id":"gen9doublescustomgame-2337067345","format":"[Gen 9] Doubles Custom Game","players":["mistermoscow","Mango Meloetta"],"log":"|j|☆mistermoscow\n|j|☆Mango Meloetta\n|t:|1743994945\n|gametype|doubles\n|player|p1|mistermoscow|alder|\n|player|p2|Mango Meloetta|li|\n|teamsize|p1|6\n|teamsize|p2|6\n|gen|9\n|tier|[Gen 9] Doubles Custom Game\n|clearpoke\n|poke|p1|Nidoking, M|\n|poke|p1|Machoke, M|\n|poke|p1|Dewgong, M|\n|poke|p1|Exeggutor, M|\n|poke|p1|Mr. Mime, M|\n|poke|p1|Jolteon, M|\n|poke|p2|Pinsir, F|\n|poke|p2|Poliwrath, F|\n|poke|p2|Electabuzz, F|\n|poke|p2|Golduck, F|\n|poke|p2|Snorlax, F|\n|poke|p2|Weezing, F|\n|teampreview\n|\n|t:|1743995048\n|start\n|switch|p1a: Dewey|Dewgong, M|384/384\n|switch|p1b: Sparky|Jolteon, M|271/271\n|switch|p2a: Electabuzz|Electabuzz, F|334/334\n|switch|p2b: Poliwrath|Poliwrath, F|383/383\n|turn|1\n|\n|t:|1743995082\n|move|p1a: Dewey|Fake Out|p2b: Poliwrath\n|-damage|p2b: Poliwrath|343/383\n|move|p1b: Sparky|Reflect|p1b: Sparky\n|-sidestart|p1: mistermoscow|Reflect\n|move|p2a: Electabuzz|Electroweb|p1b: Sparky|[spread] p1a\n|-immune|p1b: Sparky|[from] ability: Volt Absorb\n|debug|Spread modifier: 0.75\n|-supereffective|p1a: Dewey\n|-damage|p1a: Dewey|298/384\n|debug|Covert Cloak prevent secondary\n|cant|p2b: Poliwrath|flinch\n|\n|upkeep\n|turn|2\n|\n|t:|1743995122\n|move|p1b: Sparky|Light Screen|p1b: Sparky\n|-sidestart|p1: mistermoscow|move: Light Screen\n|move|p2a: Electabuzz|Taunt|p1b: Sparky\n|-start|p1b: Sparky|move: Taunt\n|move|p1a: Dewey|Triple Axel|p2a: Electabuzz\n|-damage|p2a: Electabuzz|313/334\n|-damage|p2a: Electabuzz|276/334\n|-crit|p2a: Electabuzz\n|-damage|p2a: Electabuzz|183/334\n|-hitcount|p2a: Electabuzz|3\n|move|p2b: Poliwrath|Circle Throw|p1a: Dewey\n|-supereffective|p1a: Dewey\n|debug|Reflect weaken\n|-damage|p1a: Dewey|142/384\n|drag|p1a: King Nido|Nidoking, M|303/303\n|\n|upkeep\n|turn|3\n|\n|t:|1743995148\n|switch|p2a: Weezing|Weezing, F|334/334\n|move|p1a: King Nido|Thunderbolt|p2b: Poliwrath\n|-supereffective|p2b: Poliwrath\n|-damage|p2b: Poliwrath|171/383\n|move|p1b: Sparky|Shadow Ball|p2a: Weezing\n|-damage|p2a: Weezing|234/334\n|move|p2b: Poliwrath|Icy Wind|p1a: King Nido|[spread] p1a,p1b\n|debug|Spread modifier: 0.75\n|-supereffective|p1a: King Nido\n|debug|Light Screen weaken\n|debug|Spread modifier: 0.75\n|debug|Light Screen weaken\n|-damage|p1a: King Nido|262/303\n|-damage|p1b: Sparky|254/271\n|-unboost|p1a: King Nido|spe|1\n|-unboost|p1b: Sparky|spe|1\n|\n|-heal|p2a: Weezing|254/334|[from] item: Leftovers\n|upkeep\n|turn|4\n|\n|t:|1743995166\n|switch|p1a: Randy|Machoke, M|302/302\n|switch|p1b: Dewey|Dewgong, M|142/384\n|move|p2a: Weezing|Protect|p2a: Weezing\n|-singleturn|p2a: Weezing|Protect\n|move|p2b: Poliwrath|High Horsepower|p1b: Dewey\n|debug|Reflect weaken\n|-damage|p1b: Dewey|63/384\n|\n|-heal|p2a: Weezing|274/334|[from] item: Leftovers\n|upkeep\n|turn|5\n|\n|t:|1743995188\n|move|p2a: Weezing|Protect|p2a: Weezing\n|debug|Success chance: 33%\n|-singleturn|p2a: Weezing|Protect\n|move|p1b: Dewey|Fake Out|p2b: Poliwrath\n|-damage|p2b: Poliwrath|137/383\n|move|p1a: Randy|Fissure|p2a: Weezing\n|-activate|p2a: Weezing|move: Protect\n|cant|p2b: Poliwrath|flinch\n|\n|-heal|p2a: Weezing|294/334|[from] item: Leftovers\n|upkeep\n|turn|6\n|\n|t:|1743995210\n|switch|p1b: Mimsy|Mr. Mime, M|221/221\n|move|p2a: Weezing|Sludge Bomb|p1b: Mimsy\n|-supereffective|p1b: Mimsy\n|debug|Filter neutralize\n|debug|Light Screen weaken\n|-damage|p1b: Mimsy|143/221\n|move|p1a: Randy|Fissure|p2a: Weezing\n|-immune|p2a: Weezing|[from] ability: Levitate\n|move|p2b: Poliwrath|Circle Throw|p1a: Randy\n|debug|Reflect weaken\n|-damage|p1a: Randy|260/302\n|drag|p1a: Dewey|Dewgong, M|63/384\n|\n|-heal|p2a: Weezing|314/334|[from] item: Leftovers\n|upkeep\n|turn|7\n|\n|t:|1743995232\n|move|p1a: Dewey|Fake Out|p2a: Weezing\n|-damage|p2a: Weezing|291/334\n|move|p1b: Mimsy|Psychic Terrain|p1b: Mimsy\n|-fieldstart|move: Psychic Terrain\n|move|p2b: Poliwrath|Icy Wind|p1b: Mimsy|[spread] p1a,p1b\n|debug|Thick Fat weaken\n|debug|Spread modifier: 0.75\n|-resisted|p1a: Dewey\n|debug|Light Screen weaken\n|debug|Spread modifier: 0.75\n|debug|Light Screen weaken\n|-damage|p1a: Dewey|61/384\n|-damage|p1b: Mimsy|128/221\n|debug|Covert Cloak prevent secondary\n|-unboost|p1b: Mimsy|spe|1\n|cant|p2a: Weezing|flinch\n|\n|-heal|p2a: Weezing|311/334|[from] item: Leftovers\n|upkeep\n|turn|8\n|\n|t:|1743995268\n|switch|p1b: King Nido|Nidoking, M|262/303\n|move|p1a: Dewey|Knock Off|p2a: Weezing\n|-damage|p2a: Weezing|250/334\n|-enditem|p2a: Weezing|Leftovers|[from] move: Knock Off|[of] p1a: Dewey\n|move|p2a: Weezing|Sludge Bomb|p1a: Dewey\n|debug|Light Screen weaken\n|-damage|p1a: Dewey|2/384\n|debug|Covert Cloak prevent secondary\n|move|p2b: Poliwrath|Circle Throw|p1b: King Nido\n|-resisted|p1b: King Nido\n|debug|Reflect weaken\n|-damage|p1b: King Nido|223/303\n|drag|p1b: Sparky|Jolteon, M|254/271\n|\n|-sideend|p1: mistermoscow|Reflect\n|upkeep\n|turn|9\n|\n|t:|1743995290\n|move|p1b: Sparky|Electroweb|p2b: Poliwrath|[spread] p2a,p2b\n|debug|Spread modifier: 0.75\n|debug|Spread modifier: 0.75\n|-supereffective|p2b: Poliwrath\n|-damage|p2a: Weezing|174/334\n|-damage|p2b: Poliwrath|45/383\n|-unboost|p2a: Weezing|spe|1\n|-unboost|p2b: Poliwrath|spe|1\n|move|p1a: Dewey|Triple Axel|p2a: Weezing\n|-damage|p2a: Weezing|155/334\n|-damage|p2a: Weezing|118/334\n|-hitcount|p2a: Weezing|2\n|move|p2b: Poliwrath|High Horsepower|p1b: Sparky\n|-supereffective|p1b: Sparky\n|-damage|p1b: Sparky|0 fnt\n|faint|p1b: Sparky\n|move|p2a: Weezing|Sludge Bomb|p1a: Dewey\n|debug|Light Screen weaken\n|-damage|p1a: Dewey|0 fnt\n|debug|Covert Cloak prevent secondary\n|faint|p1a: Dewey\n|\n|-sideend|p1: mistermoscow|move: Light Screen\n|upkeep\n|\n|t:|1743995313\n|switch|p1b: King Nido|Nidoking, M|223/303\n|switch|p1a: Eggman|Exeggutor, M|394/394\n|turn|10\n|\n|t:|1743995337\n|move|p1b: King Nido|Sludge Bomb|p2b: Poliwrath\n|-damage|p2b: Poliwrath|0 fnt\n|faint|p2b: Poliwrath\n|move|p1a: Eggman|Expanding Force|p2a: Weezing\n|debug|psychic terrain boost\n|debug|terrain buff\n|-supereffective|p2a: Weezing\n|-damage|p2a: Weezing|0 fnt\n|faint|p2a: Weezing\n|-damage|p1a: Eggman|355/394|[from] item: Life Orb\n|\n|upkeep\n|\n|t:|1743995363\n|switch|p2b: Snorlax|Snorlax, F|524/524\n|switch|p2a: Electabuzz|Electabuzz, F|183/334\n|turn|11\n|\n|t:|1743995382\n|move|p1b: King Nido|Sludge Bomb|p2b: Snorlax\n|-damage|p2b: Snorlax|374/524\n|move|p2a: Electabuzz|Electroweb|p1a: Eggman|[spread] p1a\n|-immune|p1b: King Nido\n|debug|Spread modifier: 0.75\n|-resisted|p1a: Eggman\n|-damage|p1a: Eggman|326/394\n|-unboost|p1a: Eggman|spe|1\n|move|p1a: Eggman|Expanding Force|p2b: Snorlax|[spread] p2a,p2b\n|debug|psychic terrain boost\n|debug|terrain buff\n|debug|Spread modifier: 0.75\n|debug|psychic terrain boost\n|debug|terrain buff\n|debug|Spread modifier: 0.75\n|-damage|p2a: Electabuzz|0 fnt\n|-damage|p2b: Snorlax|104/524\n|-enditem|p2b: Snorlax|Aguav Berry|[eat]\n|-heal|p2b: Snorlax|278/524|[from] item: Aguav Berry\n|faint|p2a: Electabuzz\n|-damage|p1a: Eggman|287/394|[from] item: Life Orb\n|move|p2b: Snorlax|Double-Edge|p1b: King Nido\n|-damage|p1b: King Nido|0 fnt\n|faint|p1b: King Nido\n|-damage|p2b: Snorlax|204/524|[from] Recoil\n|\n|-fieldend|move: Psychic Terrain\n|upkeep\n|\n|t:|1743995403\n|switch|p1b: Mimsy|Mr. Mime, M|128/221\n|switch|p2a: Golduck|Golduck, F|301/301\n|-ability|p2a: Golduck|Cloud Nine\n|turn|12\n|\n|t:|1743995421\n|move|p2a: Golduck|Psychic|p1b: Mimsy\n|-resisted|p1b: Mimsy\n|-crit|p1b: Mimsy\n|-damage|p1b: Mimsy|77/221\n|move|p1b: Mimsy|Psychic Terrain|p1b: Mimsy\n|-fieldstart|move: Psychic Terrain\n|move|p1a: Eggman|Giga Drain|p2a: Golduck\n|-supereffective|p2a: Golduck\n|-enditem|p2a: Golduck|Focus Sash\n|-damage|p2a: Golduck|1/301\n|-heal|p1a: Eggman|394/394|[from] drain|[of] p2a: Golduck\n|-damage|p1a: Eggman|355/394|[from] item: Life Orb\n|move|p2b: Snorlax|Ice Punch|p1a: Eggman\n|-supereffective|p1a: Eggman\n|-damage|p1a: Eggman|151/394\n|\n|upkeep\n|turn|13\n|\n|t:|1743995454\n|move|p1a: Eggman|Protect|p1a: Eggman\n|-singleturn|p1a: Eggman|Protect\n|move|p2a: Golduck|Psychic|p1a: Eggman\n|-activate|p1a: Eggman|move: Protect\n|move|p1b: Mimsy|Expanding Force|p2a: Golduck|[spread] p2a,p2b\n|debug|psychic terrain boost\n|debug|terrain buff\n|debug|Spread modifier: 0.75\n|debug|psychic terrain boost\n|debug|terrain buff\n|debug|Spread modifier: 0.75\n|-damage|p2a: Golduck|0 fnt\n|-damage|p2b: Snorlax|30/524\n|faint|p2a: Golduck\n|move|p2b: Snorlax|Body Slam|p1a: Eggman\n|-activate|p1a: Eggman|move: Protect\n|\n|upkeep\n|\n|t:|1743995461\n|switch|p2a: Pinsir|Pinsir, F|271/271\n|-ability|p2a: Pinsir|Mold Breaker\n|turn|14\n|\n|t:|1743995482\n|move|p1b: Mimsy|Follow Me|p1b: Mimsy\n|-singleturn|p1b: Mimsy|move: Follow Me\n|move|p2a: Pinsir|X-Scissor|p1b: Mimsy\n|debug|Follow Me redirected target of move\n|debug|ModifyDamage handler suppressed by Mold Breaker\n|-damage|p1b: Mimsy|0 fnt\n|faint|p1b: Mimsy\n|move|p1a: Eggman|Expanding Force|p2b: Snorlax|[spread] p2a,p2b\n|debug|psychic terrain boost\n|debug|terrain buff\n|debug|Spread modifier: 0.75\n|debug|psychic terrain boost\n|debug|terrain buff\n|debug|Spread modifier: 0.75\n|-damage|p2a: Pinsir|0 fnt\n|-damage|p2b: Snorlax|0 fnt\n|faint|p2a: Pinsir\n|faint|p2b: Snorlax\n|-damage|p1a: Eggman|112/394|[from] item: Life Orb\n|\n|win|mistermoscow\n|c|☆Mango Meloetta|ahh gg\n|c|☆mistermoscow|gg\n|c|☆Mango Meloetta|well played haha\n","uploadtime":1743995495,"views":"18","formatid":"gen9doublescustomgame","rating":null,"private":0,"password":null}