{"id":"gen9doublescustomgame-2348510974","format":"[Gen 9] Doubles Custom Game","players":["mistermoscow","Mattmandaman"],"log":"|j|☆mistermoscow\n|j|☆Mattmandaman\n|t:|1745355999\n|gametype|doubles\n|player|p1|mistermoscow|alder|\n|player|p2|Mattmandaman|giovanni|\n|teamsize|p1|6\n|teamsize|p2|6\n|gen|9\n|tier|[Gen 9] Doubles Custom Game\n|clearpoke\n|poke|p1|Nidoking, M|\n|poke|p1|Primeape, M|\n|poke|p1|Dewgong, M|\n|poke|p1|Mr. Mime, M|\n|poke|p1|Jolteon, M|\n|poke|p1|Dragonite, F|\n|poke|p2|Gengar, M|\n|poke|p2|Starmie|\n|poke|p2|Chansey, F|\n|poke|p2|Nidoking, M|\n|poke|p2|Snorlax, M|\n|poke|p2|Pinsir, F|\n|teampreview\n|\n|t:|1745356045\n|start\n|switch|p1a: Dewey|Dewgong, M|353/353\n|switch|p1b: Sparky|Jolteon, M|272/272\n|switch|p2a: Gengar|Gengar, M|262/262\n|switch|p2b: Starmie|Starmie|262/262\n|turn|1\n|\n|t:|1745356066\n|switch|p2b: Nidoking|Nidoking, M|304/304\n|move|p1b: Sparky|Light Screen|p1b: Sparky\n|-sidestart|p1: mistermoscow|move: Light Screen\n|move|p2a: Gengar|Will-O-Wisp|p1a: Dewey\n|-status|p1a: Dewey|brn\n|move|p1a: Dewey|Knock Off|p2b: Nidoking\n|-damage|p2b: Nidoking|254/304\n|-enditem|p2b: Nidoking|Choice Scarf|[from] move: Knock Off|[of] p1a: Dewey\n|\n|-damage|p1a: Dewey|331/353 brn|[from] brn\n|upkeep\n|turn|2\n|\n|t:|1745356128\n|switch|p1b: Puff Daddy|Dragonite, F|386/386\n|switch|p2a: Chansey|Chansey, F|704/704\n|move|p2b: Nidoking|Thunderbolt|p1a: Dewey\n|-supereffective|p1a: Dewey\n|debug|Light Screen weaken\n|-damage|p1a: Dewey|166/353 brn\n|move|p1a: Dewey|Flip Turn|p2a: Chansey\n|-damage|p2a: Chansey|650/704\n|\n|t:|1745356151\n|switch|p1a: King Nido|Nidoking, M|303/303|[from] Flip Turn\n|\n|upkeep\n|turn|3\n|\n|t:|1745356173\n|switch|p2b: Pinsir|Pinsir, F|334/334\n|move|p1a: King Nido|Earth Power|p2b: Pinsir\n|-resisted|p2b: Pinsir\n|-damage|p2b: Pinsir|257/334\n|move|p1b: Puff Daddy|Dragon Dance|p1b: Puff Daddy\n|-boost|p1b: Puff Daddy|atk|1\n|-boost|p1b: Puff Daddy|spe|1\n|move|p2a: Chansey|Thunder Wave|p1b: Puff Daddy\n|-status|p1b: Puff Daddy|par\n|\n|upkeep\n|turn|4\n|\n|t:|1745356218\n|move|p1a: King Nido|Earth Power|p2b: Pinsir\n|-resisted|p2b: Pinsir\n|-damage|p2b: Pinsir|184/334\n|move|p2b: Pinsir|Knock Off|p1b: Puff Daddy\n|debug|Multiscale weaken\n|-damage|p1b: Puff Daddy|323/386 par\n|-enditem|p1b: Puff Daddy|Clear Amulet|[from] move: Knock Off|[of] p2b: Pinsir\n|move|p1b: Puff Daddy|Tailwind|p1b: Puff Daddy\n|-sidestart|p1: mistermoscow|move: Tailwind\n|move|p2a: Chansey|Teleport|p2a: Chansey\n|\n|t:|1745356237\n|switch|p2a: Snorlax|Snorlax, M|479/479|[from] Teleport\n|\n|upkeep\n|turn|5\n|\n|t:|1745356271\n|switch|p2b: Chansey|Chansey, F|650/704\n|move|p1a: King Nido|Earth Power|p2a: Snorlax\n|-damage|p2a: Snorlax|340/479\n|move|p1b: Puff Daddy|Dual Wingbeat|p2b: Chansey\n|-damage|p2b: Chansey|467/704\n|-damage|p2b: Chansey|304/704\n|-hitcount|p2b: Chansey|2\n|move|p2a: Snorlax|Rock Slide|p1a: King Nido|[spread] p1a\n|-miss|p2a: Snorlax|p1b: Puff Daddy\n|debug|Spread modifier: 0.75\n|-resisted|p1a: King Nido\n|-damage|p1a: King Nido|265/303\n|\n|-heal|p2a: Snorlax|369/479|[from] item: Leftovers\n|upkeep\n|turn|6\n|\n|t:|1745356297\n|move|p1a: King Nido|Earth Power|p2a: Snorlax\n|-damage|p2a: Snorlax|216/479\n|move|p1b: Puff Daddy|Dual Wingbeat|p2b: Chansey\n|-damage|p2b: Chansey|135/704\n|-damage|p2b: Chansey|0 fnt\n|faint|p2b: Chansey\n|-hitcount|p2: Chansey|2\n|move|p2a: Snorlax|Rock Slide|p1b: Puff Daddy|[spread] p1a,p1b\n|debug|Spread modifier: 0.75\n|-resisted|p1a: King Nido\n|debug|Spread modifier: 0.75\n|-supereffective|p1b: Puff Daddy\n|-damage|p1a: King Nido|225/303\n|-damage|p1b: Puff Daddy|187/386 par\n|\n|-heal|p2a: Snorlax|245/479|[from] item: Leftovers\n|upkeep\n|\n|t:|1745356319\n|switch|p2b: Gengar|Gengar, M|262/262\n|turn|7\n|\n|t:|1745356328\n|move|p2b: Gengar|Protect|p2b: Gengar\n|-singleturn|p2b: Gengar|Protect\n|move|p1a: King Nido|Earth Power|p2a: Snorlax\n|-damage|p2a: Snorlax|100/479\n|move|p1b: Puff Daddy|Dual Wingbeat|p2a: Snorlax\n|-damage|p2a: Snorlax|0 fnt\n|faint|p2a: Snorlax\n|-hitcount|p2: Snorlax|1\n|\n|-sideend|p1: mistermoscow|move: Tailwind\n|upkeep\n|\n|t:|1745356347\n|switch|p2a: Starmie|Starmie|262/262\n|turn|8\n|\n|t:|1745356360\n|switch|p1a: Sparky|Jolteon, M|272/272\n|switch|p2b: Pinsir|Pinsir, F|184/334\n|move|p2a: Starmie|Icy Wind|p1b: Puff Daddy|[spread] p1a,p1b\n|debug|Spread modifier: 0.75\n|debug|Light Screen weaken\n|debug|Spread modifier: 0.75\n|-supereffective|p1b: Puff Daddy\n|debug|Light Screen weaken\n|-damage|p1a: Sparky|229/272\n|-damage|p1b: Puff Daddy|19/386 par\n|-unboost|p1a: Sparky|spe|1\n|-unboost|p1b: Puff Daddy|spe|1\n|cant|p1b: Puff Daddy|par\n|\n|-sideend|p1: mistermoscow|move: Light Screen\n|upkeep\n|turn|9\n|\n|t:|1745356387\n|move|p1b: Puff Daddy|Extreme Speed|p2b: Pinsir\n|-damage|p2b: Pinsir|36/334\n|move|p2a: Starmie|Icy Wind|p1b: Puff Daddy|[spread] p1a,p1b\n|debug|Spread modifier: 0.75\n|debug|Spread modifier: 0.75\n|-supereffective|p1b: Puff Daddy\n|-damage|p1a: Sparky|164/272\n|-damage|p1b: Puff Daddy|0 fnt\n|-unboost|p1a: Sparky|spe|1\n|faint|p1b: Puff Daddy\n|move|p2b: Pinsir|Knock Off|p1a: Sparky\n|-damage|p1a: Sparky|0 fnt\n|-enditem|p1a: Sparky|Light Clay|[from] move: Knock Off|[of] p2b: Pinsir\n|faint|p1a: Sparky\n|-ability|p2b: Pinsir|Moxie|boost\n|-boost|p2b: Pinsir|atk|1\n|\n|upkeep\n|\n|t:|1745356424\n|switch|p1a: Mimsy|Mr. Mime, M|284/284\n|switch|p1b: Apollo|Primeape, M|334/334\n|turn|10\n|\n|t:|1745356444\n|switch|p2a: Gengar|Gengar, M|262/262\n|move|p1a: Mimsy|Fake Out|p2b: Pinsir\n|-damage|p2b: Pinsir|19/334\n|move|p1b: Apollo|Rage Fist|p2a: Gengar\n|-supereffective|p2a: Gengar\n|-damage|p2a: Gengar|134/262\n|cant|p2b: Pinsir|flinch\n|\n|upkeep\n|turn|11\n|\n|t:|1745356468\n|move|p2a: Gengar|Sludge Bomb|p1a: Mimsy\n|-supereffective|p1a: Mimsy\n|debug|Filter neutralize\n|-damage|p1a: Mimsy|77/284\n|move|p1b: Apollo|Bulk Up|p1b: Apollo\n|-boost|p1b: Apollo|atk|1\n|-boost|p1b: Apollo|def|1\n|move|p2b: Pinsir|Knock Off|p1b: Apollo\n|-resisted|p1b: Apollo\n|-damage|p1b: Apollo|274/334\n|-enditem|p1b: Apollo|Eviolite|[from] move: Knock Off|[of] p2b: Pinsir\n|move|p1a: Mimsy|Teleport|p1a: Mimsy\n|\n|t:|1745356483\n|switch|p1a: Dewey|Dewgong, M|166/353 brn|[from] Teleport\n|\n|-damage|p1a: Dewey|144/353 brn|[from] brn\n|upkeep\n|turn|12\n|\n|t:|1745356507\n|move|p2a: Gengar|Psychic|p1b: Apollo\n|-supereffective|p1b: Apollo\n|-crit|p1b: Apollo\n|-damage|p1b: Apollo|0 fnt\n|faint|p1b: Apollo\n|move|p2b: Pinsir|Close Combat|p1a: Dewey\n|-supereffective|p1a: Dewey\n|-damage|p1a: Dewey|0 fnt\n|-unboost|p2b: Pinsir|def|1\n|-unboost|p2b: Pinsir|spd|1\n|faint|p1a: Dewey\n|-ability|p2b: Pinsir|Moxie|boost\n|-boost|p2b: Pinsir|atk|1\n|\n|upkeep\n|\n|t:|1745356522\n|switch|p1b: Mimsy|Mr. Mime, M|77/284\n|switch|p1a: King Nido|Nidoking, M|225/303\n|turn|13\n|\n|t:|1745356552\n|move|p2a: Gengar|Protect|p2a: Gengar\n|-singleturn|p2a: Gengar|Protect\n|move|p1b: Mimsy|Fake Out|p2b: Pinsir\n|-damage|p2b: Pinsir|0 fnt\n|debug|move failed because it did nothing\n|faint|p2b: Pinsir\n|move|p1a: King Nido|Earth Power|p2a: Gengar\n|-activate|p2a: Gengar|move: Protect\n|\n|-heal|p1b: Mimsy|94/284|[from] item: Leftovers\n|upkeep\n|\n|t:|1745356566\n|switch|p2b: Starmie|Starmie|262/262\n|turn|14\n|\n|t:|1745356575\n|move|p1a: King Nido|Earth Power|p2b: Starmie\n|-damage|p2b: Starmie|67/262\n|move|p2b: Starmie|Icy Wind|p1a: King Nido|[spread] p1a,p1b\n|debug|Spread modifier: 0.75\n|-supereffective|p1a: King Nido\n|debug|Spread modifier: 0.75\n|-damage|p1a: King Nido|57/303\n|-damage|p1b: Mimsy|45/284\n|-unboost|p1a: King Nido|spe|1\n|-unboost|p1b: Mimsy|spe|1\n|move|p2a: Gengar|Sludge Bomb|p1b: Mimsy\n|-supereffective|p1b: Mimsy\n|debug|Filter neutralize\n|-damage|p1b: Mimsy|0 fnt\n|faint|p1b: Mimsy\n|\n|upkeep\n|turn|15\n|\n|t:|1745356590\n|move|p2b: Starmie|Icy Wind|p1a: King Nido\n|-supereffective|p1a: King Nido\n|-damage|p1a: King Nido|0 fnt\n|faint|p1a: King Nido\n|\n|win|Mattmandaman\n","uploadtime":1745356598,"views":"22","formatid":"gen9doublescustomgame","rating":null,"private":0,"password":null}