{"id":"gen9doublescustomgame-2308697177","format":"[Gen 9] Doubles Custom Game","players":["mistermoscow","mattmandaman"],"log":"|j|☆mistermoscow\n|j|☆mattmandaman\n|t:|1740624398\n|gametype|doubles\n|player|p1|mistermoscow|alder|\n|player|p2|mattmandaman|giovanni|\n|teamsize|p1|6\n|teamsize|p2|6\n|gen|9\n|tier|[Gen 9] Doubles Custom Game\n|clearpoke\n|poke|p1|Primeape, M|\n|poke|p1|Dewgong, M|\n|poke|p1|Exeggutor, M|\n|poke|p1|Mr. Mime, F|\n|poke|p1|Jolteon, M|\n|poke|p1|Dragonite, M|\n|poke|p2|Slowpoke, M|\n|poke|p2|Clefairy, F|\n|poke|p2|Marowak, M|\n|poke|p2|Gengar, F|\n|poke|p2|Snorlax, M|\n|poke|p2|Muk, M|\n|teampreview\n|\n|t:|1740624437\n|start\n|switch|p1a: Mrs. Mr. Mime|Mr. Mime, F|284/284\n|switch|p1b: Eggman|Exeggutor, M|363/363\n|switch|p2a: Gengar|Gengar, F|262/262\n|switch|p2b: Muk|Muk, M|397/397\n|turn|1\n|\n|t:|1740624470\n|switch|p1b: Dewey|Dewgong, M|353/353\n|move|p2a: Gengar|Sludge Bomb|p1b: Dewey\n|-damage|p1b: Dewey|190/353\n|move|p1a: Mrs. Mr. Mime|Psychic Terrain|p1a: Mrs. Mr. Mime\n|-fieldstart|move: Psychic Terrain\n|move|p2b: Muk|Poison Jab|p1a: Mrs. Mr. Mime\n|-supereffective|p1a: Mrs. Mr. Mime\n|debug|Filter neutralize\n|-damage|p1a: Mrs. Mr. Mime|82/284\n|\n|upkeep\n|turn|2\n|\n|t:|1740624492\n|move|p2a: Gengar|Sludge Bomb|p1a: Mrs. Mr. Mime\n|-supereffective|p1a: Mrs. Mr. Mime\n|debug|Filter neutralize\n|-damage|p1a: Mrs. Mr. Mime|0 fnt\n|debug|move failed because it did nothing\n|faint|p1a: Mrs. Mr. Mime\n|move|p1b: Dewey|Icy Wind|p2b: Muk|[spread] p2a,p2b\n|debug|Spread modifier: 0.75\n|debug|Spread modifier: 0.75\n|-damage|p2a: Gengar|223/262\n|-damage|p2b: Muk|364/397\n|-unboost|p2a: Gengar|spe|1\n|-unboost|p2b: Muk|spe|1\n|-start|p1b: Dewey|Disable|Icy Wind|[from] ability: Cursed Body|[of] p2a: Gengar\n|move|p2b: Muk|Poison Jab|p1b: Dewey\n|-damage|p1b: Dewey|73/353\n|-status|p1b: Dewey|psn\n|-damage|p2b: Muk|298/397|[from] item: Rocky Helmet|[of] p1b: Dewey\n|\n|-heal|p2b: Muk|322/397|[from] item: Black Sludge\n|-damage|p1b: Dewey|29/353 psn|[from] psn\n|upkeep\n|\n|t:|1740624514\n|switch|p1a: Sparky|Jolteon, M|271/271\n|turn|3\n|\n|t:|1740624546\n|switch|p2a: Snorlax|Snorlax, M|461/461\n|switch|p1b: Apollo|Primeape, M|334/334\n|move|p1a: Sparky|Sunny Day|p1a: Sparky\n|-weather|SunnyDay\n|move|p2b: Muk|Poison Jab|p1a: Sparky\n|-damage|p1a: Sparky|54/271\n|\n|-weather|SunnyDay|[upkeep]\n|-heal|p2b: Muk|346/397|[from] item: Black Sludge\n|-status|p1a: Sparky|brn|[from] item: Flame Orb\n|upkeep\n|turn|4\n|\n|t:|1740624593\n|switch|p2a: Slowpoke|Slowpoke, M|384/384\n|move|p1a: Sparky|Volt Switch|p2b: Muk\n|-damage|p2b: Muk|235/397\n|\n|t:|1740624602\n|switch|p1a: Dewey|Dewgong, M|29/353 psn|[from] Volt Switch\n|move|p1b: Apollo|Bulk Up|p1b: Apollo\n|-boost|p1b: Apollo|atk|1\n|-boost|p1b: Apollo|def|1\n|move|p2b: Muk|Poison Jab|p1a: Dewey\n|-damage|p1a: Dewey|0 fnt\n|-damage|p2b: Muk|169/397|[from] item: Rocky Helmet|[of] p1a: Dewey\n|faint|p1a: Dewey\n|\n|-weather|SunnyDay|[upkeep]\n|-heal|p2b: Muk|193/397|[from] item: Black Sludge\n|upkeep\n|\n|t:|1740624618\n|switch|p1a: Eggman|Exeggutor, M|363/363\n|turn|5\n|\n|t:|1740624643\n|move|p1a: Eggman|Giga Drain|p2a: Slowpoke\n|-supereffective|p2a: Slowpoke\n|-damage|p2a: Slowpoke|124/384\n|move|p1b: Apollo|Bulk Up|p1b: Apollo\n|-boost|p1b: Apollo|atk|1\n|-boost|p1b: Apollo|def|1\n|move|p2b: Muk|Poison Jab|p1a: Eggman\n|-supereffective|p1a: Eggman\n|-damage|p1a: Eggman|33/363\n|move|p2a: Slowpoke|Trick Room|p2a: Slowpoke\n|-fieldstart|move: Trick Room|[of] p2a: Slowpoke\n|\n|-weather|SunnyDay|[upkeep]\n|-heal|p2b: Muk|217/397|[from] item: Black Sludge\n|-heal|p1a: Eggman|55/363|[from] item: Leftovers\n|upkeep\n|turn|6\n|\n|t:|1740624674\n|switch|p1a: Puff Daddy|Dragonite, M|355/355\n|move|p2a: Slowpoke|Yawn|p1b: Apollo\n|-start|p1b: Apollo|move: Yawn|[of] p2a: Slowpoke\n|move|p2b: Muk|Poison Jab|p1a: Puff Daddy\n|-damage|p1a: Puff Daddy|211/355\n|move|p1b: Apollo|Rage Fist|p2a: Slowpoke\n|-supereffective|p2a: Slowpoke\n|-damage|p2a: Slowpoke|0 fnt\n|faint|p2a: Slowpoke\n|\n|-weather|SunnyDay|[upkeep]\n|-heal|p2b: Muk|241/397|[from] item: Black Sludge\n|upkeep\n|\n|t:|1740624691\n|switch|p2a: Clefairy|Clefairy, F|344/344\n|turn|7\n|\n|t:|1740624706\n|move|p1a: Puff Daddy|Protect|p1a: Puff Daddy\n|-singleturn|p1a: Puff Daddy|Protect\n|move|p2b: Muk|Ice Punch|p1a: Puff Daddy\n|-activate|p1a: Puff Daddy|move: Protect\n|move|p2a: Clefairy|Life Dew||[still]|[spread] p2a,p2b\n|-fail|p2a: Clefairy|heal\n|-heal|p2b: Muk|340/397\n|move|p1b: Apollo|Bulk Up|p1b: Apollo\n|-boost|p1b: Apollo|atk|1\n|-boost|p1b: Apollo|def|1\n|\n|-weather|none\n|-heal|p2b: Muk|364/397|[from] item: Black Sludge\n|-end|p1b: Apollo|move: Yawn|[silent]\n|-status|p1b: Apollo|slp\n|upkeep\n|turn|8\n|j| httu420733\n|\n|t:|1740624744\n|move|p2b: Muk|Ice Punch|p1a: Puff Daddy\n|-supereffective|p1a: Puff Daddy\n|-damage|p1a: Puff Daddy|0 fnt\n|faint|p1a: Puff Daddy\n|move|p2a: Clefairy|Moonblast|p1b: Apollo\n|-supereffective|p1b: Apollo\n|-damage|p1b: Apollo|238/334 slp\n|cant|p1b: Apollo|slp\n|\n|-heal|p2b: Muk|388/397|[from] item: Black Sludge\n|-fieldend|move: Psychic Terrain\n|upkeep\n|\n|t:|1740624764\n|switch|p1a: Sparky|Jolteon, M|54/271 brn\n|turn|9\n|\n|t:|1740624772\n|move|p2b: Muk|Poison Jab|p1b: Apollo\n|-damage|p1b: Apollo|186/334 slp\n|move|p2a: Clefairy|Moonblast|p1b: Apollo\n|-supereffective|p1b: Apollo\n|-damage|p1b: Apollo|90/334 slp\n|cant|p1b: Apollo|slp\n|move|p1a: Sparky|Sunny Day|p1a: Sparky\n|-weather|SunnyDay\n|\n|-weather|SunnyDay|[upkeep]\n|-heal|p2b: Muk|397/397|[from] item: Black Sludge\n|-damage|p1a: Sparky|38/271 brn|[from] brn\n|-fieldend|move: Trick Room\n|upkeep\n|turn|10\n|\n|t:|1740624804\n|move|p2b: Muk|Shadow Sneak|p1a: Sparky\n|-damage|p1a: Sparky|0 fnt\n|faint|p1a: Sparky\n|cant|p1b: Apollo|slp\n|move|p2a: Clefairy|Moonblast|p1b: Apollo\n|-supereffective|p1b: Apollo\n|-damage|p1b: Apollo|0 fnt\n|faint|p1b: Apollo\n|\n|-weather|SunnyDay|[upkeep]\n|upkeep\n|c|☆mistermoscow|weak\n|\n|t:|1740624814\n|switch|p1b: Eggman|Exeggutor, M|55/363\n|turn|11\n|\n|t:|1740624823\n|move|p2a: Clefairy|Helping Hand|p2b: Muk\n|-singleturn|p2b: Muk|Helping Hand|[of] p2a: Clefairy\n|move|p2b: Muk|Shadow Sneak|p1b: Eggman\n|debug|Boosting from Helping Hand: 1.5\n|-supereffective|p1b: Eggman\n|-damage|p1b: Eggman|0 fnt\n|faint|p1b: Eggman\n|\n|win|mattmandaman\n|c|☆mattmandaman|yea rough sleep uck\n|c|☆mistermoscow|one more?\n|c|☆mattmandaman|surely\n|l|☆mistermoscow\n|player|p1|\n|l| httu420733\n","uploadtime":1740624836,"views":"13","formatid":"gen9doublescustomgame","rating":null,"private":0,"password":null}