{"id":"gen9natdex6v6doublesdraft-2119280122","format":"[Gen 9] NatDex 6v6 Doubles Draft","players":["mistermoscow","mattmandaman"],"log":"|j|☆mistermoscow\n|j|☆mattmandaman\n|t:|1715033092\n|gametype|doubles\n|player|p1|mistermoscow|101|\n|player|p2|mattmandaman|giovanni|\n|teamsize|p1|6\n|teamsize|p2|6\n|gen|9\n|tier|[Gen 9] NatDex 6v6 Doubles Draft\n|rule|OHKO Clause: OHKO moves are banned\n|rule|Endless Battle Clause: Forcing endless battles is banned\n|rule|HP Percentage Mod: HP is shown in percentages\n|clearpoke\n|poke|p1|Roaring Moon|\n|poke|p1|Incineroar, F|\n|poke|p1|Ninetales-Alola, F|\n|poke|p1|Landorus, M|\n|poke|p1|Ogerpon-Wellspring, F|\n|poke|p1|Gholdengo|\n|poke|p2|Indeedee-F, F|\n|poke|p2|Deoxys-Attack|\n|poke|p2|Ting-Lu|\n|poke|p2|Kangaskhan, F|\n|poke|p2|Diancie|\n|poke|p2|Marshadow|\n|teampreview\n|\n|t:|1715033168\n|start\n|switch|p1a: Moonie|Roaring Moon|100/100\n|switch|p1b: Princess Buttercup|Ninetales-Alola, F|100/100\n|switch|p2a: Ting-Lu|Ting-Lu|100/100\n|switch|p2b: Diancie|Diancie|100/100\n|-weather|Snow|[from] ability: Snow Warning|[of] p1b: Princess Buttercup\n|-ability|p2a: Ting-Lu|Vessel of Ruin\n|-enditem|p1a: Moonie|Booster Energy\n|-activate|p1a: Moonie|ability: Protosynthesis|[fromitem]\n|-start|p1a: Moonie|protosynthesisspe\n|turn|1\n|j| je64\n|\n|t:|1715033284\n|-end|p1a: Moonie|Protosynthesis|[silent]\n|switch|p1a: Goldi|Gholdengo|100/100\n|move|p1b: Princess Buttercup|Aurora Veil|p1b: Princess Buttercup\n|-sidestart|p1: mistermoscow|move: Aurora Veil\n|move|p2b: Diancie|Play Rough|p1a: Goldi\n|-resisted|p1a: Goldi\n|-damage|p1a: Goldi|86/100\n|move|p2a: Ting-Lu|Stealth Rock|p1b: Princess Buttercup\n|-sidestart|p1: mistermoscow|move: Stealth Rock\n|\n|-weather|Snow|[upkeep]\n|-heal|p1a: Goldi|92/100|[from] item: Leftovers\n|upkeep\n|turn|2\n|\n|t:|1715033318\n|move|p2b: Diancie|Protect|p2b: Diancie\n|-singleturn|p2b: Diancie|Protect\n|move|p1b: Princess Buttercup|Encore|p2a: Ting-Lu\n|-start|p2a: Ting-Lu|Encore\n|-enditem|p2a: Ting-Lu|Mental Herb\n|-end|p2a: Ting-Lu|Encore\n|move|p1a: Goldi|Nasty Plot|p1a: Goldi\n|-boost|p1a: Goldi|spa|2\n|move|p2a: Ting-Lu|Throat Chop|p1a: Goldi\n|-supereffective|p1a: Goldi\n|-damage|p1a: Goldi|50/100\n|-start|p1a: Goldi|Throat Chop|[silent]\n|\n|-weather|Snow|[upkeep]\n|-heal|p1a: Goldi|56/100|[from] item: Leftovers\n|upkeep\n|turn|3\n|\n|t:|1715033382\n|-terastallize|p2b: Diancie|Steel\n|move|p1b: Princess Buttercup|Icy Wind|p2b: Diancie|[spread] p2a,p2b\n|-supereffective|p2a: Ting-Lu\n|-resisted|p2b: Diancie\n|-crit|p2b: Diancie\n|-damage|p2a: Ting-Lu|90/100\n|-damage|p2b: Diancie|96/100\n|-unboost|p2a: Ting-Lu|spe|1\n|move|p1a: Goldi|Make It Rain|p2b: Diancie|[spread] p2a,p2b\n|-resisted|p2b: Diancie\n|-damage|p2a: Ting-Lu|35/100\n|-damage|p2b: Diancie|66/100\n|-unboost|p1a: Goldi|spa|1\n|move|p2b: Diancie|Diamond Storm|p1b: Princess Buttercup|[spread] p1a,p1b\n|-resisted|p1a: Goldi\n|-supereffective|p1b: Princess Buttercup\n|-damage|p1a: Goldi|45/100\n|-damage|p1b: Princess Buttercup|62/100\n|move|p2a: Ting-Lu|Throat Chop|p1a: Goldi\n|-supereffective|p1a: Goldi\n|-damage|p1a: Goldi|7/100\n|\n|-weather|Snow|[upkeep]\n|-heal|p1a: Goldi|13/100|[from] item: Leftovers\n|-end|p1a: Goldi|Throat Chop|[silent]\n|upkeep\n|turn|4\n|\n|t:|1715033508\n|move|p1b: Princess Buttercup|Icy Wind|p2b: Diancie|[spread] p2a,p2b\n|-supereffective|p2a: Ting-Lu\n|-resisted|p2b: Diancie\n|-damage|p2a: Ting-Lu|23/100\n|-damage|p2b: Diancie|63/100\n|-unboost|p2a: Ting-Lu|spe|1\n|move|p1a: Goldi|Make It Rain|p2a: Ting-Lu|[spread] p2a,p2b\n|-resisted|p2b: Diancie\n|-damage|p2a: Ting-Lu|0 fnt\n|-damage|p2b: Diancie|41/100\n|-unboost|p1a: Goldi|spa|1\n|faint|p2a: Ting-Lu\n|move|p2b: Diancie|Diamond Storm|p1a: Goldi|[spread] p1a,p1b\n|-resisted|p1a: Goldi\n|-supereffective|p1b: Princess Buttercup\n|-damage|p1a: Goldi|2/100\n|-damage|p1b: Princess Buttercup|20/100\n|-boost|p2b: Diancie|def|2\n|\n|-weather|Snow|[upkeep]\n|-heal|p1a: Goldi|8/100|[from] item: Leftovers\n|upkeep\n|\n|t:|1715033534\n|switch|p2a: Marshadow|Marshadow|100/100\n|turn|5\n|\n|t:|1715033551\n|switch|p1a: Cindy|Incineroar, F|100/100\n|-ability|p1a: Cindy|Intimidate|boost\n|-unboost|p2a: Marshadow|atk|1\n|-fail|p2b: Diancie|unboost|[from] ability: Clear Body|[of] p2b: Diancie\n|move|p1b: Princess Buttercup|Protect|p1b: Princess Buttercup\n|-singleturn|p1b: Princess Buttercup|Protect\n|move|p2a: Marshadow|Spectral Thief|p1a: Cindy\n|-resisted|p1a: Cindy\n|-damage|p1a: Cindy|91/100\n|move|p2b: Diancie|Diamond Storm|p1b: Princess Buttercup|[spread] \n|-activate|p1b: Princess Buttercup|move: Protect\n|-miss|p2b: Diancie|p1a: Cindy\n|\n|-weather|none\n|upkeep\n|turn|6\n|\n|t:|1715033618\n|switch|p1b: Zora|Ogerpon-Wellspring, F|100/100\n|-damage|p1b: Zora|88/100|[from] Stealth Rock\n|move|p2a: Marshadow|Drain Punch|p1a: Cindy\n|-supereffective|p1a: Cindy\n|-damage|p1a: Cindy|53/100\n|move|p1a: Cindy|Knock Off|p2a: Marshadow\n|-damage|p2a: Marshadow|30/100\n|-enditem|p2a: Marshadow|Assault Vest|[from] move: Knock Off|[of] p1a: Cindy\n|move|p2b: Diancie|Diamond Storm|p1a: Cindy|[spread] p1a,p1b\n|-supereffective|p1a: Cindy\n|-damage|p1a: Cindy|8/100\n|-damage|p1b: Zora|60/100\n|\n|upkeep\n|turn|7\n|\n|t:|1715033670\n|switch|p2a: Kangaskhan|Kangaskhan, F|100/100\n|switch|p1a: Goldi|Gholdengo|8/100\n|-damage|p1a: Goldi|2/100|[from] Stealth Rock\n|move|p1b: Zora|Spiky Shield|p1b: Zora\n|-singleturn|p1b: Zora|move: Protect\n|move|p2b: Diancie|Diamond Storm|p1a: Goldi|[spread] p1a\n|-activate|p1b: Zora|move: Protect\n|-resisted|p1a: Goldi\n|-damage|p1a: Goldi|0 fnt\n|-boost|p2b: Diancie|def|2\n|faint|p1a: Goldi\n|\n|upkeep\n|\n|t:|1715033687\n|switch|p1a: Cindy|Incineroar, F|8/100\n|-ability|p1a: Cindy|Intimidate|boost\n|-fail|p2a: Kangaskhan|unboost|Attack|[from] ability: Scrappy|[of] p2a: Kangaskhan\n|-fail|p2b: Diancie|unboost|[from] ability: Clear Body|[of] p2b: Diancie\n|turn|8\n|\n|t:|1715033771\n|switch|p1a: Princess Buttercup|Ninetales-Alola, F|20/100\n|-damage|p1a: Princess Buttercup|0 fnt|[from] Stealth Rock\n|faint|p1a: Princess Buttercup\n|detailschange|p2a: Kangaskhan|Kangaskhan-Mega, F\n|-mega|p2a: Kangaskhan|Kangaskhan|Kangaskhanite\n|move|p2a: Kangaskhan|Fake Out|p1b: Zora\n|-damage|p1b: Zora|45/100\n|-damage|p1b: Zora|41/100\n|-hitcount|p1b: Zora|2\n|cant|p1b: Zora|flinch\n|move|p2b: Diancie|Diamond Storm|p1b: Zora\n|-crit|p1b: Zora\n|-damage|p1b: Zora|0 fnt\n|faint|p1b: Zora\n|\n|-sideend|p1: mistermoscow|move: Aurora Veil\n|upkeep\n|\n|t:|1715033787\n|switch|p1a: Moonie|Roaring Moon|100/100\n|switch|p1b: God|Landorus, M|100/100\n|-damage|p1a: Moonie|88/100|[from] Stealth Rock\n|-damage|p1b: God|88/100|[from] Stealth Rock\n|turn|9\n|\n|t:|1715033835\n|switch|p2a: Indeedee|Indeedee-F, F|100/100\n|-fieldstart|move: Psychic Terrain|[from] ability: Psychic Surge|[of] p2a: Indeedee\n|-terastallize|p1b: God|Ghost\n|move|p1a: Moonie|Tailwind|p1a: Moonie\n|-sidestart|p1: mistermoscow|move: Tailwind\n|move|p1b: God|Nasty Plot|p1b: God\n|-boost|p1b: God|spa|2\n|move|p2b: Diancie|Body Press|p1a: Moonie\n|-supereffective|p1a: Moonie\n|-damage|p1a: Moonie|0 fnt\n|faint|p1a: Moonie\n|-end|p1a: Moonie|Protosynthesis|[silent]\n|\n|upkeep\n|\n|t:|1715033847\n|switch|p1a: Cindy|Incineroar, F|8/100\n|-ability|p1a: Cindy|Intimidate|boost\n|-unboost|p2a: Indeedee|atk|1\n|-fail|p2b: Diancie|unboost|[from] ability: Clear Body|[of] p2b: Diancie\n|turn|10\n|\n|t:|1715033881\n|move|p1b: God|Protect|p1b: God\n|-singleturn|p1b: God|Protect\n|move|p1a: Cindy|Knock Off|p2a: Indeedee\n|-supereffective|p2a: Indeedee\n|-damage|p2a: Indeedee|0 fnt\n|-enditem|p2a: Indeedee|Eject Button|[from] move: Knock Off|[of] p1a: Cindy\n|faint|p2a: Indeedee\n|move|p2b: Diancie|Diamond Storm|p1a: Cindy|[spread] p1a\n|-activate|p1b: God|move: Protect\n|-supereffective|p1a: Cindy\n|-damage|p1a: Cindy|0 fnt\n|-boost|p2b: Diancie|def|2\n|faint|p1a: Cindy\n|\n|upkeep\n|\n|t:|1715033894\n|switch|p2a: Kangaskhan|Kangaskhan-Mega, F|100/100\n|turn|11\n|\n|t:|1715033900\n|move|p2a: Kangaskhan|Sucker Punch|p1b: God\n|-activate|p1b: God|move: Psychic Terrain\n|move|p1b: God|Sandsear Storm|p2a: Kangaskhan|[spread] p2b\n|-miss|p1b: God|p2a: Kangaskhan\n|-supereffective|p2b: Diancie\n|-damage|p2b: Diancie|0 fnt\n|faint|p2b: Diancie\n|\n|upkeep\n|\n|t:|1715033915\n|switch|p2b: Deoxys|Deoxys-Attack|100/100\n|-ability|p2b: Deoxys|Pressure\n|turn|12\n|\n|t:|1715033934\n|move|p2b: Deoxys|Protect|p2b: Deoxys\n|-singleturn|p2b: Deoxys|Protect\n|move|p2a: Kangaskhan|Sucker Punch|p1b: God\n|-activate|p1b: God|move: Psychic Terrain\n|move|p1b: God|Sandsear Storm|p2a: Kangaskhan|[spread] p2a\n|-activate|p2b: Deoxys|move: Protect\n|-damage|p2a: Kangaskhan|0 fnt\n|faint|p2a: Kangaskhan\n|\n|-sideend|p1: mistermoscow|move: Tailwind\n|upkeep\n|\n|t:|1715033941\n|switch|p2a: Marshadow|Marshadow|30/100\n|turn|13\n|\n|t:|1715033949\n|move|p2b: Deoxys|Expanding Force|p1b: God\n|-damage|p1b: God|0 fnt\n|faint|p1b: God\n|\n|win|mattmandaman\n","uploadtime":1715033955,"views":"38","formatid":"gen9natdex6v6doublesdraft","rating":null,"private":0,"password":null}