{"id":"gen9doublescustomgame-2432110660","format":"[Gen 9] Doubles Custom Game","players":["mattmandaman","je64"],"log":"|badge|p1|silver|gen9doublesou|30-6\n|uhtml|medal-msg|<div class=\"broadcast-blue\">Curious what those medals under the avatar are? PS now has Ladder Seasons! For more information, check out the <a href=\"https://www.smogon.com/forums/threads/3740067/\">thread on Smogon.</a></div>\n|j|☆mattmandaman\n|j|☆je64\n|t:|1756609830\n|gametype|doubles\n|player|p1|mattmandaman|giovanni|\n|player|p2|je64|2|\n|gen|9\n|tier|[Gen 9] Doubles Custom Game\n|clearpoke\n|poke|p1|Onix|\n|poke|p1|Starmie|\n|poke|p1|Nidoking, M|\n|poke|p1|Snorlax|\n|poke|p1|Gengar|\n|poke|p1|Muk|\n|poke|p2|Exeggutor|\n|poke|p2|Magmar|\n|poke|p2|Dugtrio|\n|poke|p2|Dodrio|\n|poke|p2|Electabuzz|\n|poke|p2|Kadabra|\n|teampreview\n|j| mistermoscow\n|\n|t:|1756609882\n|teamsize|p1|6\n|teamsize|p2|6\n|start\n|switch|p1a: Nidoking|Nidoking, M|304/304\n|switch|p1b: Starmie|Starmie|262/262\n|switch|p2a: Shai-Hulud|Dugtrio|212/212\n|switch|p2b: Buzz Lightyear|Electabuzz|334/334\n|turn|1\n|\n|t:|1756609947\n|move|p2a: Shai-Hulud|Sucker Punch|p1b: Starmie\n|-supereffective|p1b: Starmie\n|-damage|p1b: Starmie|94/262\n|move|p1a: Nidoking|Earth Power|p2b: Buzz Lightyear\n|-supereffective|p2b: Buzz Lightyear\n|-crit|p2b: Buzz Lightyear\n|-damage|p2b: Buzz Lightyear|0 fnt\n|faint|p2b: Buzz Lightyear\n|move|p1b: Starmie|Scald|p2a: Shai-Hulud\n|-supereffective|p2a: Shai-Hulud\n|-crit|p2a: Shai-Hulud\n|-enditem|p2a: Shai-Hulud|Focus Sash\n|-damage|p2a: Shai-Hulud|1/212\n|\n|upkeep\n|\n|t:|1756610001\n|switch|p2b: San Ti Ren 三体人|Exeggutor|365/365\n|turn|2\n|\n|t:|1756610025\n|move|p1b: Starmie|Protect|p1b: Starmie\n|-singleturn|p1b: Starmie|Protect\n|move|p2a: Shai-Hulud|Sucker Punch||[still]\n|-fail|p2a: Shai-Hulud\n|move|p1a: Nidoking|Earth Power|p2a: Shai-Hulud\n|-damage|p2a: Shai-Hulud|0 fnt\n|faint|p2a: Shai-Hulud\n|move|p2b: San Ti Ren 三体人|Expanding Force|p1a: Nidoking\n|-supereffective|p1a: Nidoking\n|-crit|p1a: Nidoking\n|-damage|p1a: Nidoking|0 fnt\n|faint|p1a: Nidoking\n|\n|upkeep\n|\n|t:|1756610071\n|switch|p2a: Le Chupacabra|Dodrio|262/262\n|switch|p1a: Gengar|Gengar|262/262\n|turn|3\n|\n|t:|1756610090\n|move|p2b: San Ti Ren 三体人|Protect|p2b: San Ti Ren 三体人\n|-singleturn|p2b: San Ti Ren 三体人|Protect\n|move|p1b: Starmie|Ice Beam|p2a: Le Chupacabra\n|-supereffective|p2a: Le Chupacabra\n|-damage|p2a: Le Chupacabra|0 fnt\n|faint|p2a: Le Chupacabra\n|move|p1a: Gengar|Sludge Bomb|p2b: San Ti Ren 三体人\n|-activate|p2b: San Ti Ren 三体人|move: Protect\n|\n|upkeep\n|\n|t:|1756610115\n|switch|p2a: Myagmar|Magmar|334/334\n|turn|4\n|\n|t:|1756610134\n|move|p2a: Myagmar|Follow Me|p2a: Myagmar\n|-singleturn|p2a: Myagmar|move: Follow Me\n|move|p1b: Starmie|Scald|p2a: Myagmar\n|debug|Follow Me redirected target of move\n|-supereffective|p2a: Myagmar\n|-damage|p2a: Myagmar|164/334\n|move|p1a: Gengar|Sludge Bomb|p2a: Myagmar\n|debug|Follow Me redirected target of move\n|-damage|p2a: Myagmar|61/334\n|move|p2b: San Ti Ren 三体人|Expanding Force|p1a: Gengar\n|-supereffective|p1a: Gengar\n|-enditem|p1a: Gengar|Focus Sash\n|-damage|p1a: Gengar|1/262\n|-start|p2b: San Ti Ren 三体人|Disable|Expanding Force|[from] ability: Cursed Body|[of] p1a: Gengar\n|\n|upkeep\n|turn|5\n|\n|t:|1756610223\n|move|p1b: Starmie|Scald|p2a: Myagmar\n|-supereffective|p2a: Myagmar\n|-damage|p2a: Myagmar|0 fnt\n|faint|p2a: Myagmar\n|move|p1a: Gengar|Sludge Bomb|p2b: San Ti Ren 三体人\n|-supereffective|p2b: San Ti Ren 三体人\n|-crit|p2b: San Ti Ren 三体人\n|-damage|p2b: San Ti Ren 三体人|0 fnt\n|faint|p2b: San Ti Ren 三体人\n|\n|upkeep\n|\n|t:|1756610232\n|switch|p2a: K.Dot|Kadabra|221/221\n|turn|6\n|\n|t:|1756610241\n|move|p1b: Starmie|Scald|p2a: K.Dot\n|-damage|p2a: K.Dot|61/221\n|move|p1a: Gengar|Sludge Bomb|p2a: K.Dot\n|-damage|p2a: K.Dot|0 fnt\n|faint|p2a: K.Dot\n|\n|win|mattmandaman\n","uploadtime":1756610255,"views":"30","formatid":"gen9doublescustomgame","rating":null,"private":0,"password":null}