{"id":"gen9doublescustomgame-2295925807","format":"[Gen 9] Doubles Custom Game","players":["je64","mistermoscow"],"log":"|j|☆je64\n|j|☆mistermoscow\n|t:|1738892761\n|gametype|doubles\n|player|p1|je64|170|\n|player|p2|mistermoscow|alder|\n|teamsize|p1|6\n|teamsize|p2|6\n|gen|9\n|tier|[Gen 9] Doubles Custom Game\n|clearpoke\n|poke|p1|Dodrio, F|\n|poke|p1|Dewgong, M|\n|poke|p1|Electabuzz, F|\n|poke|p1|Gyarados, M|\n|poke|p1|Golduck, M|\n|poke|p1|Chansey, F|\n|poke|p2|Nidoking, M|\n|poke|p2|Gengar, M|\n|poke|p2|Exeggutor, M|\n|poke|p2|Mr. Mime, F|\n|poke|p2|Jolteon, M|\n|poke|p2|Snorlax, M|\n|teampreview\n|\n|t:|1738892822\n|start\n|switch|p1a: Buzz Lightyear|Electabuzz, F|334/334\n|switch|p1b: Lizzo|Chansey, F|704/704\n|switch|p2a: Mrs. Mr. Mime|Mr. Mime, F|284/284\n|switch|p2b: Sparky|Jolteon, M|272/272\n|turn|1\n|\n|t:|1738892860\n|move|p2b: Sparky|Electroweb|p1b: Lizzo|[spread] p1a,p1b\n|debug|Spread modifier: 0.75\n|-resisted|p1a: Buzz Lightyear\n|debug|Spread modifier: 0.75\n|-damage|p1a: Buzz Lightyear|310/334\n|-damage|p1b: Lizzo|661/704\n|-unboost|p1a: Buzz Lightyear|spe|1\n|-unboost|p1b: Lizzo|spe|1\n|move|p2a: Mrs. Mr. Mime|Psychic Terrain|p2a: Mrs. Mr. Mime\n|-fieldstart|move: Psychic Terrain\n|move|p1a: Buzz Lightyear|Volt Switch|p2a: Mrs. Mr. Mime\n|-damage|p2a: Mrs. Mr. Mime|220/284\n|\n|t:|1738892875\n|switch|p1a: Golduck|Golduck, M|333/333|[from] Volt Switch\n|move|p1b: Lizzo|Rain Dance|p1b: Lizzo\n|-weather|RainDance\n|\n|-weather|RainDance|[upkeep]\n|upkeep\n|turn|2\n|\n|t:|1738892892\n|move|p1a: Golduck|Muddy Water|p2b: Sparky|[spread] p2a,p2b\n|debug|Spread modifier: 0.75\n|debug|rain water boost\n|debug|Spread modifier: 0.75\n|debug|rain water boost\n|-damage|p2a: Mrs. Mr. Mime|48/284\n|-damage|p2b: Sparky|56/272\n|-damage|p1a: Golduck|300/333|[from] item: Life Orb\n|move|p2b: Sparky|Volt Switch|p1a: Golduck\n|-supereffective|p1a: Golduck\n|-damage|p1a: Golduck|24/333\n|\n|t:|1738892901\n|switch|p2b: Eggman|Exeggutor, M|332/332|[from] Volt Switch\n|move|p2a: Mrs. Mr. Mime|Sunny Day|p2a: Mrs. Mr. Mime\n|-weather|SunnyDay\n|move|p1b: Lizzo|Seismic Toss|p2b: Eggman\n|-damage|p2b: Eggman|232/332\n|\n|-weather|SunnyDay|[upkeep]\n|upkeep\n|turn|3\n|\n|t:|1738892928\n|switch|p1a: Buzz Lightyear|Electabuzz, F|310/334\n|move|p2b: Eggman|Expanding Force|p1a: Buzz Lightyear|[spread] p1a,p1b\n|debug|psychic terrain boost\n|debug|terrain buff\n|debug|Spread modifier: 0.75\n|debug|psychic terrain boost\n|debug|terrain buff\n|debug|Spread modifier: 0.75\n|-damage|p1a: Buzz Lightyear|92/334\n|-damage|p1b: Lizzo|474/704\n|-damage|p2b: Eggman|199/332|[from] item: Life Orb\n|move|p2a: Mrs. Mr. Mime|Expanding Force|p1b: Lizzo|[spread] p1a,p1b\n|debug|psychic terrain boost\n|debug|terrain buff\n|debug|Spread modifier: 0.75\n|debug|psychic terrain boost\n|debug|terrain buff\n|debug|Spread modifier: 0.75\n|-damage|p1a: Buzz Lightyear|4/334\n|-damage|p1b: Lizzo|389/704\n|move|p1b: Lizzo|Thunder Wave|p2b: Eggman\n|-status|p2b: Eggman|par\n|\n|-weather|SunnyDay|[upkeep]\n|upkeep\n|turn|4\n|\n|t:|1738892952\n|move|p1a: Buzz Lightyear|Feint|p2b: Eggman\n|-activate|p2b: Eggman|move: Psychic Terrain\n|move|p2b: Eggman|Expanding Force|p1a: Buzz Lightyear|[spread] p1a,p1b\n|debug|psychic terrain boost\n|debug|terrain buff\n|debug|Spread modifier: 0.75\n|debug|psychic terrain boost\n|debug|terrain buff\n|debug|Spread modifier: 0.75\n|-damage|p1a: Buzz Lightyear|0 fnt\n|-damage|p1b: Lizzo|189/704\n|faint|p1a: Buzz Lightyear\n|-damage|p2b: Eggman|166/332 par|[from] item: Life Orb\n|move|p1b: Lizzo|Seismic Toss|p2b: Eggman\n|-damage|p2b: Eggman|66/332 par\n|move|p2a: Mrs. Mr. Mime|Teleport|p2a: Mrs. Mr. Mime\n|\n|t:|1738892968\n|switch|p2a: Sparky|Jolteon, M|56/272|[from] Teleport\n|\n|-weather|SunnyDay|[upkeep]\n|upkeep\n|\n|t:|1738892980\n|switch|p1a: Gyarados|Gyarados, M|331/331\n|-ability|p1a: Gyarados|Intimidate|boost\n|-fail|p2a: Sparky|unboost|[from] item: Clear Amulet|[of] p2a: Sparky\n|-unboost|p2b: Eggman|atk|1\n|turn|5\n|\n|t:|1738893005\n|move|p2a: Sparky|Electroweb|p1b: Lizzo|[spread] p1a,p1b\n|debug|Spread modifier: 0.75\n|-supereffective|p1a: Gyarados\n|debug|Spread modifier: 0.75\n|-damage|p1a: Gyarados|67/331\n|-damage|p1b: Lizzo|147/704\n|-unboost|p1a: Gyarados|spe|1\n|-unboost|p1b: Lizzo|spe|1\n|move|p1a: Gyarados|Crunch|p2b: Eggman\n|-supereffective|p2b: Eggman\n|-damage|p2b: Eggman|0 fnt\n|faint|p2b: Eggman\n|move|p1b: Lizzo|Seismic Toss|p2a: Sparky\n|-damage|p2a: Sparky|0 fnt\n|faint|p2a: Sparky\n|\n|-weather|SunnyDay|[upkeep]\n|upkeep\n|\n|t:|1738893025\n|switch|p2a: King Nido|Nidoking, M|304/304\n|switch|p2b: Gang Gang|Gengar, M|262/262\n|turn|6\n|\n|t:|1738893038\n|switch|p1a: Dude Thong|Dewgong, M|384/384\n|move|p2a: King Nido|Sludge Bomb|p1b: Lizzo\n|-damage|p1b: Lizzo|30/704\n|move|p2b: Gang Gang|Psychic|p1a: Dude Thong\n|debug|psychic terrain boost\n|-damage|p1a: Dude Thong|219/384\n|-unboost|p1a: Dude Thong|spd|1\n|move|p1b: Lizzo|Soft-Boiled|p1b: Lizzo\n|-heal|p1b: Lizzo|382/704\n|\n|-weather|none\n|-heal|p1a: Dude Thong|243/384|[from] item: Leftovers\n|upkeep\n|turn|7\n|\n|t:|1738893064\n|move|p2a: King Nido|Sludge Bomb|p1a: Dude Thong\n|-damage|p1a: Dude Thong|0 fnt\n|faint|p1a: Dude Thong\n|move|p2b: Gang Gang|Psychic|p1b: Lizzo\n|debug|psychic terrain boost\n|-damage|p1b: Lizzo|290/704\n|move|p1b: Lizzo|Rain Dance|p1b: Lizzo\n|-weather|RainDance\n|\n|-weather|RainDance|[upkeep]\n|upkeep\n|\n|t:|1738893073\n|switch|p1a: Golduck|Golduck, M|24/333\n|turn|8\n|\n|t:|1738893091\n|switch|p2a: Snax|Snorlax, M|462/462\n|move|p1a: Golduck|Muddy Water|p2b: Gang Gang|[spread] p2a,p2b\n|debug|Spread modifier: 0.75\n|debug|rain water boost\n|debug|Spread modifier: 0.75\n|debug|rain water boost\n|-damage|p2a: Snax|333/462\n|-enditem|p2b: Gang Gang|Focus Sash\n|-damage|p2b: Gang Gang|1/262\n|-unboost|p2a: Snax|accuracy|1\n|-damage|p1a: Golduck|0 fnt|[from] item: Life Orb\n|faint|p1a: Golduck\n|move|p2b: Gang Gang|Shadow Ball|p1b: Lizzo\n|-immune|p1b: Lizzo\n|move|p1b: Lizzo|Soft-Boiled|p1b: Lizzo\n|-heal|p1b: Lizzo|642/704\n|\n|-weather|RainDance|[upkeep]\n|-fieldend|move: Psychic Terrain\n|upkeep\n|\n|t:|1738893113\n|switch|p1a: Gyarados|Gyarados, M|67/331\n|-ability|p1a: Gyarados|Intimidate|boost\n|-unboost|p2a: Snax|atk|1\n|-unboost|p2b: Gang Gang|atk|1\n|turn|9\n|\n|t:|1738893131\n|move|p1a: Gyarados|Waterfall|p2b: Gang Gang\n|debug|rain water boost\n|-damage|p2b: Gang Gang|0 fnt\n|faint|p2b: Gang Gang\n|move|p2a: Snax|Body Press|p1b: Lizzo\n|-supereffective|p1b: Lizzo\n|-damage|p1b: Lizzo|488/704\n|move|p1b: Lizzo|Thunder Wave|p2a: Snax\n|-status|p2a: Snax|par\n|\n|-weather|RainDance|[upkeep]\n|upkeep\n|\n|t:|1738893153\n|switch|p2b: Mrs. Mr. Mime|Mr. Mime, F|48/284\n|turn|10\n|\n|t:|1738893167\n|move|p1a: Gyarados|Waterfall|p2b: Mrs. Mr. Mime\n|debug|rain water boost\n|-damage|p2b: Mrs. Mr. Mime|0 fnt\n|faint|p2b: Mrs. Mr. Mime\n|move|p1b: Lizzo|Seismic Toss|p2a: Snax\n|-damage|p2a: Snax|233/462 par\n|move|p2a: Snax|Facade|p1b: Lizzo\n|debug|Negating (sp)atk boost/penalty.\n|-crit|p1b: Lizzo\n|-damage|p1b: Lizzo|7/704\n|\n|-weather|RainDance|[upkeep]\n|upkeep\n|\n|t:|1738893177\n|switch|p2b: King Nido|Nidoking, M|304/304\n|turn|11\n|\n|t:|1738893196\n|move|p2b: King Nido|Sludge Bomb|p1a: Gyarados\n|-damage|p1a: Gyarados|0 fnt\n|faint|p1a: Gyarados\n|move|p1b: Lizzo|Soft-Boiled|p1b: Lizzo\n|-heal|p1b: Lizzo|359/704\n|move|p2a: Snax|Facade|p1b: Lizzo\n|-damage|p1b: Lizzo|148/704\n|\n|-weather|none\n|upkeep\n|\n|t:|1738893204\n|switch|p1a: El Chupacabra|Dodrio, F|262/262\n|turn|12\n|\n|t:|1738893220\n|move|p2b: King Nido|Sludge Bomb|p1a: El Chupacabra\n|-damage|p1a: El Chupacabra|25/262\n|move|p1a: El Chupacabra|Return|p2b: King Nido\n|-enditem|p1a: El Chupacabra|Normal Gem|[from] gem\n|debug|Gem Boost\n|-damage|p2b: King Nido|27/304\n|move|p1b: Lizzo|Soft-Boiled|p1b: Lizzo\n|-heal|p1b: Lizzo|500/704\n|cant|p2a: Snax|par\n|\n|upkeep\n|turn|13\n|\n|t:|1738893251\n|move|p2b: King Nido|Sludge Bomb|p1a: El Chupacabra\n|-damage|p1a: El Chupacabra|0 fnt\n|faint|p1a: El Chupacabra\n|move|p1b: Lizzo|Seismic Toss|p2a: Snax\n|-damage|p2a: Snax|133/462 par\n|move|p2a: Snax|Facade|p1b: Lizzo|[miss]\n|-miss|p2a: Snax|p1b: Lizzo\n|\n|upkeep\n|turn|14\n|\n|t:|1738893265\n|move|p2b: King Nido|Sludge Bomb|p1b: Lizzo\n|-damage|p1b: Lizzo|392/704\n|move|p1b: Lizzo|Seismic Toss|p2a: Snax\n|-damage|p2a: Snax|33/462 par\n|move|p2a: Snax|Facade|p1b: Lizzo\n|-damage|p1b: Lizzo|184/704\n|\n|upkeep\n|turn|15\n|\n|t:|1738893280\n|move|p2b: King Nido|Sludge Bomb|p1b: Lizzo\n|-damage|p1b: Lizzo|70/704\n|move|p1b: Lizzo|Soft-Boiled|p1b: Lizzo\n|-heal|p1b: Lizzo|422/704\n|move|p2a: Snax|Facade|p1b: Lizzo\n|-damage|p1b: Lizzo|226/704\n|\n|upkeep\n|turn|16\n|\n|t:|1738893291\n|move|p2b: King Nido|Sludge Bomb|p1b: Lizzo\n|-damage|p1b: Lizzo|112/704\n|move|p1b: Lizzo|Soft-Boiled|p1b: Lizzo\n|-heal|p1b: Lizzo|464/704\n|move|p2a: Snax|Facade|p1b: Lizzo\n|-damage|p1b: Lizzo|260/704\n|\n|upkeep\n|turn|17\n|\n|t:|1738893301\n|move|p2b: King Nido|Sludge Bomb|p1b: Lizzo\n|-damage|p1b: Lizzo|143/704\n|move|p1b: Lizzo|Soft-Boiled|p1b: Lizzo\n|-heal|p1b: Lizzo|495/704\n|move|p2a: Snax|Facade|p1b: Lizzo\n|-damage|p1b: Lizzo|279/704\n|\n|upkeep\n|turn|18\n|\n|t:|1738893323\n|move|p2b: King Nido|Sludge Bomb|p1b: Lizzo\n|-damage|p1b: Lizzo|171/704\n|move|p1b: Lizzo|Seismic Toss|p2a: Snax\n|-damage|p2a: Snax|0 fnt\n|faint|p2a: Snax\n|\n|upkeep\n|turn|19\n|\n|t:|1738893331\n|move|p2b: King Nido|Sludge Bomb|p1b: Lizzo\n|-damage|p1b: Lizzo|57/704\n|move|p1b: Lizzo|Seismic Toss|p2b: King Nido\n|-damage|p2b: King Nido|0 fnt\n|faint|p2b: King Nido\n|\n|win|je64\n","uploadtime":1738893338,"views":"39","formatid":"gen9doublescustomgame","rating":null,"private":0,"password":null}