{"id":"gen9doublescustomgame-2260737347","format":"[Gen 9] Doubles Custom Game","players":["je64","noli_cannoli10"],"log":"|j|☆je64\n|j|☆noli_cannoli10\n|t:|1733884940\n|gametype|doubles\n|player|p1|je64|170|\n|player|p2|noli_cannoli10|170|\n|teamsize|p1|6\n|teamsize|p2|6\n|gen|9\n|tier|[Gen 9] Doubles Custom Game\n|clearpoke\n|poke|p1|Dewgong, F|\n|poke|p1|Hitmonchan, M|\n|poke|p1|Chansey, F|\n|poke|p1|Rhydon, F|\n|poke|p1|Electabuzz, F|\n|poke|p1|Kadabra, M|\n|poke|p2|Machamp, M|\n|poke|p2|Moltres|\n|poke|p2|Slowbro, F|\n|poke|p2|Nidoking, M|\n|poke|p2|Lapras, M|\n|poke|p2|Hypno, M|\n|teampreview\n|c|☆je64|jesus\n|c|☆je64|why is everyone on ur team so huuuuuge\n|c|☆noli_cannoli10|full of big boys lol\n|c|☆je64|hypno over there lookin smol\n|\n|t:|1733885057\n|start\n|switch|p1a: Hitmonchan|Hitmonchan, M|242/242\n|switch|p1b: Kadabra|Kadabra, M|221/221\n|switch|p2a: why you here?|Hypno, M|374/374\n|switch|p2b: 3rd bird|Moltres|321/321\n|turn|1\n|c|☆je64|battle of the spoons\n|c|☆je64|or whatever the fuck hypno has haha\n|\n|t:|1733885162\n|move|p1a: Hitmonchan|Fake Out|p2a: why you here?\n|-damage|p2a: why you here?|313/374\n|debug|add volatile [flinch] interrupted\n|debug|move failed because it did nothing\n|move|p2b: 3rd bird|Fire Blast|p1b: Kadabra\n|-enditem|p1b: Kadabra|Focus Sash\n|-damage|p1b: Kadabra|1/221\n|-status|p1b: Kadabra|brn\n|move|p2a: why you here?|Psychic Terrain|p2a: why you here?\n|-fieldstart|move: Psychic Terrain\n|move|p1b: Kadabra|Trick Room|p1b: Kadabra\n|-fieldstart|move: Trick Room|[of] p1b: Kadabra\n|\n|debug|damage event failed\n|upkeep\n|turn|2\n|l|☆je64\n|player|p1|\n|j|☆je64\n|player|p1|je64|170|\n|c|☆je64|oh shit I was disconnected\n|c|☆noli_cannoli10|am i playing myself now?\n|c|☆je64|lolol\n|\n|t:|1733885252\n|switch|p2b: Stoner child|Slowbro, F|394/394\n|move|p2a: why you here?|Expanding Force|p1b: Kadabra|[spread] p1a,p1b\n|debug|psychic terrain boost\n|debug|terrain buff\n|debug|Spread modifier: 0.75\n|-supereffective|p1a: Hitmonchan\n|debug|psychic terrain boost\n|debug|terrain buff\n|debug|Spread modifier: 0.75\n|-resisted|p1b: Kadabra\n|-damage|p1a: Hitmonchan|0 fnt\n|-damage|p1b: Kadabra|0 fnt\n|faint|p1a: Hitmonchan\n|faint|p1b: Kadabra\n|\n|upkeep\n|c|☆je64|goddamn\n|\n|t:|1733885274\n|switch|p1a: Rhydon|Rhydon, F|414/414\n|switch|p1b: Chansey|Chansey, F|641/641\n|turn|3\n|\n|t:|1733885297\n|move|p2b: Stoner child|Scald|p1b: Chansey\n|-damage|p1b: Chansey|544/641\n|move|p1a: Rhydon|Megahorn|p2b: Stoner child\n|-supereffective|p2b: Stoner child\n|-damage|p2b: Stoner child|200/394\n|move|p1b: Chansey|Calm Mind|p1b: Chansey\n|-boost|p1b: Chansey|spa|1\n|-boost|p1b: Chansey|spd|1\n|move|p2a: why you here?|Expanding Force|p1a: Rhydon|[spread] p1a,p1b\n|debug|psychic terrain boost\n|debug|terrain buff\n|debug|Spread modifier: 0.75\n|debug|psychic terrain boost\n|debug|terrain buff\n|debug|Spread modifier: 0.75\n|-damage|p1a: Rhydon|228/414\n|-damage|p1b: Chansey|438/641\n|\n|-heal|p2b: Stoner child|224/394|[from] item: Leftovers\n|-heal|p1b: Chansey|478/641|[from] item: Leftovers\n|upkeep\n|turn|4\n|\n|t:|1733885406\n|move|p2b: Stoner child|Psyshock|p1b: Chansey\n|debug|psychic terrain boost\n|-damage|p1b: Chansey|195/641\n|move|p1a: Rhydon|Megahorn|p2a: why you here?\n|-supereffective|p2a: why you here?\n|-damage|p2a: why you here?|0 fnt\n|faint|p2a: why you here?\n|debug|doubling secondary chance\n|move|p1b: Chansey|Thunderbolt|p1a: Rhydon\n|-activate|p1a: Rhydon|ability: Lightning Rod\n|-ability|p1a: Rhydon|Lightning Rod|boost\n|-boost|p1a: Rhydon|spa|1\n|\n|-heal|p2b: Stoner child|248/394|[from] item: Leftovers\n|-heal|p1b: Chansey|235/641|[from] item: Leftovers\n|upkeep\n|\n|t:|1733885422\n|switch|p2a: Lap dat ass|Lapras, M|463/463\n|turn|5\n|c|☆je64|god damnit, fucking lightning rod affects my own pokemon\n|\n|t:|1733885473\n|switch|p1a: Buzz Lightyear|Electabuzz, F|334/334\n|move|p2b: Stoner child|Psyshock|p1b: Chansey\n|debug|psychic terrain boost\n|-damage|p1b: Chansey|0 fnt\n|faint|p1b: Chansey\n|move|p2a: Lap dat ass|Surf|p1a: Buzz Lightyear|[spread] p2b,p1a\n|debug|Spread modifier: 0.75\n|-resisted|p2b: Stoner child\n|debug|Spread modifier: 0.75\n|-damage|p2b: Stoner child|189/394\n|-damage|p1a: Buzz Lightyear|265/334\n|\n|-heal|p2b: Stoner child|213/394|[from] item: Leftovers\n|-fieldend|move: Trick Room\n|-fieldend|move: Psychic Terrain\n|upkeep\n|\n|t:|1733885484\n|switch|p1b: Dewgong|Dewgong, F|384/384\n|turn|6\n|\n|t:|1733885547\n|switch|p2b: King of Queens|Nidoking, M, shiny|303/303\n|-terastallize|p2a: Lap dat ass|Fire\n|move|p1b: Dewgong|Fake Out|p2b: King of Queens\n|-damage|p2b: King of Queens|274/303\n|move|p1a: Buzz Lightyear|Electroweb|p2b: King of Queens|[spread] p2a\n|-immune|p2b: King of Queens\n|debug|Spread modifier: 0.75\n|-damage|p2a: Lap dat ass|418/463\n|-unboost|p2a: Lap dat ass|spe|1\n|move|p2a: Lap dat ass|Alluring Voice|p1b: Dewgong\n|-damage|p1b: Dewgong|326/384\n|\n|upkeep\n|turn|7\n|c|☆je64|wait no teras\n|c|☆noli_cannoli10|oh what my bad\n|\n|t:|1733885589\n|move|p1a: Buzz Lightyear|Follow Me|p1a: Buzz Lightyear\n|-singleturn|p1a: Buzz Lightyear|move: Follow Me\n|move|p2b: King of Queens|Sludge Wave|p1b: Dewgong|[spread] p2a,p1a,p1b\n|debug|Spread modifier: 0.75\n|debug|Spread modifier: 0.75\n|debug|Spread modifier: 0.75\n|-damage|p2a: Lap dat ass|245/463\n|-damage|p1a: Buzz Lightyear|152/334\n|-damage|p1b: Dewgong|209/384\n|move|p1b: Dewgong|Flip Turn|p2b: King of Queens\n|-supereffective|p2b: King of Queens\n|-damage|p2b: King of Queens|152/303\n|\n|t:|1733885597\n|switch|p1b: Rhydon|Rhydon, F|228/414|[from] Flip Turn\n|move|p2a: Lap dat ass|Freeze-Dry|p1a: Buzz Lightyear\n|debug|Follow Me redirected target of move\n|-damage|p1a: Buzz Lightyear|83/334\n|\n|upkeep\n|turn|8\n|c|☆noli_cannoli10|i misread that part\n|c|☆je64|i mean its fine\n|c|☆je64|this games pretty much over anyway\n|\n|t:|1733885662\n|move|p1a: Buzz Lightyear|Follow Me|p1a: Buzz Lightyear\n|-singleturn|p1a: Buzz Lightyear|move: Follow Me\n|move|p2b: King of Queens|Sludge Wave|p1a: Buzz Lightyear|[spread] p2a,p1a,p1b\n|debug|Spread modifier: 0.75\n|debug|Spread modifier: 0.75\n|debug|Spread modifier: 0.75\n|-resisted|p1b: Rhydon\n|-damage|p2a: Lap dat ass|68/463\n|-damage|p1a: Buzz Lightyear|0 fnt\n|-damage|p1b: Rhydon|177/414\n|-enditem|p2a: Lap dat ass|Aguav Berry|[eat]\n|-heal|p2a: Lap dat ass|222/463|[from] item: Aguav Berry\n|faint|p1a: Buzz Lightyear\n|move|p1b: Rhydon|High Horsepower|p2b: King of Queens\n|-supereffective|p2b: King of Queens\n|-damage|p2b: King of Queens|0 fnt\n|faint|p2b: King of Queens\n|move|p2a: Lap dat ass|Freeze-Dry|p1b: Rhydon\n|-supereffective|p1b: Rhydon\n|-damage|p1b: Rhydon|0 fnt\n|faint|p1b: Rhydon\n|\n|upkeep\n|\n|t:|1733885678\n|switch|p2b: 3rd bird|Moltres|321/321\n|switch|p1a: Dewgong|Dewgong, F|209/384\n|turn|9\n|\n|t:|1733885692\n|move|p2b: 3rd bird|Air Slash|p1a: Dewgong\n|-damage|p1a: Dewgong|71/384\n|cant|p1a: Dewgong|flinch\n|move|p2a: Lap dat ass|Alluring Voice|p1a: Dewgong\n|-damage|p1a: Dewgong|13/384\n|\n|upkeep\n|turn|10\n|c|☆je64|kill meeeeeeee\n|c|☆noli_cannoli10|lol im trying!\n|\n|t:|1733885712\n|move|p2b: 3rd bird|Air Slash|p1a: Dewgong\n|-damage|p1a: Dewgong|0 fnt\n|debug|move failed because it did nothing\n|faint|p1a: Dewgong\n|\n|win|noli_cannoli10\n|c|☆noli_cannoli10|gg\n|c|☆je64|damn you have a good team\n|c|☆je64|ggs\n","uploadtime":1733885733,"views":"41","formatid":"gen9doublescustomgame","rating":null,"private":0,"password":null}