{"id":"gen9doublescustomgame-2297793847","format":"[Gen 9] Doubles Custom Game","players":["mistermoscow","Mattmandaman"],"log":"|j|☆mistermoscow\n|j|☆Mattmandaman\n|t:|1739161352\n|gametype|doubles\n|player|p1|mistermoscow|alder|\n|player|p2|Mattmandaman|giovanni|\n|teamsize|p1|6\n|teamsize|p2|6\n|gen|9\n|tier|[Gen 9] Doubles Custom Game\n|clearpoke\n|poke|p1|Primeape, M|\n|poke|p1|Dewgong, M|\n|poke|p1|Exeggutor, M|\n|poke|p1|Mr. Mime, F|\n|poke|p1|Jolteon, M|\n|poke|p1|Dragonite, M|\n|poke|p2|Rhydon, M|\n|poke|p2|Starmie|\n|poke|p2|Gengar, M|\n|poke|p2|Nidoking, M|\n|poke|p2|Muk, M|\n|poke|p2|Cloyster, M|\n|teampreview\n|\n|t:|1739161404\n|start\n|switch|p1a: Eggman|Exeggutor, M|363/363\n|switch|p1b: Sparky|Jolteon, M|271/271\n|switch|p2a: Gengar|Gengar, M|262/262\n|switch|p2b: Muk|Muk, M|414/414\n|turn|1\n|\n|t:|1739161447\n|move|p2a: Gengar|Protect|p2a: Gengar\n|-singleturn|p2a: Gengar|Protect\n|move|p1b: Sparky|Sunny Day|p1b: Sparky\n|-weather|SunnyDay\n|move|p1a: Eggman|Psychic Terrain|p1a: Eggman\n|-fieldstart|move: Psychic Terrain\n|move|p2b: Muk|Poison Jab|p1a: Eggman\n|-supereffective|p1a: Eggman\n|-damage|p1a: Eggman|49/363\n|\n|-weather|SunnyDay|[upkeep]\n|-status|p1b: Sparky|brn|[from] item: Flame Orb\n|upkeep\n|turn|2\n|\n|t:|1739161491\n|switch|p2a: Rhydon|Rhydon, M|414/414\n|move|p2b: Muk|Protect|p2b: Muk\n|-singleturn|p2b: Muk|Protect\n|move|p1b: Sparky|Shadow Ball|p2a: Rhydon\n|-damage|p2a: Rhydon|334/414\n|move|p1a: Eggman|Expanding Force|p2a: Rhydon|[spread] p2a\n|-activate|p2b: Muk|move: Protect\n|debug|psychic terrain boost\n|debug|terrain buff\n|debug|Spread modifier: 0.75\n|-damage|p2a: Rhydon|100/414\n|-damage|p1a: Eggman|13/363|[from] item: Life Orb\n|\n|-weather|SunnyDay|[upkeep]\n|-damage|p1b: Sparky|255/271 brn|[from] brn\n|upkeep\n|turn|3\n|\n|t:|1739161565\n|switch|p2b: Cloyster|Cloyster, M|242/242\n|move|p2a: Rhydon|Protect|p2a: Rhydon\n|-singleturn|p2a: Rhydon|Protect\n|move|p1b: Sparky|Shadow Ball|p2b: Cloyster\n|-damage|p2b: Cloyster|81/242\n|-unboost|p2b: Cloyster|spd|1\n|move|p1a: Eggman|Expanding Force|p2a: Rhydon|[spread] p2b\n|-activate|p2a: Rhydon|move: Protect\n|debug|psychic terrain boost\n|debug|terrain buff\n|debug|Spread modifier: 0.75\n|-damage|p2b: Cloyster|0 fnt\n|faint|p2b: Cloyster\n|-damage|p1a: Eggman|0 fnt|[from] item: Life Orb\n|faint|p1a: Eggman\n|\n|-weather|SunnyDay|[upkeep]\n|-damage|p1b: Sparky|239/271 brn|[from] brn\n|upkeep\n|\n|t:|1739161593\n|switch|p2b: Nidoking|Nidoking, M|304/304\n|switch|p1a: Mrs. Mr. Mime|Mr. Mime, F|284/284\n|turn|4\n|\n|t:|1739161624\n|switch|p1b: Puff Daddy|Dragonite, M|355/355\n|move|p2b: Nidoking|Sludge Wave|p1b: Puff Daddy|[spread] p2a,p1a,p1b\n|debug|Spread modifier: 0.75\n|-resisted|p2a: Rhydon\n|debug|Spread modifier: 0.75\n|-supereffective|p1a: Mrs. Mr. Mime\n|debug|Filter neutralize\n|debug|Spread modifier: 0.75\n|debug|Multiscale weaken\n|-damage|p2a: Rhydon|73/414\n|-damage|p1a: Mrs. Mr. Mime|134/284\n|-damage|p1b: Puff Daddy|290/355\n|move|p1a: Mrs. Mr. Mime|Expanding Force|p2a: Rhydon|[spread] p2a,p2b\n|debug|psychic terrain boost\n|debug|terrain buff\n|debug|Spread modifier: 0.75\n|debug|psychic terrain boost\n|debug|terrain buff\n|debug|Spread modifier: 0.75\n|-supereffective|p2b: Nidoking\n|-damage|p2a: Rhydon|0 fnt\n|-damage|p2b: Nidoking|0 fnt\n|faint|p2a: Rhydon\n|faint|p2b: Nidoking\n|\n|-weather|SunnyDay|[upkeep]\n|upkeep\n|\n|t:|1739161650\n|switch|p2b: Gengar|Gengar, M|262/262\n|switch|p2a: Starmie|Starmie|262/262\n|turn|5\n|\n|t:|1739161679\n|switch|p1a: Dewey|Dewgong, M|353/353\n|move|p2b: Gengar|Protect|p2b: Gengar\n|-singleturn|p2b: Gengar|Protect\n|move|p2a: Starmie|Ice Beam|p1b: Puff Daddy\n|-supereffective|p1b: Puff Daddy\n|-damage|p1b: Puff Daddy|0 fnt\n|debug|Covert Cloak prevent secondary\n|faint|p1b: Puff Daddy\n|\n|-weather|none\n|-fieldend|move: Psychic Terrain\n|upkeep\n|\n|t:|1739161691\n|switch|p1b: Sparky|Jolteon, M|239/271 brn\n|turn|6\n|\n|t:|1739161721\n|switch|p2a: Muk|Muk, M|414/414\n|move|p1b: Sparky|Thunderbolt|p2a: Muk\n|-crit|p2a: Muk\n|-damage|p2a: Muk|194/414\n|move|p2b: Gengar|Psychic|p1b: Sparky\n|-damage|p1b: Sparky|127/271 brn\n|move|p1a: Dewey|Flip Turn|p2b: Gengar\n|-damage|p2b: Gengar|187/262\n|\n|t:|1739161734\n|switch|p1a: Apollo|Primeape, M|334/334|[from] Flip Turn\n|\n|-heal|p2a: Muk|219/414|[from] item: Black Sludge\n|-damage|p1b: Sparky|111/271 brn|[from] brn\n|upkeep\n|turn|7\n|\n|t:|1739161792\n|switch|p1b: Dewey|Dewgong, M|353/353\n|move|p2b: Gengar|Protect|p2b: Gengar\n|-singleturn|p2b: Gengar|Protect\n|move|p2a: Muk|Shadow Sneak|p1b: Dewey\n|-damage|p1b: Dewey|314/353\n|move|p1a: Apollo|Bulk Up|p1a: Apollo\n|-boost|p1a: Apollo|atk|1\n|-boost|p1a: Apollo|def|1\n|\n|-heal|p1b: Dewey|336/353|[from] item: Leftovers\n|-heal|p2a: Muk|244/414|[from] item: Black Sludge\n|upkeep\n|turn|8\n|\n|t:|1739161826\n|move|p2b: Gengar|Psychic|p1a: Apollo\n|-supereffective|p1a: Apollo\n|-damage|p1a: Apollo|202/334\n|move|p1b: Dewey|Frost Breath|p1a: Apollo\n|-crit|p1a: Apollo\n|-damage|p1a: Apollo|157/334\n|-setboost|p1a: Apollo|atk|6|[from] ability: Anger Point\n|move|p1a: Apollo|Rage Fist|p2a: Muk\n|-damage|p2a: Muk|0 fnt\n|faint|p2a: Muk\n|\n|-heal|p1b: Dewey|353/353|[from] item: Leftovers\n|upkeep\n|\n|t:|1739161832\n|switch|p2a: Starmie|Starmie|262/262\n|turn|9\n|\n|t:|1739161855\n|move|p1a: Apollo|Protect|p1a: Apollo\n|-singleturn|p1a: Apollo|Protect\n|move|p2a: Starmie|Psychic|p1a: Apollo\n|-activate|p1a: Apollo|move: Protect\n|move|p2b: Gengar|Will-O-Wisp|p1b: Dewey\n|-status|p1b: Dewey|brn\n|move|p1b: Dewey|Flip Turn|p2b: Gengar\n|-damage|p2b: Gengar|148/262\n|-start|p1b: Dewey|Disable|Flip Turn|[from] ability: Cursed Body|[of] p2b: Gengar\n|\n|t:|1739161866\n|switch|p1b: Sparky|Jolteon, M|111/271 brn|[from] Flip Turn\n|\n|-damage|p1b: Sparky|95/271 brn|[from] brn\n|upkeep\n|turn|10\n|\n|t:|1739161885\n|move|p2b: Gengar|Protect|p2b: Gengar\n|-singleturn|p2b: Gengar|Protect\n|move|p1b: Sparky|Thunderbolt|p2a: Starmie\n|-supereffective|p2a: Starmie\n|-damage|p2a: Starmie|38/262\n|move|p2a: Starmie|Psychic|p1a: Apollo\n|-supereffective|p1a: Apollo\n|-damage|p1a: Apollo|0 fnt\n|faint|p1a: Apollo\n|\n|-damage|p1b: Sparky|79/271 brn|[from] brn\n|upkeep\n|\n|t:|1739161902\n|switch|p1a: Dewey|Dewgong, M|353/353 brn\n|turn|11\n|\n|t:|1739161912\n|move|p1b: Sparky|Electroweb|p2b: Gengar|[spread] p2a,p2b\n|debug|Spread modifier: 0.75\n|-supereffective|p2a: Starmie\n|-crit|p2a: Starmie\n|debug|Spread modifier: 0.75\n|-damage|p2a: Starmie|0 fnt\n|-damage|p2b: Gengar|51/262\n|-unboost|p2b: Gengar|spe|1\n|faint|p2a: Starmie\n|move|p2b: Gengar|Psychic|p1b: Sparky\n|-damage|p1b: Sparky|0 fnt\n|faint|p1b: Sparky\n|move|p1a: Dewey|Icy Wind|p2b: Gengar\n|-crit|p2b: Gengar\n|-damage|p2b: Gengar|0 fnt\n|faint|p2b: Gengar\n|\n|win|mistermoscow\n|c|☆mistermoscow|gg\n|c|☆Mattmandaman|gg\n","uploadtime":1739161932,"views":"35","formatid":"gen9doublescustomgame","rating":null,"private":0,"password":null}