{"id":"gen9doublescustomgame-2288283932","format":"[Gen 9] Doubles Custom Game","players":["mistermoscow","Mango Meloetta"],"log":"|j|☆mistermoscow\n|j|☆Mango Meloetta\n|t:|1737856424\n|gametype|doubles\n|player|p1|mistermoscow|alder|\n|player|p2|Mango Meloetta|li|\n|teamsize|p1|6\n|teamsize|p2|6\n|gen|9\n|tier|[Gen 9] Doubles Custom Game\n|clearpoke\n|poke|p1|Dragonite, M|\n|poke|p1|Fearow, M|\n|poke|p1|Poliwrath, F|\n|poke|p1|Dewgong, M|\n|poke|p1|Kingler, M|\n|poke|p1|Jolteon, M|\n|poke|p2|Snorlax, F|\n|poke|p2|Cloyster, F|\n|poke|p2|Parasect, M|\n|poke|p2|Arcanine, F|\n|poke|p2|Weezing, M|\n|poke|p2|Golduck, M|\n|teampreview\n|\n|t:|1737856447\n|start\n|switch|p1a: Dewey|Dewgong, M|384/384\n|switch|p1b: Sparky|Jolteon, M|271/271\n|switch|p2a: Too Dank|Weezing, M|334/334\n|switch|p2b: Aroma Boy|Parasect, M|324/324\n|debug|PreStart handler suppressed by Gastro Acid or Neutralizing Gas\n|debug|PreStart handler suppressed by Gastro Acid or Neutralizing Gas\n|-ability|p2a: Too Dank|Neutralizing Gas\n|debug|PreStart handler suppressed by Gastro Acid or Neutralizing Gas\n|debug|Start handler suppressed by Gastro Acid or Neutralizing Gas\n|debug|Start handler suppressed by Gastro Acid or Neutralizing Gas\n|debug|Start handler suppressed by Gastro Acid or Neutralizing Gas\n|turn|1\n|\n|t:|1737856466\n|move|p1a: Dewey|Fake Out|p2b: Aroma Boy\n|-damage|p2b: Aroma Boy|301/324\n|debug|DamagingHit handler suppressed by Gastro Acid or Neutralizing Gas\n|move|p1b: Sparky|Rain Dance|p1b: Sparky\n|-weather|RainDance\n|move|p2a: Too Dank|Will-O-Wisp|p1b: Sparky\n|debug|TryHit handler suppressed by Gastro Acid or Neutralizing Gas\n|-status|p1b: Sparky|brn\n|cant|p2b: Aroma Boy|flinch\n|\n|-weather|RainDance|[upkeep]\n|debug|Residual handler suppressed by Gastro Acid or Neutralizing Gas\n|-heal|p2b: Aroma Boy|321/324|[from] item: Leftovers\n|-damage|p1b: Sparky|255/271 brn|[from] brn\n|upkeep\n|turn|2\n|\n|t:|1737856487\n|move|p1b: Sparky|Hyper Voice|p2b: Aroma Boy|[spread] p2a,p2b\n|debug|Spread modifier: 0.75\n|debug|Spread modifier: 0.75\n|-damage|p2a: Too Dank|254/334\n|-damage|p2b: Aroma Boy|260/324\n|debug|DamagingHit handler suppressed by Gastro Acid or Neutralizing Gas\n|move|p1a: Dewey|Icy Wind|p2a: Too Dank|[spread] p2a,p2b\n|debug|Spread modifier: 0.75\n|debug|Spread modifier: 0.75\n|-supereffective|p2b: Aroma Boy\n|-damage|p2a: Too Dank|215/334\n|-damage|p2b: Aroma Boy|198/324\n|-unboost|p2a: Too Dank|spe|1\n|-unboost|p2b: Aroma Boy|spe|1\n|debug|DamagingHit handler suppressed by Gastro Acid or Neutralizing Gas\n|move|p2a: Too Dank|Taunt|p1a: Dewey\n|-start|p1a: Dewey|move: Taunt\n|move|p2b: Aroma Boy|Reflect|p2b: Aroma Boy\n|-sidestart|p2: Mango Meloetta|Reflect\n|\n|-weather|RainDance|[upkeep]\n|debug|Residual handler suppressed by Gastro Acid or Neutralizing Gas\n|-heal|p2b: Aroma Boy|218/324|[from] item: Leftovers\n|-damage|p1b: Sparky|239/271 brn|[from] brn\n|upkeep\n|turn|3\n|\n|t:|1737856508\n|move|p1b: Sparky|Thunder|p2a: Too Dank\n|-damage|p2a: Too Dank|32/334\n|-status|p2a: Too Dank|par\n|move|p1a: Dewey|Muddy Water|p2b: Aroma Boy|[spread] p2a,p2b\n|debug|Spread modifier: 0.75\n|debug|rain water boost\n|debug|Spread modifier: 0.75\n|debug|rain water boost\n|-resisted|p2b: Aroma Boy\n|-damage|p2a: Too Dank|0 fnt\n|-damage|p2b: Aroma Boy|180/324\n|debug|DamagingHit handler suppressed by Gastro Acid or Neutralizing Gas\n|faint|p2a: Too Dank\n|-end|p2a: Too Dank|ability: Neutralizing Gas\n|move|p2b: Aroma Boy|Light Screen|p2b: Aroma Boy\n|-sidestart|p2: Mango Meloetta|move: Light Screen\n|\n|-weather|RainDance|[upkeep]\n|-heal|p2b: Aroma Boy|200/324|[from] item: Leftovers\n|-damage|p1b: Sparky|223/271 brn|[from] brn\n|upkeep\n|\n|t:|1737856522\n|switch|p2a: Too High|Golduck, M|301/301\n|-ability|p2a: Too High|Cloud Nine\n|turn|4\n|\n|t:|1737856540\n|move|p1b: Sparky|Electroweb|p2b: Aroma Boy|[spread] p2a,p2b\n|debug|Spread modifier: 0.75\n|debug|WeatherModifyDamage handler suppressed by Air Lock\n|-supereffective|p2a: Too High\n|debug|Light Screen weaken\n|debug|Spread modifier: 0.75\n|debug|WeatherModifyDamage handler suppressed by Air Lock\n|-resisted|p2b: Aroma Boy\n|debug|Light Screen weaken\n|-damage|p2a: Too High|201/301\n|-damage|p2b: Aroma Boy|180/324\n|-unboost|p2a: Too High|spe|1\n|-unboost|p2b: Aroma Boy|spe|1\n|move|p2a: Too High|Hydro Pump|p1b: Sparky\n|debug|WeatherModifyDamage handler suppressed by Air Lock\n|-damage|p1b: Sparky|69/271 brn\n|move|p1a: Dewey|Icy Wind|p2a: Too High|[spread] p2a,p2b\n|debug|Spread modifier: 0.75\n|debug|WeatherModifyDamage handler suppressed by Air Lock\n|-resisted|p2a: Too High\n|debug|Light Screen weaken\n|debug|Spread modifier: 0.75\n|debug|WeatherModifyDamage handler suppressed by Air Lock\n|-supereffective|p2b: Aroma Boy\n|debug|Light Screen weaken\n|-damage|p2a: Too High|187/301\n|-damage|p2b: Aroma Boy|136/324\n|-unboost|p2a: Too High|spe|1\n|-unboost|p2b: Aroma Boy|spe|1\n|move|p2b: Aroma Boy|Spore||[still]\n|-fail|p2b: Aroma Boy\n|debug|move failed because it did nothing\n|\n|-weather|RainDance|[upkeep]\n|-heal|p2b: Aroma Boy|156/324|[from] item: Leftovers\n|-damage|p1b: Sparky|53/271 brn|[from] brn\n|upkeep\n|turn|5\n|\n|t:|1737856579\n|move|p1b: Sparky|Rain Dance||[still]\n|-fail|p1b: Sparky\n|debug|move failed because it did nothing\n|move|p1a: Dewey|Muddy Water|p2b: Aroma Boy|[spread] p2a,p2b\n|debug|Spread modifier: 0.75\n|debug|WeatherModifyDamage handler suppressed by Air Lock\n|-resisted|p2a: Too High\n|debug|Light Screen weaken\n|debug|Spread modifier: 0.75\n|debug|WeatherModifyDamage handler suppressed by Air Lock\n|-resisted|p2b: Aroma Boy\n|debug|Light Screen weaken\n|-damage|p2a: Too High|165/301\n|-damage|p2b: Aroma Boy|140/324\n|-unboost|p2b: Aroma Boy|accuracy|1\n|move|p2a: Too High|Ice Beam|p1b: Sparky\n|debug|WeatherModifyDamage handler suppressed by Air Lock\n|-damage|p1b: Sparky|0 fnt\n|debug|Covert Cloak prevent secondary\n|faint|p1b: Sparky\n|move|p2b: Aroma Boy|Spore|p1a: Dewey\n|-status|p1a: Dewey|slp|[from] move: Spore\n|\n|-weather|none\n|-heal|p2b: Aroma Boy|160/324|[from] item: Leftovers\n|-end|p1a: Dewey|move: Taunt\n|upkeep\n|\n|t:|1737856610\n|switch|p1b: Big Bird|Fearow, M|271/271\n|turn|6\n|\n|t:|1737856631\n|switch|p2a: Snack Lax|Snorlax, F|524/524\n|switch|p2b: The Cloisters|Cloyster, F|282/282\n|move|p1b: Big Bird|Tailwind|p1b: Big Bird\n|-sidestart|p1: mistermoscow|move: Tailwind\n|cant|p1a: Dewey|slp\n|\n|-sideend|p2: Mango Meloetta|Reflect\n|upkeep\n|turn|7\n|\n|t:|1737856658\n|switch|p1b: Polly|Poliwrath, F|384/384\n|cant|p1a: Dewey|slp\n|move|p2b: The Cloisters|Shell Smash|p2b: The Cloisters\n|-unboost|p2b: The Cloisters|def|1\n|-unboost|p2b: The Cloisters|spd|1\n|-boost|p2b: The Cloisters|atk|2\n|-boost|p2b: The Cloisters|spa|2\n|-boost|p2b: The Cloisters|spe|2\n|move|p2a: Snack Lax|Belly Drum|p2a: Snack Lax\n|-damage|p2a: Snack Lax|262/524\n|-setboost|p2a: Snack Lax|atk|6|[from] move: Belly Drum\n|-enditem|p2a: Snack Lax|Aguav Berry|[eat]\n|-heal|p2a: Snack Lax|436/524|[from] item: Aguav Berry\n|\n|-sideend|p2: Mango Meloetta|move: Light Screen\n|upkeep\n|turn|8\n|\n|t:|1737856712\n|cant|p1a: Dewey|slp\n|move|p1b: Polly|Drain Punch|p2a: Snack Lax\n|-supereffective|p2a: Snack Lax\n|-damage|p2a: Snack Lax|158/524\n|move|p2b: The Cloisters|Icicle Spear|p1b: Polly\n|-resisted|p1b: Polly\n|-damage|p1b: Polly|344/384\n|-resisted|p1b: Polly\n|-damage|p1b: Polly|302/384\n|-resisted|p1b: Polly\n|-damage|p1b: Polly|260/384\n|-resisted|p1b: Polly\n|-damage|p1b: Polly|217/384\n|-resisted|p1b: Polly\n|-damage|p1b: Polly|176/384\n|-hitcount|p1b: Polly|5\n|move|p2a: Snack Lax|Body Slam|p1a: Dewey\n|-crit|p1a: Dewey\n|-damage|p1a: Dewey|0 fnt\n|-damage|p2a: Snack Lax|71/524|[from] item: Rocky Helmet|[of] p1a: Dewey\n|faint|p1a: Dewey\n|\n|upkeep\n|\n|t:|1737856742\n|switch|p1a: Big Bird|Fearow, M|271/271\n|turn|9\n|\n|t:|1737856781\n|switch|p1a: King Snips|Kingler, M|251/251\n|move|p2b: The Cloisters|Icicle Spear|p1b: Polly\n|-resisted|p1b: Polly\n|-damage|p1b: Polly|134/384\n|-resisted|p1b: Polly\n|-damage|p1b: Polly|96/384\n|-resisted|p1b: Polly\n|-damage|p1b: Polly|57/384\n|-resisted|p1b: Polly\n|-damage|p1b: Polly|12/384\n|-resisted|p1b: Polly\n|-damage|p1b: Polly|0 fnt\n|faint|p1b: Polly\n|-hitcount|p1: Polly|5\n|move|p2a: Snack Lax|Body Slam|p1a: King Snips\n|-damage|p1a: King Snips|0 fnt\n|faint|p1a: King Snips\n|\n|-sideend|p1: mistermoscow|move: Tailwind\n|upkeep\n|\n|t:|1737856797\n|switch|p1a: Puff Daddy|Dragonite, M|324/324\n|switch|p1b: Big Bird|Fearow, M|271/271\n|turn|10\n|\n|t:|1737856821\n|move|p1a: Puff Daddy|Protect|p1a: Puff Daddy\n|-singleturn|p1a: Puff Daddy|Protect\n|move|p2b: The Cloisters|Icicle Spear|p1a: Puff Daddy\n|-activate|p1a: Puff Daddy|move: Protect\n|move|p1b: Big Bird|Drill Peck|p2b: The Cloisters\n|-damage|p2b: The Cloisters|176/282\n|move|p2a: Snack Lax|Body Slam|p1b: Big Bird\n|-enditem|p1b: Big Bird|Focus Sash\n|-damage|p1b: Big Bird|1/271\n|\n|upkeep\n|turn|11\n|\n|t:|1737856844\n|move|p1a: Puff Daddy|Extreme Speed|p2b: The Cloisters\n|-damage|p2b: The Cloisters|78/282\n|move|p2b: The Cloisters|Icicle Spear|p1a: Puff Daddy\n|-supereffective|p1a: Puff Daddy\n|-damage|p1a: Puff Daddy|0 fnt\n|faint|p1a: Puff Daddy\n|-hitcount|p1: Puff Daddy|1\n|move|p1b: Big Bird|Drill Peck|p2a: Snack Lax\n|-damage|p2a: Snack Lax|0 fnt\n|faint|p2a: Snack Lax\n|\n|upkeep\n|c|☆mistermoscow|gg\n|\n|t:|1737856856\n|switch|p2a: Too High|Golduck, M|165/301\n|-ability|p2a: Too High|Cloud Nine\n|turn|12\n|c|☆Mango Meloetta|gg\n|\n|t:|1737856862\n|move|p2b: The Cloisters|Ice Shard|p1b: Big Bird\n|-supereffective|p1b: Big Bird\n|-crit|p1b: Big Bird\n|-damage|p1b: Big Bird|0 fnt\n|faint|p1b: Big Bird\n|\n|win|Mango Meloetta\n|c|☆mistermoscow|one more?\n|c|☆Mango Meloetta|one more\n","uploadtime":1737856870,"views":"28","formatid":"gen9doublescustomgame","rating":null,"private":0,"password":null}