{"id":"gen9doublescustomgame-2432098343","format":"[Gen 9] Doubles Custom Game","players":["mistermoscow","je64"],"log":"|j|☆mistermoscow\n|j|☆je64\n|t:|1756608183\n|gametype|doubles\n|player|p1|mistermoscow|alder|\n|player|p2|je64|2|\n|gen|9\n|tier|[Gen 9] Doubles Custom Game\n|clearpoke\n|poke|p1|Butterfree, F|\n|poke|p1|Nidoking, M|\n|poke|p1|Clefairy, M|\n|poke|p1|Primeape, M|\n|poke|p1|Mr. Mime, M|\n|poke|p1|Jolteon, M|\n|poke|p2|Exeggutor|\n|poke|p2|Magmar|\n|poke|p2|Dugtrio|\n|poke|p2|Dodrio|\n|poke|p2|Electabuzz|\n|poke|p2|Kadabra|\n|teampreview\n|j| mattmandaman\n|\n|t:|1756608223\n|teamsize|p1|6\n|teamsize|p2|6\n|start\n|switch|p1a: Mimsy|Mr. Mime, M|222/222\n|switch|p1b: King Nido|Nidoking, M|304/304\n|switch|p2a: San Ti Ren 三体人|Exeggutor|365/365\n|switch|p2b: Myagmar|Magmar|334/334\n|turn|1\n|\n|t:|1756608246\n|move|p2a: San Ti Ren 三体人|Protect|p2a: San Ti Ren 三体人\n|-singleturn|p2a: San Ti Ren 三体人|Protect\n|move|p1a: Mimsy|Fake Out|p2a: San Ti Ren 三体人\n|-activate|p2a: San Ti Ren 三体人|move: Protect\n|move|p1b: King Nido|Sludge Bomb|p2a: San Ti Ren 三体人\n|-activate|p2a: San Ti Ren 三体人|move: Protect\n|move|p2b: Myagmar|Sunny Day|p2b: Myagmar\n|-weather|SunnyDay\n|\n|-weather|SunnyDay|[upkeep]\n|upkeep\n|turn|2\n|\n|t:|1756608272\n|move|p2b: Myagmar|Follow Me|p2b: Myagmar\n|-singleturn|p2b: Myagmar|move: Follow Me\n|move|p1a: Mimsy|Follow Me|p1a: Mimsy\n|-singleturn|p1a: Mimsy|move: Follow Me\n|move|p1b: King Nido|Sludge Bomb|p2b: Myagmar\n|debug|Follow Me redirected target of move\n|-damage|p2b: Myagmar|216/334\n|move|p2a: San Ti Ren 三体人|Solar Beam||[still]\n|debug|Follow Me redirected target of move\n|-prepare|p2a: San Ti Ren 三体人|Solar Beam\n|-anim|p2a: San Ti Ren 三体人|Solar Beam|p1a: Mimsy\n|-damage|p1a: Mimsy|24/222\n|\n|-weather|SunnyDay|[upkeep]\n|upkeep\n|turn|3\n|\n|t:|1756608305\n|switch|p1b: Sparky|Jolteon, M|271/271\n|move|p2b: Myagmar|Follow Me|p2b: Myagmar\n|-singleturn|p2b: Myagmar|move: Follow Me\n|move|p2a: San Ti Ren 三体人|Solar Beam||[still]\n|-prepare|p2a: San Ti Ren 三体人|Solar Beam\n|-anim|p2a: San Ti Ren 三体人|Solar Beam|p1b: Sparky\n|-damage|p1b: Sparky|51/271\n|move|p1a: Mimsy|Psyshock|p2b: Myagmar\n|debug|Follow Me redirected target of move\n|-damage|p2b: Myagmar|122/334\n|\n|-weather|SunnyDay|[upkeep]\n|upkeep\n|turn|4\n|\n|t:|1756608329\n|switch|p1a: King Nido|Nidoking, M|304/304\n|move|p2b: Myagmar|Follow Me|p2b: Myagmar\n|-singleturn|p2b: Myagmar|move: Follow Me\n|move|p1b: Sparky|Light Screen|p1b: Sparky\n|-sidestart|p1: mistermoscow|move: Light Screen\n|move|p2a: San Ti Ren 三体人|Solar Beam||[still]\n|-prepare|p2a: San Ti Ren 三体人|Solar Beam\n|-anim|p2a: San Ti Ren 三体人|Solar Beam|p1a: King Nido\n|debug|Light Screen weaken\n|-damage|p1a: King Nido|108/304\n|\n|-weather|SunnyDay|[upkeep]\n|upkeep\n|turn|5\n|\n|t:|1756608359\n|move|p2b: Myagmar|Follow Me|p2b: Myagmar\n|-singleturn|p2b: Myagmar|move: Follow Me\n|move|p1a: King Nido|Earth Power|p2b: Myagmar\n|debug|Follow Me redirected target of move\n|-supereffective|p2b: Myagmar\n|-crit|p2b: Myagmar\n|-damage|p2b: Myagmar|0 fnt\n|faint|p2b: Myagmar\n|move|p1b: Sparky|Reflect|p1b: Sparky\n|-sidestart|p1: mistermoscow|Reflect\n|move|p2a: San Ti Ren 三体人|Solar Beam||[still]\n|-prepare|p2a: San Ti Ren 三体人|Solar Beam\n|-anim|p2a: San Ti Ren 三体人|Solar Beam|p1a: King Nido\n|debug|Light Screen weaken\n|-damage|p1a: King Nido|0 fnt\n|faint|p1a: King Nido\n|\n|-weather|none\n|upkeep\n|\n|t:|1756608379\n|switch|p1a: Mimsy|Mr. Mime, M|24/222\n|switch|p2b: Shai-Hulud|Dugtrio|212/212\n|turn|6\n|\n|t:|1756608419\n|move|p2a: San Ti Ren 三体人|Protect|p2a: San Ti Ren 三体人\n|-singleturn|p2a: San Ti Ren 三体人|Protect\n|move|p1a: Mimsy|Fake Out|p2a: San Ti Ren 三体人\n|-activate|p2a: San Ti Ren 三体人|move: Protect\n|move|p1b: Sparky|Hyper Voice|p2b: Shai-Hulud|[spread] p2b\n|-activate|p2a: San Ti Ren 三体人|move: Protect\n|debug|Spread modifier: 0.75\n|-damage|p2b: Shai-Hulud|121/212\n|move|p2b: Shai-Hulud|Sunny Day|p2b: Shai-Hulud\n|-weather|SunnyDay\n|\n|-weather|SunnyDay|[upkeep]\n|upkeep\n|turn|7\n|\n|t:|1756608442\n|move|p1a: Mimsy|Follow Me|p1a: Mimsy\n|-singleturn|p1a: Mimsy|move: Follow Me\n|move|p2b: Shai-Hulud|Sucker Punch||[still]\n|debug|Follow Me redirected target of move\n|-fail|p2b: Shai-Hulud\n|move|p1b: Sparky|Hyper Voice|p2b: Shai-Hulud|[spread] p2a,p2b\n|debug|Spread modifier: 0.75\n|debug|Spread modifier: 0.75\n|-crit|p2b: Shai-Hulud\n|-damage|p2a: San Ti Ren 三体人|272/365\n|-damage|p2b: Shai-Hulud|0 fnt\n|faint|p2b: Shai-Hulud\n|move|p2a: San Ti Ren 三体人|Solar Beam||[still]\n|debug|Follow Me redirected target of move\n|-prepare|p2a: San Ti Ren 三体人|Solar Beam\n|-anim|p2a: San Ti Ren 三体人|Solar Beam|p1a: Mimsy\n|-crit|p1a: Mimsy\n|-damage|p1a: Mimsy|0 fnt\n|faint|p1a: Mimsy\n|\n|-weather|SunnyDay|[upkeep]\n|upkeep\n|\n|t:|1756608462\n|switch|p2b: K.Dot|Kadabra|221/221\n|switch|p1a: Clifford|Clefairy, M|282/282\n|turn|8\n|\n|t:|1756608528\n|move|p1a: Clifford|Follow Me|p1a: Clifford\n|-singleturn|p1a: Clifford|move: Follow Me\n|move|p1b: Sparky|Electroweb|p2a: San Ti Ren 三体人|[spread] p2a,p2b\n|debug|Spread modifier: 0.75\n|-resisted|p2a: San Ti Ren 三体人\n|debug|Spread modifier: 0.75\n|-damage|p2a: San Ti Ren 三体人|233/365\n|-damage|p2b: K.Dot|131/221\n|-unboost|p2a: San Ti Ren 三体人|spe|1\n|-unboost|p2b: K.Dot|spe|1\n|move|p2a: San Ti Ren 三体人|Sleep Powder|p1a: Clifford\n|debug|Follow Me redirected target of move\n|-status|p1a: Clifford|slp|[from] move: Sleep Powder\n|move|p2b: K.Dot|Dazzling Gleam|p1b: Sparky|[spread] p1a,p1b\n|debug|Spread modifier: 0.75\n|debug|Light Screen weaken\n|debug|Spread modifier: 0.75\n|debug|Friend Guard weaken\n|debug|Light Screen weaken\n|-damage|p1a: Clifford|245/282 slp\n|-damage|p1b: Sparky|3/271\n|debug|damage event failed\n|\n|-weather|SunnyDay|[upkeep]\n|-sideend|p1: mistermoscow|move: Light Screen\n|upkeep\n|turn|9\n|\n|t:|1756608563\n|cant|p1a: Clifford|slp\n|move|p1b: Sparky|Hyper Voice|p2b: K.Dot|[spread] p2a,p2b\n|debug|Spread modifier: 0.75\n|-crit|p2a: San Ti Ren 三体人\n|debug|Spread modifier: 0.75\n|-damage|p2a: San Ti Ren 三体人|95/365\n|-damage|p2b: K.Dot|33/221\n|move|p2a: San Ti Ren 三体人|Solar Beam||[still]\n|-prepare|p2a: San Ti Ren 三体人|Solar Beam\n|-anim|p2a: San Ti Ren 三体人|Solar Beam|p1b: Sparky\n|debug|Friend Guard weaken\n|-damage|p1b: Sparky|0 fnt\n|faint|p1b: Sparky\n|move|p2b: K.Dot|Psychic|p1a: Clifford\n|-damage|p1a: Clifford|115/282 slp\n|debug|damage event failed\n|\n|-weather|SunnyDay|[upkeep]\n|-sideend|p1: mistermoscow|Reflect\n|upkeep\n|\n|t:|1756608582\n|switch|p1b: Purple Haze|Butterfree, F|262/262\n|turn|10\n|\n|t:|1756608625\n|move|p1b: Purple Haze|Protect|p1b: Purple Haze\n|-singleturn|p1b: Purple Haze|Protect\n|cant|p1a: Clifford|slp\n|move|p2a: San Ti Ren 三体人|Solar Beam||[still]\n|-prepare|p2a: San Ti Ren 三体人|Solar Beam\n|-anim|p2a: San Ti Ren 三体人|Solar Beam|p1a: Clifford\n|-damage|p1a: Clifford|0 fnt\n|faint|p1a: Clifford\n|move|p2b: K.Dot|Psychic|p1b: Purple Haze\n|-activate|p1b: Purple Haze|move: Protect\n|\n|-weather|none\n|upkeep\n|\n|t:|1756608636\n|switch|p1a: Apollo|Primeape, M|271/271\n|turn|11\n|\n|t:|1756608670\n|switch|p2b: Le Chupacabra|Dodrio|262/262\n|move|p2a: San Ti Ren 三体人|Protect|p2a: San Ti Ren 三体人\n|-singleturn|p2a: San Ti Ren 三体人|Protect\n|move|p1b: Purple Haze|Quiver Dance|p1b: Purple Haze\n|-boost|p1b: Purple Haze|spa|1\n|-boost|p1b: Purple Haze|spd|1\n|-boost|p1b: Purple Haze|spe|1\n|move|p1a: Apollo|Rage Fist|p2a: San Ti Ren 三体人\n|-activate|p2a: San Ti Ren 三体人|move: Protect\n|\n|upkeep\n|turn|12\n|\n|t:|1756608704\n|switch|p2a: Buzz Lightyear|Electabuzz|334/334\n|move|p1b: Purple Haze|Sleep Powder|p2b: Le Chupacabra\n|debug|compoundeyes - enhancing accuracy\n|-status|p2b: Le Chupacabra|slp|[from] move: Sleep Powder\n|cant|p2b: Le Chupacabra|slp\n|move|p1a: Apollo|Bulk Up|p1a: Apollo\n|-boost|p1a: Apollo|atk|1\n|-boost|p1a: Apollo|def|1\n|\n|upkeep\n|turn|13\n|\n|t:|1756608729\n|move|p2a: Buzz Lightyear|Feint|p1b: Purple Haze\n|-damage|p1b: Purple Haze|230/262\n|move|p1b: Purple Haze|Sleep Powder|p2a: Buzz Lightyear\n|debug|compoundeyes - enhancing accuracy\n|-immune|p2a: Buzz Lightyear|[from] ability: Vital Spirit\n|debug|set status [slp] interrupted\n|debug|move failed because it did nothing\n|-curestatus|p2b: Le Chupacabra|slp|[msg]\n|move|p2b: Le Chupacabra|Brave Bird|p1a: Apollo\n|-supereffective|p1a: Apollo\n|-damage|p1a: Apollo|23/271\n|-damage|p2b: Le Chupacabra|180/262|[from] Recoil\n|move|p1a: Apollo|Drain Punch|p2b: Le Chupacabra\n|-damage|p2b: Le Chupacabra|0 fnt\n|-heal|p1a: Apollo|113/271|[from] drain|[of] p2b: Le Chupacabra\n|faint|p2b: Le Chupacabra\n|\n|upkeep\n|\n|t:|1756608770\n|switch|p2b: K.Dot|Kadabra|33/221\n|turn|14\n|\n|t:|1756608812\n|move|p2a: Buzz Lightyear|Follow Me|p2a: Buzz Lightyear\n|-singleturn|p2a: Buzz Lightyear|move: Follow Me\n|move|p1b: Purple Haze|Sleep Powder|p2a: Buzz Lightyear\n|debug|Follow Me redirected target of move\n|debug|compoundeyes - enhancing accuracy\n|-immune|p2a: Buzz Lightyear|[from] ability: Vital Spirit\n|debug|set status [slp] interrupted\n|debug|move failed because it did nothing\n|move|p2b: K.Dot|Psychic|p1a: Apollo\n|-supereffective|p1a: Apollo\n|-damage|p1a: Apollo|0 fnt\n|faint|p1a: Apollo\n|debug|damage event failed\n|\n|upkeep\n|turn|15\n|\n|t:|1756608831\n|move|p2a: Buzz Lightyear|Follow Me|p2a: Buzz Lightyear\n|-singleturn|p2a: Buzz Lightyear|move: Follow Me\n|move|p1b: Purple Haze|Hurricane|p2a: Buzz Lightyear\n|debug|Follow Me redirected target of move\n|debug|compoundeyes - enhancing accuracy\n|-resisted|p2a: Buzz Lightyear\n|-damage|p2a: Buzz Lightyear|253/334\n|move|p2b: K.Dot|Psychic|p1b: Purple Haze\n|-damage|p1b: Purple Haze|65/262\n|-unboost|p1b: Purple Haze|spd|1\n|debug|damage event failed\n|\n|upkeep\n|turn|16\n|\n|t:|1756608846\n|move|p2a: Buzz Lightyear|Follow Me|p2a: Buzz Lightyear\n|-singleturn|p2a: Buzz Lightyear|move: Follow Me\n|move|p1b: Purple Haze|Hurricane|p2a: Buzz Lightyear\n|debug|Follow Me redirected target of move\n|debug|compoundeyes - enhancing accuracy\n|-resisted|p2a: Buzz Lightyear\n|-damage|p2a: Buzz Lightyear|174/334\n|-start|p2a: Buzz Lightyear|confusion\n|move|p2b: K.Dot|Psychic|p1b: Purple Haze\n|-damage|p1b: Purple Haze|0 fnt\n|faint|p1b: Purple Haze\n|debug|damage event failed\n|\n|win|je64\n","uploadtime":1756608857,"views":"16","formatid":"gen9doublescustomgame","rating":null,"private":0,"password":null}