{"id":"gen9doublescustomgame-2331069284","format":"[Gen 9] Doubles Custom Game","players":["mistermoscow","mattmandaman"],"log":"|j|☆mistermoscow\n|j|☆mattmandaman\n|t:|1743309824\n|gametype|doubles\n|player|p1|mistermoscow|alder|\n|player|p2|mattmandaman|giovanni|\n|teamsize|p1|6\n|teamsize|p2|6\n|gen|9\n|tier|[Gen 9] Doubles Custom Game\n|clearpoke\n|poke|p1|Nidoking, M|\n|poke|p1|Machoke, M|\n|poke|p1|Dewgong, M|\n|poke|p1|Exeggutor, M|\n|poke|p1|Mr. Mime, M|\n|poke|p1|Flareon, F|\n|poke|p2|Gengar, M|\n|poke|p2|Starmie|\n|poke|p2|Chansey, F|\n|poke|p2|Nidoking, M|\n|poke|p2|Snorlax, M|\n|poke|p2|Pinsir, M|\n|teampreview\n|\n|t:|1743309896\n|start\n|switch|p1a: Dewey|Dewgong, M|384/384\n|switch|p1b: Randy|Machoke, M|302/302\n|switch|p2a: Gengar|Gengar, M|262/262\n|switch|p2b: Starmie|Starmie|262/262\n|turn|1\n|\n|t:|1743309920\n|switch|p2b: Pinsir|Pinsir, M|334/334\n|move|p1b: Randy|Protect|p1b: Randy\n|-singleturn|p1b: Randy|Protect\n|move|p2a: Gengar|Psychic|p1b: Randy\n|-activate|p1b: Randy|move: Protect\n|move|p1a: Dewey|Knock Off|p2b: Pinsir\n|-damage|p2b: Pinsir|242/334\n|-enditem|p2b: Pinsir|Assault Vest|[from] move: Knock Off|[of] p1a: Dewey\n|\n|upkeep\n|turn|2\n|\n|t:|1743309940\n|switch|p1b: Mimsy|Mr. Mime, M|221/221\n|move|p2a: Gengar|Psychic|p1b: Mimsy\n|-resisted|p1b: Mimsy\n|-damage|p1b: Mimsy|178/221\n|move|p2b: Pinsir|X-Scissor|p1b: Mimsy\n|-damage|p1b: Mimsy|30/221\n|move|p1a: Dewey|Triple Axel|p2a: Gengar\n|-damage|p2a: Gengar|223/262\n|-damage|p2a: Gengar|141/262\n|-damage|p2a: Gengar|17/262\n|-start|p1a: Dewey|Disable|Triple Axel|[from] ability: Cursed Body|[of] p2a: Gengar\n|-hitcount|p2a: Gengar|3\n|\n|upkeep\n|turn|3\n|\n|t:|1743309987\n|switch|p1b: King Nido|Nidoking, M|303/303\n|move|p2a: Gengar|Will-O-Wisp|p1a: Dewey\n|-status|p1a: Dewey|brn\n|move|p2b: Pinsir|Knock Off|p1b: King Nido\n|-damage|p1b: King Nido|142/303\n|-enditem|p1b: King Nido|Choice Scarf|[from] move: Knock Off|[of] p2b: Pinsir\n|move|p1a: Dewey|Flip Turn|p2a: Gengar\n|-damage|p2a: Gengar|0 fnt\n|faint|p2a: Gengar\n|\n|t:|1743310009\n|switch|p1a: Fluffy|Flareon, F|272/272|[from] Flip Turn\n|\n|-status|p1a: Fluffy|tox|[from] item: Toxic Orb\n|upkeep\n|\n|t:|1743310033\n|switch|p2a: Starmie|Starmie|262/262\n|turn|4\n|\n|t:|1743310056\n|switch|p1b: Eggman|Exeggutor, M|394/394\n|move|p2a: Starmie|Icy Wind|p1b: Eggman|[spread] p1a,p1b\n|debug|Spread modifier: 0.75\n|-resisted|p1a: Fluffy\n|debug|Spread modifier: 0.75\n|-supereffective|p1b: Eggman\n|-damage|p1a: Fluffy|245/272 tox\n|-damage|p1b: Eggman|226/394\n|-unboost|p1a: Fluffy|spe|1\n|-unboost|p1b: Eggman|spe|1\n|move|p2b: Pinsir|Earthquake|p1a: Fluffy|[spread] p2a,p1a,p1b\n|debug|Spread modifier: 0.75\n|debug|Spread modifier: 0.75\n|-supereffective|p1a: Fluffy\n|-crit|p1a: Fluffy\n|debug|Spread modifier: 0.75\n|-resisted|p1b: Eggman\n|-crit|p1b: Eggman\n|-damage|p2a: Starmie|157/262\n|-damage|p1a: Fluffy|0 fnt\n|-damage|p1b: Eggman|150/394\n|-enditem|p1b: Eggman|Sitrus Berry|[eat]\n|-heal|p1b: Eggman|248/394|[from] item: Sitrus Berry\n|faint|p1a: Fluffy\n|-ability|p2b: Pinsir|Moxie|boost\n|-boost|p2b: Pinsir|atk|1\n|\n|-item|p1b: Eggman|Sitrus Berry|[from] ability: Harvest\n|upkeep\n|\n|t:|1743310077\n|switch|p1a: Dewey|Dewgong, M|384/384 brn\n|turn|5\n|\n|t:|1743310092\n|switch|p2a: Chansey|Chansey, F|704/704\n|move|p1a: Dewey|Fake Out|p2b: Pinsir\n|-damage|p2b: Pinsir|223/334\n|cant|p2b: Pinsir|flinch\n|move|p1b: Eggman|Giga Drain|p2a: Chansey\n|-damage|p2a: Chansey|625/704\n|-heal|p1b: Eggman|288/394|[from] drain|[of] p2a: Chansey\n|\n|-damage|p1a: Dewey|360/384 brn|[from] brn\n|upkeep\n|turn|6\n|\n|t:|1743310117\n|switch|p1a: Randy|Machoke, M|302/302\n|move|p1b: Eggman|Protect|p1b: Eggman\n|-singleturn|p1b: Eggman|Protect\n|move|p2b: Pinsir|X-Scissor|p1b: Eggman\n|-activate|p1b: Eggman|move: Protect\n|move|p2a: Chansey|Teleport|p2a: Chansey\n|\n|t:|1743310123\n|switch|p2a: Starmie|Starmie|157/262|[from] Teleport\n|\n|upkeep\n|turn|7\n|\n|t:|1743310138\n|switch|p1b: King Nido|Nidoking, M|142/303\n|move|p1a: Randy|Protect|p1a: Randy\n|-singleturn|p1a: Randy|Protect\n|move|p2a: Starmie|Expanding Force|p1a: Randy\n|-activate|p1a: Randy|move: Protect\n|move|p2b: Pinsir|X-Scissor|p1b: King Nido\n|-resisted|p1b: King Nido\n|-damage|p1b: King Nido|0 fnt\n|faint|p1b: King Nido\n|-ability|p2b: Pinsir|Moxie|boost\n|-boost|p2b: Pinsir|atk|1\n|\n|upkeep\n|\n|t:|1743310151\n|switch|p1b: Dewey|Dewgong, M|360/384 brn\n|turn|8\n|\n|t:|1743310179\n|switch|p2a: Chansey|Chansey, F|625/704\n|move|p1b: Dewey|Fake Out|p2a: Chansey\n|-damage|p2a: Chansey|598/704\n|move|p2b: Pinsir|Close Combat|p1a: Randy\n|-damage|p1a: Randy|109/302\n|-unboost|p2b: Pinsir|def|1\n|-unboost|p2b: Pinsir|spd|1\n|move|p1a: Randy|Fissure|p2b: Pinsir\n|-damage|p2b: Pinsir|0 fnt\n|faint|p2b: Pinsir\n|-ohko\n|\n|-heal|p1b: Dewey|384/384 brn|[from] item: Leftovers\n|-damage|p1b: Dewey|360/384 brn|[from] brn\n|upkeep\n|\n|t:|1743310195\n|switch|p2b: Nidoking|Nidoking, M|304/304\n|turn|9\n|\n|t:|1743310202\n|move|p1a: Randy|Protect|p1a: Randy\n|-singleturn|p1a: Randy|Protect\n|move|p2b: Nidoking|Earth Power|p1a: Randy\n|-activate|p1a: Randy|move: Protect\n|move|p1b: Dewey|Triple Axel|p2b: Nidoking|[miss]\n|-miss|p1b: Dewey|p2b: Nidoking\n|move|p2a: Chansey|Teleport|p2a: Chansey\n|\n|t:|1743310206\n|switch|p2a: Starmie|Starmie|157/262|[from] Teleport\n|\n|-heal|p1b: Dewey|384/384 brn|[from] item: Leftovers\n|-damage|p1b: Dewey|360/384 brn|[from] brn\n|upkeep\n|turn|10\n|\n|t:|1743310220\n|switch|p1a: Eggman|Exeggutor, M|288/394\n|move|p2b: Nidoking|Earth Power|p1a: Eggman\n|-resisted|p1a: Eggman\n|-damage|p1a: Eggman|178/394\n|-enditem|p1a: Eggman|Sitrus Berry|[eat]\n|-heal|p1a: Eggman|276/394|[from] item: Sitrus Berry\n|move|p2a: Starmie|Expanding Force|p1a: Eggman\n|-resisted|p1a: Eggman\n|-damage|p1a: Eggman|164/394\n|move|p1b: Dewey|Knock Off|p2a: Starmie\n|-supereffective|p2a: Starmie\n|-damage|p2a: Starmie|62/262\n|-enditem|p2a: Starmie|Choice Specs|[from] move: Knock Off|[of] p1b: Dewey\n|\n|-heal|p1b: Dewey|384/384 brn|[from] item: Leftovers\n|-damage|p1b: Dewey|360/384 brn|[from] brn\n|upkeep\n|turn|11\n|\n|t:|1743310239\n|switch|p2b: Snorlax|Snorlax, M|479/479\n|switch|p2a: Chansey|Chansey, F|598/704\n|move|p1a: Eggman|Protect|p1a: Eggman\n|-singleturn|p1a: Eggman|Protect\n|move|p1b: Dewey|Triple Axel|p2b: Snorlax\n|debug|Thick Fat weaken\n|-damage|p2b: Snorlax|471/479\n|debug|Thick Fat weaken\n|-damage|p2b: Snorlax|456/479\n|debug|Thick Fat weaken\n|-damage|p2b: Snorlax|432/479\n|-hitcount|p2b: Snorlax|3\n|\n|-heal|p1b: Dewey|384/384 brn|[from] item: Leftovers\n|-heal|p2b: Snorlax|461/479|[from] item: Leftovers\n|-damage|p1b: Dewey|360/384 brn|[from] brn\n|upkeep\n|turn|12\n|\n|t:|1743310290\n|move|p1b: Dewey|Knock Off|p2b: Snorlax\n|-damage|p2b: Snorlax|407/479\n|-enditem|p2b: Snorlax|Leftovers|[from] move: Knock Off|[of] p1b: Dewey\n|move|p1a: Eggman|Expanding Force|p2b: Snorlax\n|-damage|p2b: Snorlax|275/479\n|move|p2a: Chansey|Seismic Toss|p1b: Dewey\n|-damage|p1b: Dewey|260/384 brn\n|move|p2b: Snorlax|Rock Slide|p1b: Dewey|[spread] p1a,p1b\n|debug|Spread modifier: 0.75\n|debug|Spread modifier: 0.75\n|-supereffective|p1b: Dewey\n|-damage|p1a: Eggman|92/394\n|-damage|p1b: Dewey|98/384 brn\n|\n|-heal|p1b: Dewey|122/384 brn|[from] item: Leftovers\n|-damage|p1b: Dewey|98/384 brn|[from] brn\n|upkeep\n|turn|13\n|\n|t:|1743310321\n|move|p1a: Eggman|Protect|p1a: Eggman\n|-singleturn|p1a: Eggman|Protect\n|move|p1b: Dewey|Flip Turn|p2b: Snorlax\n|-damage|p2b: Snorlax|228/479\n|\n|t:|1743310334\n|switch|p1b: Mimsy|Mr. Mime, M|30/221|[from] Flip Turn\n|move|p2a: Chansey|Seismic Toss|p1a: Eggman\n|-activate|p1a: Eggman|move: Protect\n|move|p2b: Snorlax|Rock Slide|p1b: Mimsy|[spread] p1b\n|-activate|p1a: Eggman|move: Protect\n|debug|Spread modifier: 0.75\n|-damage|p1b: Mimsy|0 fnt\n|debug|move failed because it did nothing\n|faint|p1b: Mimsy\n|\n|-item|p1a: Eggman|Sitrus Berry|[from] ability: Harvest\n|upkeep\n|-enditem|p1a: Eggman|Sitrus Berry|[eat]\n|-heal|p1a: Eggman|190/394|[from] item: Sitrus Berry\n|\n|t:|1743310350\n|switch|p1b: Dewey|Dewgong, M|98/384 brn\n|turn|14\n|\n|t:|1743310356\n|move|p1b: Dewey|Fake Out|p2a: Chansey\n|-crit|p2a: Chansey\n|-damage|p2a: Chansey|562/704\n|move|p1a: Eggman|Psychic Terrain|p1a: Eggman\n|-fieldstart|move: Psychic Terrain\n|move|p2b: Snorlax|Rock Slide|p1a: Eggman|[spread] p1a,p1b\n|debug|Spread modifier: 0.75\n|debug|Spread modifier: 0.75\n|-supereffective|p1b: Dewey\n|-damage|p1a: Eggman|108/394\n|-damage|p1b: Dewey|0 fnt\n|faint|p1b: Dewey\n|cant|p2a: Chansey|flinch\n|\n|upkeep\n|\n|t:|1743310365\n|switch|p1b: Randy|Machoke, M|109/302\n|turn|15\n|\n|t:|1743310379\n|move|p1a: Eggman|Expanding Force|p2b: Snorlax|[spread] p2a,p2b\n|debug|psychic terrain boost\n|debug|terrain buff\n|debug|Spread modifier: 0.75\n|debug|psychic terrain boost\n|debug|terrain buff\n|debug|Spread modifier: 0.75\n|-damage|p2a: Chansey|439/704\n|-damage|p2b: Snorlax|33/479\n|move|p2a: Chansey|Seismic Toss|p1a: Eggman\n|-damage|p1a: Eggman|8/394\n|move|p1b: Randy|Fissure|p2a: Chansey\n|-damage|p2a: Chansey|0 fnt\n|faint|p2a: Chansey\n|-ohko\n|move|p2b: Snorlax|Body Slam|p1b: Randy\n|-damage|p1b: Randy|18/302\n|-status|p1b: Randy|par\n|\n|upkeep\n|\n|t:|1743310383\n|switch|p2a: Nidoking|Nidoking, M|304/304\n|turn|16\n|\n|t:|1743310399\n|move|p2a: Nidoking|Sludge Wave|p1b: Randy|[spread] p2b,p1a,p1b\n|debug|Spread modifier: 0.75\n|debug|Spread modifier: 0.75\n|-supereffective|p1a: Eggman\n|debug|Spread modifier: 0.75\n|-damage|p2b: Snorlax|0 fnt\n|-damage|p1a: Eggman|0 fnt\n|-damage|p1b: Randy|0 fnt\n|faint|p2b: Snorlax\n|faint|p1a: Eggman\n|faint|p1b: Randy\n|\n|win|mattmandaman\n|c|☆mistermoscow|boo\n|c|☆mattmandaman|yay\n|c|☆mistermoscow|I knew I should have just gone to bed\n|c|☆mattmandaman|had to gamble your emotions\n|c|☆mistermoscow|yup, gonna find somethingh to take my frustration out on then go to bed\n|c|☆mattmandaman|fair enough\n|c|☆mattmandaman|we should have some unofficials, idk if your tired of our rosters\n|c|☆mattmandaman|i kind of am a wee bit\n|c|☆mistermoscow|hmm perhaps, thats fair ll\n|c|☆mistermoscow|lol\n|c|☆mistermoscow|but im gonna hop off now, talk to ya later dude\n|c|☆mattmandaman|sounds good dude pce\n|l|☆mistermoscow\n|player|p1|\n","uploadtime":1743310416,"views":"15","formatid":"gen9doublescustomgame","rating":null,"private":0,"password":null}