{"id":"gen9doublescustomgame-2195488578","format":"[Gen 9] Doubles Custom Game","players":["Mango Meloetta","Mattmandaman"],"log":"|j|☆Mango Meloetta\n|j|☆Mattmandaman\n|t:|1725584150\n|gametype|doubles\n|player|p1|Mango Meloetta|li|\n|player|p2|Mattmandaman|giovanni|\n|teamsize|p1|6\n|teamsize|p2|6\n|gen|9\n|tier|[Gen 9] Doubles Custom Game\n|clearpoke\n|poke|p1|Porygon2|\n|poke|p1|Zygarde|\n|poke|p1|Chien-Pao|\n|poke|p1|Genesect|\n|poke|p1|Gengar, F|\n|poke|p1|Dragonite, M|\n|poke|p2|Venusaur, F|\n|poke|p2|Grimmsnarl, M|\n|poke|p2|Volcanion|\n|poke|p2|Marshadow|\n|poke|p2|Diancie|\n|poke|p2|Latias, F|\n|teampreview\n|\n|t:|1725584177\n|start\n|switch|p1a: Zygarde|Zygarde|420/420\n|switch|p1b: Chien-Pao|Chien-Pao|301/301\n|switch|p2a: Diancie|Diancie|304/304\n|switch|p2b: Grimmsnail|Grimmsnarl, M|394/394\n|-ability|p1b: Chien-Pao|Sword of Ruin\n|-ability|p1a: Zygarde|Aura Break\n|turn|1\n|j| mistermoscow\n|\n|t:|1725584230\n|move|p2b: Grimmsnail|Reflect|p2b: Grimmsnail\n|-sidestart|p2: Mattmandaman|Reflect\n|move|p1b: Chien-Pao|Sacred Sword|p2b: Grimmsnail\n|debug|Negating (sp)def boost/penalty.\n|debug|Sword of Ruin Def drop\n|debug|Reflect weaken\n|-damage|p2b: Grimmsnail|247/394\n|-damage|p1b: Chien-Pao|271/301|[from] item: Life Orb\n|move|p1a: Zygarde|Thousand Waves|p2b: Grimmsnail|[spread] p2a,p2b\n|debug|Sword of Ruin Def drop\n|debug|Spread modifier: 0.75\n|-supereffective|p2a: Diancie\n|debug|Reflect weaken\n|debug|Sword of Ruin Def drop\n|debug|Spread modifier: 0.75\n|debug|Reflect weaken\n|-damage|p2a: Diancie|112/304\n|-damage|p2b: Grimmsnail|42/394\n|-activate|p2a: Diancie|trapped\n|-activate|p2b: Grimmsnail|trapped\n|-enditem|p2a: Diancie|Weakness Policy\n|-boost|p2a: Diancie|atk|2|[from] item: Weakness Policy\n|-boost|p2a: Diancie|spa|2|[from] item: Weakness Policy\n|move|p2a: Diancie|Diamond Storm|p1b: Chien-Pao|[spread] p1a,p1b\n|debug|Sword of Ruin Def drop\n|debug|Spread modifier: 0.75\n|-resisted|p1a: Zygarde\n|debug|Spread modifier: 0.75\n|-supereffective|p1b: Chien-Pao\n|-damage|p1a: Zygarde|276/420\n|-damage|p1b: Chien-Pao|0 fnt\n|-boost|p2a: Diancie|def|2\n|faint|p1b: Chien-Pao\n|\n|upkeep\n|\n|t:|1725584254\n|switch|p1b: Gengar|Gengar, F|261/261\n|turn|2\n|\n|t:|1725584269\n|switch|p1a: Genesect|Genesect|283/283\n|-ability|p1a: Genesect|Download|boost\n|-boost|p1a: Genesect|spa|1\n|detailschange|p1b: Gengar|Gengar-Mega, F\n|-mega|p1b: Gengar|Gengar|Gengarite\n|move|p2b: Grimmsnail|Light Screen|p2b: Grimmsnail\n|-sidestart|p2: Mattmandaman|move: Light Screen\n|move|p1b: Gengar|Sludge Wave|p2b: Grimmsnail|[spread] p2a,p2b\n|-immune|p1a: Genesect\n|debug|Spread modifier: 0.75\n|debug|Light Screen weaken\n|debug|Spread modifier: 0.75\n|-supereffective|p2b: Grimmsnail\n|debug|Light Screen weaken\n|-damage|p2a: Diancie|42/304\n|-damage|p2b: Grimmsnail|0 fnt\n|faint|p2b: Grimmsnail\n|move|p2a: Diancie|Diamond Storm|p1b: Gengar|[spread] p1a,p1b\n|debug|Spread modifier: 0.75\n|debug|Spread modifier: 0.75\n|-damage|p1a: Genesect|0 fnt\n|-damage|p1b: Gengar|0 fnt\n|faint|p1a: Genesect\n|faint|p1b: Gengar\n|\n|upkeep\n|\n|t:|1725584290\n|switch|p1b: Porygon2|Porygon2|374/374\n|switch|p1a: Zygarde|Zygarde|276/420\n|switch|p2b: Latias|Latias, F|364/364\n|-ability|p1a: Zygarde|Aura Break\n|-ability|p1b: Porygon2|Levitate|[from] ability: Trace|[of] p2b: Latias\n|turn|3\n|\n|t:|1725584302\n|move|p2b: Latias|Tailwind|p2b: Latias\n|-sidestart|p2: Mattmandaman|move: Tailwind\n|move|p2a: Diancie|Diamond Storm|p1a: Zygarde|[spread] p1a,p1b\n|debug|Spread modifier: 0.75\n|-resisted|p1a: Zygarde\n|debug|Spread modifier: 0.75\n|-crit|p1b: Porygon2\n|-damage|p1a: Zygarde|171/420\n|-damage|p1b: Porygon2|71/374\n|-enditem|p1b: Porygon2|Aguav Berry|[eat]\n|-heal|p1b: Porygon2|195/374|[from] item: Aguav Berry\n|move|p1a: Zygarde|Brick Break|p2a: Diancie\n|-sideend|p2: Mattmandaman|Reflect\n|-sideend|p2: Mattmandaman|move: Light Screen\n|-damage|p2a: Diancie|0 fnt\n|faint|p2a: Diancie\n|move|p1b: Porygon2|Toxic|p2b: Latias\n|-status|p2b: Latias|tox\n|\n|-damage|p2b: Latias|342/364 tox|[from] psn\n|upkeep\n|\n|t:|1725584322\n|switch|p2a: Venusour|Venusaur, F|364/364\n|turn|4\n|\n|t:|1725584336\n|switch|p1a: Dragonite|Dragonite, M|386/386\n|detailschange|p2a: Venusour|Venusaur-Mega, F\n|-mega|p2a: Venusour|Venusaur|Venusaurite\n|move|p2b: Latias|Mist Ball|p1b: Porygon2\n|-damage|p1b: Porygon2|93/374\n|move|p2a: Venusour|Giga Drain|p1a: Dragonite\n|-resisted|p1a: Dragonite\n|debug|Multiscale weaken\n|-damage|p1a: Dragonite|372/386\n|move|p1b: Porygon2|Thunder Wave|p2a: Venusour|[miss]\n|-miss|p1b: Porygon2|p2a: Venusour\n|\n|-heal|p2b: Latias|364/364 tox|[from] item: Leftovers\n|-heal|p1a: Dragonite|386/386|[from] item: Leftovers\n|-damage|p2b: Latias|320/364 tox|[from] psn\n|upkeep\n|turn|5\n|\n|t:|1725584362\n|move|p2b: Latias|Thunder Wave|p1a: Dragonite\n|-status|p1a: Dragonite|par\n|move|p2a: Venusour|Sludge Bomb|p1b: Porygon2\n|-damage|p1b: Porygon2|0 fnt\n|faint|p1b: Porygon2\n|move|p1a: Dragonite|Tailwind|p1a: Dragonite\n|-sidestart|p1: Mango Meloetta|move: Tailwind\n|\n|-heal|p2b: Latias|342/364 tox|[from] item: Leftovers\n|-damage|p2b: Latias|276/364 tox|[from] psn\n|upkeep\n|\n|t:|1725584367\n|switch|p1b: Zygarde|Zygarde|171/420\n|-ability|p1b: Zygarde|Aura Break\n|turn|6\n|\n|t:|1725584382\n|-terastallize|p1b: Zygarde|Normal\n|move|p2b: Latias|Mist Ball|p1a: Dragonite\n|debug|Multiscale weaken\n|-damage|p1a: Dragonite|340/386 par\n|-unboost|p1a: Dragonite|spa|1\n|move|p1b: Zygarde|Frustration|p2a: Venusour\n|-damage|p2a: Venusour|166/364\n|move|p2a: Venusour|Giga Drain|p1b: Zygarde\n|-damage|p1b: Zygarde|27/420\n|-heal|p2a: Venusour|238/364|[from] drain|[of] p1b: Zygarde\n|move|p1a: Dragonite|Draco Meteor|p2a: Venusour\n|-damage|p2a: Venusour|145/364\n|-unboost|p1a: Dragonite|spa|2\n|\n|-heal|p2b: Latias|298/364 tox|[from] item: Leftovers\n|-heal|p1a: Dragonite|364/386 par|[from] item: Leftovers\n|-damage|p2b: Latias|210/364 tox|[from] psn\n|-sideend|p2: Mattmandaman|move: Tailwind\n|upkeep\n|turn|7\n|\n|t:|1725584410\n|move|p1b: Zygarde|Frustration|p2a: Venusour\n|-damage|p2a: Venusour|0 fnt\n|faint|p2a: Venusour\n|move|p2b: Latias|Tailwind|p2b: Latias\n|-sidestart|p2: Mattmandaman|move: Tailwind\n|move|p1a: Dragonite|Haze|p1a: Dragonite\n|-clearallboost\n|\n|-heal|p2b: Latias|232/364 tox|[from] item: Leftovers\n|-heal|p1a: Dragonite|386/386 par|[from] item: Leftovers\n|-damage|p2b: Latias|122/364 tox|[from] psn\n|upkeep\n|\n|t:|1725584431\n|switch|p2a: Volcanion|Volcanion|364/364\n|turn|8\n|\n|t:|1725584447\n|move|p2b: Latias|Mist Ball|p1a: Dragonite\n|debug|Multiscale weaken\n|-damage|p1a: Dragonite|341/386 par\n|-unboost|p1a: Dragonite|spa|1\n|move|p1b: Zygarde|Frustration|p2a: Volcanion\n|-damage|p2a: Volcanion|169/364\n|move|p2a: Volcanion|Heat Wave|p1a: Dragonite|[spread] p1a,p1b\n|debug|Spread modifier: 0.75\n|-resisted|p1a: Dragonite\n|debug|Spread modifier: 0.75\n|-damage|p1a: Dragonite|291/386 par\n|-damage|p1b: Zygarde|0 fnt\n|faint|p1b: Zygarde\n|move|p1a: Dragonite|Reflect|p1a: Dragonite\n|-sidestart|p1: Mango Meloetta|Reflect\n|\n|-heal|p2b: Latias|144/364 tox|[from] item: Leftovers\n|-heal|p1a: Dragonite|315/386 par|[from] item: Leftovers\n|-damage|p2b: Latias|12/364 tox|[from] psn\n|-sideend|p1: Mango Meloetta|move: Tailwind\n|upkeep\n|turn|9\n|\n|t:|1725584467\n|move|p2b: Latias|Heal Pulse|p2a: Volcanion\n|-heal|p2a: Volcanion|351/364\n|move|p2a: Volcanion|Steam Eruption|p1a: Dragonite\n|-resisted|p1a: Dragonite\n|-damage|p1a: Dragonite|228/386 par\n|debug|move failed because it did nothing\n|move|p1a: Dragonite|Draco Meteor|p2a: Volcanion\n|-damage|p2a: Volcanion|243/364\n|-unboost|p1a: Dragonite|spa|2\n|\n|-heal|p2b: Latias|34/364 tox|[from] item: Leftovers\n|-heal|p1a: Dragonite|252/386 par|[from] item: Leftovers\n|-damage|p2b: Latias|0 fnt|[from] psn\n|faint|p2b: Latias\n|upkeep\n|\n|t:|1725584476\n|switch|p2b: Marshadow|Marshadow|384/384\n|turn|10\n|\n|t:|1725584484\n|-terastallize|p2b: Marshadow|Ghost\n|move|p2b: Marshadow|Spectral Thief|p1a: Dragonite\n|debug|Base Power: 90\n|debug|Reflect weaken\n|-damage|p1a: Dragonite|112/386 par\n|move|p2a: Volcanion|Steam Eruption|p1a: Dragonite|[miss]\n|-miss|p2a: Volcanion|p1a: Dragonite\n|move|p1a: Dragonite|Haze|p1a: Dragonite\n|-clearallboost\n|\n|-heal|p1a: Dragonite|136/386 par|[from] item: Leftovers\n|-sideend|p2: Mattmandaman|move: Tailwind\n|upkeep\n|turn|11\n|\n|t:|1725584506\n|move|p2b: Marshadow|Spectral Thief|p1a: Dragonite\n|debug|Base Power: 90\n|-crit|p1a: Dragonite\n|-damage|p1a: Dragonite|0 fnt\n|faint|p1a: Dragonite\n|\n|win|Mattmandaman\n|c|☆Mango Meloetta|gg\n|l|☆Mango Meloetta\n|player|p1|\n|c|☆Mattmandaman|gg\n","uploadtime":1725584520,"views":"38","formatid":"gen9doublescustomgame","rating":null,"private":0,"password":null}