{"id":"gen9doublescustomgame-2612881760","format":"[Gen 9] Doubles Custom Game","players":["noli_cannoli10","Smokeydabearrr"],"log":"|j|☆noli_cannoli10\n|j|☆Smokeydabearrr\n|t:|1779155422\n|gametype|doubles\n|player|p1|noli_cannoli10|2|\n|player|p2|Smokeydabearrr|102|\n|gen|9\n|tier|[Gen 9] Doubles Custom Game\n|clearpoke\n|poke|p1|Floette-Eternal, F|\n|poke|p1|Whimsicott|\n|poke|p1|Tyranitar|\n|poke|p1|Dragapult|\n|poke|p1|Melmetal|\n|poke|p1|Mew|\n|poke|p2|Blastoise|\n|poke|p2|Gengar|\n|poke|p2|Pelipper|\n|poke|p2|Garganacl|\n|poke|p2|Incineroar|\n|poke|p2|Gholdengo|\n|teampreview\n|j| mistermoscow\n|j| je64\n|c|☆noli_cannoli10|welp this should be fun\n|j| Jamochi\n|\n|t:|1779155466\n|teamsize|p1|6\n|teamsize|p2|6\n|start\n|switch|p1a: Mew|Mew|341/341\n|switch|p1b: Dragapult|Dragapult|317/317\n|switch|p2a: Pelipper|Pelipper|261/261\n|switch|p2b: Incineroar|Incineroar|382/382\n|-weather|RainDance|[from] ability: Drizzle|[of] p2a: Pelipper\n|-ability|p2b: Incineroar|Intimidate|boost\n|-unboost|p1a: Mew|atk|1\n|-unboost|p1b: Dragapult|atk|1\n|turn|1\n|\n|t:|1779155490\n|move|p2b: Incineroar|Fake Out|p1a: Mew\n|-damage|p1a: Mew|298/341\n|move|p1b: Dragapult|Thunder Wave|p2a: Pelipper|[miss]\n|-miss|p1b: Dragapult|p2a: Pelipper\n|cant|p1a: Mew|flinch\n|move|p2a: Pelipper|Tailwind|p2a: Pelipper\n|-sidestart|p2: Smokeydabearrr|move: Tailwind\n|\n|-weather|RainDance|[upkeep]\n|upkeep\n|turn|2\n|\n|t:|1779155523\n|move|p2a: Pelipper|Icy Wind|p1b: Dragapult|[spread] p1a,p1b\n|debug|Spread modifier: 0.75\n|debug|Spread modifier: 0.75\n|-supereffective|p1b: Dragapult\n|-damage|p1a: Mew|261/341\n|-damage|p1b: Dragapult|213/317\n|-unboost|p1a: Mew|spe|1\n|-unboost|p1b: Dragapult|spe|1\n|move|p2b: Incineroar|Knock Off|p1a: Mew\n|-supereffective|p1a: Mew\n|-damage|p1a: Mew|3/341\n|-enditem|p1a: Mew|Expert Belt|[from] move: Knock Off|[of] p2b: Incineroar\n|move|p1b: Dragapult|Thunder Wave|p2a: Pelipper\n|-status|p2a: Pelipper|par\n|move|p1a: Mew|Draining Kiss|p2b: Incineroar\n|-damage|p2b: Incineroar|339/382\n|-heal|p1a: Mew|35/341|[from] drain|[of] p2b: Incineroar\n|\n|-weather|RainDance|[upkeep]\n|upkeep\n|turn|3\n|\n|t:|1779155559\n|switch|p1a: Tyranitar|Tyranitar|341/341\n|-ability|p1a: Tyranitar|Unnerve\n|move|p2b: Incineroar|Parting Shot|p1b: Dragapult\n|-unboost|p1b: Dragapult|atk|1\n|-unboost|p1b: Dragapult|spa|1\n|\n|t:|1779155579\n|switch|p2b: Blastoise|Blastoise|362/362|[from] Parting Shot\n|move|p1b: Dragapult|Hex|p2a: Pelipper\n|debug|BP doubled from status condition\n|-damage|p2a: Pelipper|86/261 par\n|move|p2a: Pelipper|Icy Wind|p1b: Dragapult|[spread] p1a,p1b\n|debug|Spread modifier: 0.75\n|debug|Spread modifier: 0.75\n|-supereffective|p1b: Dragapult\n|-damage|p1a: Tyranitar|314/341\n|-damage|p1b: Dragapult|107/317\n|-unboost|p1a: Tyranitar|spe|1\n|-unboost|p1b: Dragapult|spe|1\n|\n|-weather|RainDance|[upkeep]\n|upkeep\n|turn|4\n|\n|t:|1779155618\n|switch|p2a: Incineroar|Incineroar|339/382\n|-ability|p2a: Incineroar|Intimidate|boost\n|-unboost|p1a: Tyranitar|atk|1\n|-unboost|p1b: Dragapult|atk|1\n|move|p2b: Blastoise|Fake Out|p1a: Tyranitar\n|-resisted|p1a: Tyranitar\n|-damage|p1a: Tyranitar|304/341\n|move|p1b: Dragapult|Hex|p2a: Incineroar\n|-resisted|p2a: Incineroar\n|-damage|p2a: Incineroar|312/382\n|cant|p1a: Tyranitar|flinch\n|\n|-weather|RainDance|[upkeep]\n|-sideend|p2: Smokeydabearrr|move: Tailwind\n|upkeep\n|turn|5\n|\n|t:|1779155669\n|move|p2a: Incineroar|Fake Out|p1a: Tyranitar\n|-resisted|p1a: Tyranitar\n|-damage|p1a: Tyranitar|285/341\n|move|p1b: Dragapult|Draco Meteor|p2a: Incineroar\n|-damage|p2a: Incineroar|195/382\n|-unboost|p1b: Dragapult|spa|2\n|move|p2b: Blastoise|Water Spout|p1b: Dragapult|[spread] p1a,p1b\n|debug|BP: 150\n|debug|Spread modifier: 0.75\n|debug|rain water boost\n|-supereffective|p1a: Tyranitar\n|debug|BP: 150\n|debug|Spread modifier: 0.75\n|debug|rain water boost\n|-resisted|p1b: Dragapult\n|-damage|p1a: Tyranitar|51/341\n|-damage|p1b: Dragapult|0 fnt\n|faint|p1b: Dragapult\n|cant|p1a: Tyranitar|flinch\n|\n|-weather|RainDance|[upkeep]\n|upkeep\n|\n|t:|1779155687\n|switch|p1b: Mew|Mew|35/341\n|turn|6\n|\n|t:|1779155732\n|switch|p2a: Garganacl|Garganacl|404/404\n|move|p1b: Mew|Tailwind|p1b: Mew\n|-sidestart|p1: noli_cannoli10|move: Tailwind\n|move|p1a: Tyranitar|Rock Slide|p2b: Blastoise|[spread] p2a,p2b\n|debug|Spread modifier: 0.75\n|debug|Spread modifier: 0.75\n|-damage|p2a: Garganacl|353/404\n|-damage|p2b: Blastoise|299/362\n|cant|p2b: Blastoise|flinch\n|\n|-weather|RainDance|[upkeep]\n|-heal|p2b: Blastoise|321/362|[from] ability: Rain Dish\n|-heal|p2b: Blastoise|343/362|[from] item: Leftovers\n|upkeep\n|turn|7\n|\n|t:|1779155776\n|switch|p1b: Melmetal|Melmetal|474/474\n|switch|p1a: Floette|Floette-Eternal, F|289/289\n|move|p2a: Garganacl|Wide Guard|p2a: Garganacl\n|-singleturn|p2a: Garganacl|Wide Guard\n|move|p2b: Blastoise|Water Spout|p1a: Floette|[spread] p1a,p1b\n|debug|BP: 142.12707182320443\n|debug|Spread modifier: 0.75\n|debug|rain water boost\n|debug|BP: 142.12707182320443\n|debug|Spread modifier: 0.75\n|debug|rain water boost\n|-damage|p1a: Floette|151/289\n|-damage|p1b: Melmetal|236/474\n|\n|-weather|RainDance|[upkeep]\n|-heal|p2b: Blastoise|362/362|[from] ability: Rain Dish\n|upkeep\n|turn|8\n|\n|t:|1779155806\n|move|p1a: Floette|Dazzling Gleam|p2a: Garganacl|[spread] p2a,p2b\n|debug|Spread modifier: 0.75\n|debug|Spread modifier: 0.75\n|-damage|p2a: Garganacl|266/404\n|-damage|p2b: Blastoise|281/362\n|move|p1b: Melmetal|Double Iron Bash|p2a: Garganacl\n|debug|Iron Fist boost\n|-supereffective|p2a: Garganacl\n|-damage|p2a: Garganacl|92/404\n|-enditem|p2a: Garganacl|Sitrus Berry|[eat]\n|-heal|p2a: Garganacl|193/404|[from] item: Sitrus Berry\n|debug|Iron Fist boost\n|-supereffective|p2a: Garganacl\n|-damage|p2a: Garganacl|11/404\n|-hitcount|p2a: Garganacl|2\n|move|p2b: Blastoise|Water Spout|p1b: Melmetal|[spread] p1a,p1b\n|debug|BP: 116.43646408839778\n|debug|Spread modifier: 0.75\n|debug|rain water boost\n|debug|BP: 116.43646408839778\n|debug|Spread modifier: 0.75\n|debug|rain water boost\n|-damage|p1a: Floette|37/289\n|-damage|p1b: Melmetal|59/474\n|cant|p2a: Garganacl|flinch\n|\n|-weather|none\n|-heal|p2b: Blastoise|303/362|[from] item: Leftovers\n|upkeep\n|turn|9\n|\n|t:|1779155841\n|switch|p2a: Pelipper|Pelipper|86/261 par\n|-weather|RainDance|[from] ability: Drizzle|[of] p2a: Pelipper\n|detailschange|p1a: Floette|Floette-Mega, F\n|-mega|p1a: Floette|Floette|Floettite\n|-ability|p1a: Floette|Fairy Aura\n|move|p1a: Floette|Dazzling Gleam|p2a: Pelipper|[spread] p2a,p2b\n|debug|Spread modifier: 0.75\n|debug|Spread modifier: 0.75\n|-damage|p2a: Pelipper|0 fnt\n|-damage|p2b: Blastoise|171/362\n|faint|p2a: Pelipper\n|move|p1b: Melmetal|Double Iron Bash|p2b: Blastoise\n|debug|Iron Fist boost\n|-resisted|p2b: Blastoise\n|-damage|p2b: Blastoise|117/362\n|debug|Iron Fist boost\n|-resisted|p2b: Blastoise\n|-damage|p2b: Blastoise|65/362\n|-hitcount|p2b: Blastoise|2\n|move|p2b: Blastoise|Water Spout|p1a: Floette|[spread] p1a,p1b\n|debug|BP: 26.933701657458563\n|debug|Spread modifier: 0.75\n|debug|rain water boost\n|debug|BP: 26.933701657458563\n|debug|Spread modifier: 0.75\n|debug|rain water boost\n|-damage|p1a: Floette|16/289\n|-damage|p1b: Melmetal|13/474\n|\n|-weather|RainDance|[upkeep]\n|-heal|p2b: Blastoise|87/362|[from] ability: Rain Dish\n|-heal|p2b: Blastoise|109/362|[from] item: Leftovers\n|-sideend|p1: noli_cannoli10|move: Tailwind\n|upkeep\n|c|☆noli_cannoli10|ugh forgot to mega first time\n|\n|t:|1779155880\n|switch|p2a: Gengar|Gengar|262/262\n|turn|10\n|\n|t:|1779155914\n|move|p2b: Blastoise|Protect|p2b: Blastoise\n|-singleturn|p2b: Blastoise|Protect\n|move|p2a: Gengar|Sludge Wave|p1a: Floette|[spread] p1a\n|-activate|p2b: Blastoise|move: Protect\n|-immune|p1b: Melmetal\n|debug|Spread modifier: 0.75\n|-supereffective|p1a: Floette\n|-damage|p1a: Floette|0 fnt\n|faint|p1a: Floette\n|detailschange|p1: Floette|Floette-Eternal, F|[silent]\n|move|p1b: Melmetal|Double Iron Bash|p2a: Gengar\n|debug|Iron Fist boost\n|-damage|p2a: Gengar|91/262\n|debug|Iron Fist boost\n|-damage|p2a: Gengar|0 fnt\n|faint|p2a: Gengar\n|-hitcount|p2: Gengar|2\n|\n|-weather|RainDance|[upkeep]\n|-heal|p2b: Blastoise|131/362|[from] ability: Rain Dish\n|-heal|p2b: Blastoise|153/362|[from] item: Leftovers\n|upkeep\n|\n|t:|1779155933\n|switch|p2a: Incineroar|Incineroar|195/382\n|switch|p1a: Whimsicott|Whimsicott|324/324\n|-ability|p2a: Incineroar|Intimidate|boost\n|-unboost|p1a: Whimsicott|atk|1\n|-unboost|p1b: Melmetal|atk|1\n|turn|11\n|c| je64|No mega?\n|\n|t:|1779155950\n|move|p2a: Incineroar|Fake Out|p1b: Melmetal\n|-resisted|p1b: Melmetal\n|-damage|p1b: Melmetal|1/474\n|move|p1a: Whimsicott|Encore|p2b: Blastoise\n|-start|p2b: Blastoise|Encore\n|move|p2b: Blastoise|Protect||[still]\n|debug|Success chance: 33%\n|-fail|p2b: Blastoise\n|cant|p1b: Melmetal|flinch\n|\n|-weather|RainDance|[upkeep]\n|-heal|p2b: Blastoise|175/362|[from] ability: Rain Dish\n|-heal|p2b: Blastoise|197/362|[from] item: Leftovers\n|upkeep\n|turn|12\n|c| mistermoscow|this is a wild match\n|\n|t:|1779155982\n|switch|p2a: Gholdengo|Gholdengo|316/316\n|move|p2b: Blastoise|Protect|p2b: Blastoise\n|-singleturn|p2b: Blastoise|Protect\n|move|p1a: Whimsicott|Tailwind|p1a: Whimsicott\n|-sidestart|p1: noli_cannoli10|move: Tailwind\n|move|p1b: Melmetal|Superpower|p2a: Gholdengo\n|-immune|p2a: Gholdengo\n|\n|-weather|RainDance|[upkeep]\n|-heal|p2b: Blastoise|219/362|[from] ability: Rain Dish\n|-heal|p2b: Blastoise|241/362|[from] item: Leftovers\n|upkeep\n|turn|13\n|c| je64|yeah it is\n|\n|t:|1779156011\n|switch|p2b: Incineroar|Incineroar|195/382\n|-ability|p2b: Incineroar|Intimidate|boost\n|-unboost|p1a: Whimsicott|atk|1\n|-unboost|p1b: Melmetal|atk|1\n|move|p1a: Whimsicott|Light Screen|p1a: Whimsicott\n|-sidestart|p1: noli_cannoli10|move: Light Screen\n|move|p2a: Gholdengo|Make It Rain|p1a: Whimsicott|[spread] p1a,p1b\n|debug|Spread modifier: 0.75\n|-supereffective|p1a: Whimsicott\n|debug|Light Screen weaken\n|debug|Spread modifier: 0.75\n|-resisted|p1b: Melmetal\n|debug|Light Screen weaken\n|-damage|p1a: Whimsicott|0 fnt\n|-damage|p1b: Melmetal|0 fnt\n|-unboost|p2a: Gholdengo|spa|1\n|faint|p1a: Whimsicott\n|faint|p1b: Melmetal\n|-damage|p2a: Gholdengo|285/316|[from] item: Life Orb\n|\n|-weather|RainDance|[upkeep]\n|upkeep\n|c|☆noli_cannoli10|whomp whomp\n|\n|t:|1779156031\n|switch|p1a: Tyranitar|Tyranitar|51/341\n|switch|p1b: Mew|Mew|35/341\n|-ability|p1a: Tyranitar|Unnerve\n|turn|14\n|c| mistermoscow|you can still do this\n|c| mistermoscow|flinch your way to victory\n|\n|t:|1779156063\n|move|p2a: Gholdengo|Protect|p2a: Gholdengo\n|-singleturn|p2a: Gholdengo|Protect\n|move|p1b: Mew|Draining Kiss|p2a: Gholdengo\n|-activate|p2a: Gholdengo|move: Protect\n|move|p1a: Tyranitar|Rock Slide|p2b: Incineroar|[spread] p2b\n|-activate|p2a: Gholdengo|move: Protect\n|debug|Spread modifier: 0.75\n|-supereffective|p2b: Incineroar\n|-damage|p2b: Incineroar|0 fnt\n|faint|p2b: Incineroar\n|\n|-weather|RainDance|[upkeep]\n|upkeep\n|\n|t:|1779156095\n|switch|p2b: Garganacl|Garganacl|11/404\n|turn|15\n|\n|t:|1779156115\n|move|p2b: Garganacl|Wide Guard|p2b: Garganacl\n|-singleturn|p2b: Garganacl|Wide Guard\n|move|p1b: Mew|Draining Kiss|p2a: Gholdengo\n|-resisted|p2a: Gholdengo\n|-damage|p2a: Gholdengo|256/316\n|-heal|p1b: Mew|57/341|[from] drain|[of] p2a: Gholdengo\n|move|p1a: Tyranitar|Rock Slide|p2b: Garganacl|[spread] \n|-activate|p2a: Gholdengo|move: Wide Guard\n|-activate|p2b: Garganacl|move: Wide Guard\n|move|p2a: Gholdengo|Make It Rain|p1b: Mew|[spread] p1a,p1b\n|debug|Negating (sp)atk boost/penalty.\n|debug|Spread modifier: 0.75\n|-supereffective|p1a: Tyranitar\n|-crit|p1a: Tyranitar\n|debug|Spread modifier: 0.75\n|debug|Light Screen weaken\n|-damage|p1a: Tyranitar|0 fnt\n|-damage|p1b: Mew|0 fnt\n|-unboost|p2a: Gholdengo|spa|1\n|faint|p1a: Tyranitar\n|faint|p1b: Mew\n|-damage|p2a: Gholdengo|225/316|[from] item: Life Orb\n|\n|win|Smokeydabearrr\n|c|☆noli_cannoli10|gg\n|c| mistermoscow|damn that was a gg\n|c|☆Smokeydabearrr|Gg\n|l| je64\n","uploadtime":1779156149,"views":"6","formatid":"gen9doublescustomgame","rating":null,"private":0,"password":null}