{"id":"gen9doublescustomgame-2286296814","format":"[Gen 9] Doubles Custom Game","players":["mistermoscow","Mattmandaman"],"log":"|j|☆mistermoscow\n|j|☆Mattmandaman\n|t:|1737588127\n|gametype|doubles\n|player|p1|mistermoscow|alder|\n|player|p2|Mattmandaman|giovanni|\n|teamsize|p1|6\n|teamsize|p2|6\n|gen|9\n|tier|[Gen 9] Doubles Custom Game\n|clearpoke\n|poke|p1|Dragonite, M|\n|poke|p1|Snorlax, M|\n|poke|p1|Jolteon, M|\n|poke|p1|Clefairy, F|\n|poke|p1|Machoke, M|\n|poke|p1|Gengar, M|\n|poke|p2|Muk, M|\n|poke|p2|Electrode|\n|poke|p2|Wartortle, M|\n|poke|p2|Poliwrath, M|\n|poke|p2|Rhydon, F|\n|poke|p2|Machamp, M|\n|teampreview\n|\n|t:|1737588156\n|start\n|switch|p1a: Clefairy|Clefairy, F|344/344\n|switch|p1b: Machoke|Machoke, M|364/364\n|switch|p2a: Electrode|Electrode|324/324\n|switch|p2b: Wartortle|Wartortle, M|322/322\n|turn|1\n|\n|t:|1737588192\n|move|p2b: Wartortle|Fake Out|p1b: Machoke\n|debug|Friend Guard weaken\n|-damage|p1b: Machoke|349/364\n|move|p2a: Electrode|Taunt|p1a: Clefairy\n|-start|p1a: Clefairy|move: Taunt\n|-enditem|p1a: Clefairy|Mental Herb\n|-end|p1a: Clefairy|move: Taunt\n|move|p1a: Clefairy|Calm Mind|p1a: Clefairy\n|-boost|p1a: Clefairy|spa|1\n|-boost|p1a: Clefairy|spd|1\n|cant|p1b: Machoke|flinch\n|\n|upkeep\n|turn|2\n|\n|t:|1737588210\n|move|p1a: Clefairy|Follow Me|p1a: Clefairy\n|-singleturn|p1a: Clefairy|move: Follow Me\n|move|p2a: Electrode|Taunt|p1a: Clefairy\n|debug|Follow Me redirected target of move\n|-start|p1a: Clefairy|move: Taunt\n|move|p2b: Wartortle|Yawn|p1a: Clefairy\n|debug|Follow Me redirected target of move\n|-start|p1a: Clefairy|move: Yawn|[of] p2b: Wartortle\n|move|p1b: Machoke|Fissure|p2a: Electrode\n|-damage|p2a: Electrode|0 fnt\n|faint|p2a: Electrode\n|-ohko\n|\n|upkeep\n|\n|t:|1737588238\n|switch|p2a: Machamp|Machamp, M|371/371\n|turn|3\n|\n|t:|1737588251\n|move|p1b: Machoke|Helping Hand|p1a: Clefairy\n|-singleturn|p1a: Clefairy|Helping Hand|[of] p1b: Machoke\n|move|p2a: Machamp|Dynamic Punch|p1b: Machoke\n|debug|Punching Glove boost\n|debug|Friend Guard weaken\n|-damage|p1b: Machoke|193/364\n|-start|p1b: Machoke|confusion\n|move|p2b: Wartortle|Flip Turn|p1b: Machoke\n|debug|Friend Guard weaken\n|-damage|p1b: Machoke|163/364\n|\n|t:|1737588278\n|switch|p2b: Rhydon|Rhydon, F|352/352|[from] Flip Turn\n|move|p1a: Clefairy|Stored Power|p2a: Machamp\n|debug|BP: 60\n|debug|Boosting from Helping Hand: 1.5\n|-supereffective|p2a: Machamp\n|-damage|p2a: Machamp|219/371\n|\n|-end|p1a: Clefairy|move: Yawn|[silent]\n|-status|p1a: Clefairy|slp\n|upkeep\n|turn|4\n|\n|t:|1737588302\n|move|p2b: Rhydon|Rock Polish|p2b: Rhydon\n|-boost|p2b: Rhydon|spe|2\n|move|p2a: Machamp|Dynamic Punch|p1b: Machoke\n|debug|Punching Glove boost\n|debug|Friend Guard weaken\n|-damage|p1b: Machoke|26/364\n|debug|move failed because it did nothing\n|cant|p1a: Clefairy|slp\n|-activate|p1b: Machoke|confusion\n|move|p1b: Machoke|Fissure|p2b: Rhydon\n|-damage|p2b: Rhydon|0 fnt\n|faint|p2b: Rhydon\n|-ohko\n|\n|upkeep\n|\n|t:|1737588316\n|switch|p2b: Muk|Muk, M|414/414\n|turn|5\n|\n|t:|1737588331\n|switch|p1b: Gang Gang|Gengar, M|262/262\n|move|p2a: Machamp|Dynamic Punch|p1b: Gang Gang\n|-immune|p1b: Gang Gang\n|move|p2b: Muk|Curse|p2b: Muk\n|-unboost|p2b: Muk|spe|1\n|-boost|p2b: Muk|atk|1\n|-boost|p2b: Muk|def|1\n|-curestatus|p1a: Clefairy|slp|[msg]\n|move|p1a: Clefairy|Stored Power|p2a: Machamp\n|debug|BP: 60\n|-supereffective|p2a: Machamp\n|-damage|p2a: Machamp|105/371\n|\n|-end|p1a: Clefairy|move: Taunt\n|upkeep\n|turn|6\n|\n|t:|1737588370\n|switch|p2a: Wartortle|Wartortle, M|322/322\n|move|p1b: Gang Gang|Psychic|p2a: Wartortle\n|-damage|p2a: Wartortle|251/322\n|move|p1a: Clefairy|Calm Mind|p1a: Clefairy\n|-boost|p1a: Clefairy|spa|1\n|-boost|p1a: Clefairy|spd|1\n|move|p2b: Muk|Poison Jab|p1a: Clefairy\n|-supereffective|p1a: Clefairy\n|-damage|p1a: Clefairy|0 fnt\n|faint|p1a: Clefairy\n|\n|upkeep\n|\n|t:|1737588392\n|switch|p1a: Puff Daddy|Dragonite, M|386/386\n|turn|7\n|\n|t:|1737588414\n|move|p2b: Muk|Shadow Sneak|p1b: Gang Gang\n|-supereffective|p1b: Gang Gang\n|-damage|p1b: Gang Gang|100/262\n|move|p1b: Gang Gang|Haze|p1b: Gang Gang\n|-clearallboost\n|move|p1a: Puff Daddy|Dragon Dance|p1a: Puff Daddy\n|-boost|p1a: Puff Daddy|atk|1\n|-boost|p1a: Puff Daddy|spe|1\n|move|p2a: Wartortle|Life Dew||[still]|[spread] p2a,p2b\n|-heal|p2a: Wartortle|322/322\n|-fail|p2b: Muk|heal\n|\n|upkeep\n|turn|8\n|\n|t:|1737588454\n|switch|p1b: Snax|Snorlax, M|462/462\n|move|p1a: Puff Daddy|Dragon Claw|p2b: Muk\n|-damage|p2b: Muk|116/414\n|move|p2a: Wartortle|Yawn|p1a: Puff Daddy\n|-start|p1a: Puff Daddy|move: Yawn|[of] p2a: Wartortle\n|move|p2b: Muk|Curse|p2b: Muk\n|-unboost|p2b: Muk|spe|1\n|-boost|p2b: Muk|atk|1\n|-boost|p2b: Muk|def|1\n|\n|-heal|p2b: Muk|141/414|[from] item: Black Sludge\n|upkeep\n|turn|9\n|\n|t:|1737588473\n|move|p1a: Puff Daddy|Extreme Speed|p2b: Muk\n|-damage|p2b: Muk|16/414\n|move|p2a: Wartortle|Life Dew||[still]|[spread] p2a,p2b\n|-fail|p2a: Wartortle|heal\n|-heal|p2b: Muk|120/414\n|move|p1b: Snax|Double-Edge|p2a: Wartortle\n|-damage|p2a: Wartortle|193/322\n|-damage|p1b: Snax|419/462|[from] Recoil\n|move|p2b: Muk|Drain Punch|p1b: Snax\n|-supereffective|p1b: Snax\n|-damage|p1b: Snax|209/462\n|-heal|p2b: Muk|225/414|[from] drain|[of] p1b: Snax\n|\n|-heal|p2b: Muk|250/414|[from] item: Black Sludge\n|-end|p1a: Puff Daddy|move: Yawn|[silent]\n|-status|p1a: Puff Daddy|slp\n|upkeep\n|turn|10\n|\n|t:|1737588519\n|cant|p1a: Puff Daddy|slp\n|move|p2a: Wartortle|Life Dew|p2a: Wartortle|[spread] p2a,p2b\n|-heal|p2a: Wartortle|274/322\n|-heal|p2b: Muk|354/414\n|move|p1b: Snax|Double-Edge|p2b: Muk\n|-damage|p2b: Muk|192/414\n|-damage|p1b: Snax|156/462|[from] Recoil\n|move|p2b: Muk|Poison Jab|p1a: Puff Daddy\n|-crit|p1a: Puff Daddy\n|-damage|p1a: Puff Daddy|143/386 slp\n|\n|-heal|p1a: Puff Daddy|167/386 slp|[from] item: Leftovers\n|-heal|p2b: Muk|217/414|[from] item: Black Sludge\n|upkeep\n|turn|11\n|\n|t:|1737588553\n|-curestatus|p1a: Puff Daddy|slp|[msg]\n|move|p1a: Puff Daddy|Dragon Claw|p2b: Muk\n|-damage|p2b: Muk|3/414\n|move|p2a: Wartortle|Life Dew|p2a: Wartortle|[spread] p2a,p2b\n|-heal|p2a: Wartortle|322/322\n|-heal|p2b: Muk|107/414\n|move|p1b: Snax|Double-Edge|p2b: Muk\n|-damage|p2b: Muk|0 fnt\n|faint|p2b: Muk\n|-damage|p1b: Snax|121/462|[from] Recoil\n|\n|-heal|p1a: Puff Daddy|191/386|[from] item: Leftovers\n|upkeep\n|\n|t:|1737588573\n|switch|p2b: Poliwrath|Poliwrath, M|384/384\n|turn|12\n|\n|t:|1737588623\n|move|p2b: Poliwrath|Protect|p2b: Poliwrath\n|-singleturn|p2b: Poliwrath|Protect\n|move|p1a: Puff Daddy|Dragon Claw|p2a: Wartortle\n|-damage|p2a: Wartortle|175/322\n|move|p2a: Wartortle|Yawn|p1a: Puff Daddy\n|-start|p1a: Puff Daddy|move: Yawn|[of] p2a: Wartortle\n|move|p1b: Snax|Double-Edge|p2a: Wartortle\n|-damage|p2a: Wartortle|51/322\n|-damage|p1b: Snax|80/462|[from] Recoil\n|\n|-heal|p1a: Puff Daddy|215/386|[from] item: Leftovers\n|upkeep\n|turn|13\n|\n|t:|1737588641\n|move|p1a: Puff Daddy|Dragon Claw|p2b: Poliwrath\n|-damage|p2b: Poliwrath|198/384\n|move|p2b: Poliwrath|Waterfall|p1b: Snax\n|-damage|p1b: Snax|0 fnt\n|faint|p1b: Snax\n|move|p2a: Wartortle|Life Dew|p2a: Wartortle|[spread] p2a\n|-heal|p2b: Poliwrath|294/384|[from] ability: Water Absorb|[of] p2a: Wartortle\n|-heal|p2a: Wartortle|132/322\n|\n|-heal|p1a: Puff Daddy|239/386|[from] item: Leftovers\n|-heal|p2b: Poliwrath|318/384|[from] item: Leftovers\n|-end|p1a: Puff Daddy|move: Yawn|[silent]\n|-status|p1a: Puff Daddy|slp\n|upkeep\n|\n|t:|1737588670\n|switch|p1b: Gang Gang|Gengar, M|100/262\n|turn|14\n|\n|t:|1737588688\n|move|p1b: Gang Gang|Sludge Bomb|p2a: Wartortle\n|-damage|p2a: Wartortle|8/322\n|cant|p1a: Puff Daddy|slp\n|move|p2b: Poliwrath|Waterfall|p1b: Gang Gang\n|-damage|p1b: Gang Gang|0 fnt\n|faint|p1b: Gang Gang\n|move|p2a: Wartortle|Flip Turn|p1a: Puff Daddy\n|-resisted|p1a: Puff Daddy\n|-damage|p1a: Puff Daddy|214/386 slp\n|\n|t:|1737588698\n|switch|p2a: Machamp|Machamp, M|105/371|[from] Flip Turn\n|\n|-heal|p1a: Puff Daddy|238/386 slp|[from] item: Leftovers\n|-heal|p2b: Poliwrath|342/384|[from] item: Leftovers\n|upkeep\n|\n|t:|1737588711\n|switch|p1b: Machoke|Machoke, M|26/364\n|turn|15\n|\n|t:|1737588722\n|cant|p1a: Puff Daddy|slp\n|move|p2b: Poliwrath|Waterfall|p1b: Machoke\n|-damage|p1b: Machoke|0 fnt\n|debug|move failed because it did nothing\n|faint|p1b: Machoke\n|move|p2a: Machamp|Stone Edge|p1a: Puff Daddy\n|-supereffective|p1a: Puff Daddy\n|-damage|p1a: Puff Daddy|0 fnt\n|faint|p1a: Puff Daddy\n|\n|-heal|p2b: Poliwrath|366/384|[from] item: Leftovers\n|upkeep\n|\n|t:|1737588734\n|switch|p1b: Sparky|Jolteon, M|272/272\n|turn|16\n|\n|t:|1737588754\n|move|p1b: Sparky|Thunder|p2b: Poliwrath\n|-supereffective|p2b: Poliwrath\n|-damage|p2b: Poliwrath|0 fnt\n|faint|p2b: Poliwrath\n|move|p2a: Machamp|Dynamic Punch|p1b: Sparky\n|debug|Punching Glove boost\n|-damage|p1b: Sparky|46/272\n|-start|p1b: Sparky|confusion\n|\n|upkeep\n|\n|t:|1737588765\n|switch|p2b: Wartortle|Wartortle, M|8/322\n|turn|17\n|\n|t:|1737588779\n|move|p2b: Wartortle|Fake Out|p1b: Sparky\n|-damage|p1b: Sparky|24/272\n|cant|p1b: Sparky|flinch\n|move|p2a: Machamp|Dynamic Punch|p1b: Sparky\n|debug|Punching Glove boost\n|-damage|p1b: Sparky|0 fnt\n|debug|move failed because it did nothing\n|faint|p1b: Sparky\n|\n|win|Mattmandaman\n","uploadtime":1737588791,"views":"12","formatid":"gen9doublescustomgame","rating":null,"private":0,"password":null}