{"id":"gen9doublescustomgame-2148878298","format":"[Gen 9] Doubles Custom Game","players":["Mango Meloetta","noli_cannoli10"],"log":"|j|☆Mango Meloetta\n|j|☆noli_cannoli10\n|t:|1719190198\n|gametype|doubles\n|player|p1|Mango Meloetta|ghetsis-gen5bw|\n|player|p2|noli_cannoli10|169|\n|teamsize|p1|6\n|teamsize|p2|6\n|gen|9\n|tier|[Gen 9] Doubles Custom Game\n|clearpoke\n|poke|p1|Hitmontop, M|\n|poke|p1|Gengar, F|\n|poke|p1|Chien-Pao|\n|poke|p1|Porygon2|\n|poke|p1|Sinistcha|\n|poke|p1|Murkrow, M|\n|poke|p2|Politoed, M|\n|poke|p2|Swampert, F|\n|poke|p2|Volcarona, M|\n|poke|p2|Magearna|\n|poke|p2|Urshifu-*, F|\n|poke|p2|Brute Bonnet|\n|teampreview\n|c|☆noli_cannoli10|my bad lol\n|j| je64\n|c|☆Mango Meloetta|all good haha\n|j| mistermoscow\n|\n|t:|1719190255\n|start\n|switch|p1a: Haunter|Gengar, F|324/324\n|switch|p1b: Hitmonlee|Hitmontop, M|304/304\n|switch|p2a: Twix Yogurt|Politoed, M, shiny|384/384\n|switch|p2b: Anotha Frog|Swampert, F|341/341\n|-weather|RainDance|[from] ability: Drizzle|[of] p2a: Twix Yogurt\n|-ability|p1b: Hitmonlee|Intimidate|boost\n|-unboost|p2a: Twix Yogurt|atk|1\n|-unboost|p2b: Anotha Frog|atk|1\n|turn|1\n|\n|t:|1719190305\n|detailschange|p1a: Haunter|Gengar-Mega, F\n|-mega|p1a: Haunter|Gengar|Gengarite\n|detailschange|p2b: Anotha Frog|Swampert-Mega, F\n|-mega|p2b: Anotha Frog|Swampert|Swampertite\n|move|p1b: Hitmonlee|Fake Out|p2b: Anotha Frog\n|-damage|p2b: Anotha Frog|306/341\n|cant|p2b: Anotha Frog|flinch\n|move|p1a: Haunter|Perish Song|p1a: Haunter\n|-start|p1a: Haunter|perish3|[silent]\n|-start|p1b: Hitmonlee|perish3|[silent]\n|-start|p2a: Twix Yogurt|perish3|[silent]\n|-start|p2b: Anotha Frog|perish3|[silent]\n|-fieldactivate|move: Perish Song\n|move|p2a: Twix Yogurt|Encore|p1a: Haunter\n|-start|p1a: Haunter|Encore\n|\n|-weather|RainDance|[upkeep]\n|-start|p2b: Anotha Frog|perish3\n|-start|p1a: Haunter|perish3\n|-start|p2a: Twix Yogurt|perish3\n|-start|p1b: Hitmonlee|perish3\n|upkeep\n|turn|2\n|j| smokeydabearrr\n|\n|t:|1719190346\n|switch|p1a: Dark Doggo|Chien-Pao|301/301\n|-ability|p1a: Dark Doggo|Sword of Ruin\n|move|p2a: Twix Yogurt|Helping Hand|p2b: Anotha Frog\n|-singleturn|p2b: Anotha Frog|Helping Hand|[of] p2a: Twix Yogurt\n|move|p1b: Hitmonlee|Wide Guard|p1b: Hitmonlee\n|-singleturn|p1b: Hitmonlee|Wide Guard\n|move|p2b: Anotha Frog|Liquidation|p1a: Dark Doggo\n|debug|Boosting from Helping Hand: 1.5\n|debug|rain water boost\n|-damage|p1a: Dark Doggo|0 fnt\n|faint|p1a: Dark Doggo\n|\n|-weather|RainDance|[upkeep]\n|-start|p2b: Anotha Frog|perish2\n|-start|p1b: Hitmonlee|perish2\n|-start|p2a: Twix Yogurt|perish2\n|upkeep\n|c|☆Mango Meloetta|ooof\n|\n|t:|1719190368\n|switch|p1a: Polygon|Porygon2|374/374\n|turn|3\n|\n|t:|1719190384\n|switch|p2a: Wop Wop Wop|Urshifu-Rapid-Strike, F|341/341\n|switch|p1b: Matcha GOTCHA|Sinistcha|346/346\n|move|p1a: Polygon|Protect|p1a: Polygon\n|-singleturn|p1a: Polygon|Protect\n|move|p2b: Anotha Frog|Flip Turn|p1b: Matcha GOTCHA\n|debug|Negating (sp)atk boost/penalty.\n|debug|rain water boost\n|-resisted|p1b: Matcha GOTCHA\n|-crit|p1b: Matcha GOTCHA\n|-damage|p1b: Matcha GOTCHA|228/346\n|-enditem|p1b: Matcha GOTCHA|Eject Button\n|\n|t:|1719190396\n|switch|p1b: Haunter|Gengar-Mega, F|324/324\n|\n|-weather|RainDance|[upkeep]\n|-start|p2b: Anotha Frog|perish1\n|upkeep\n|turn|4\n|\n|t:|1719190460\n|move|p1b: Haunter|Protect|p1b: Haunter\n|-singleturn|p1b: Haunter|Protect\n|move|p2a: Wop Wop Wop|Aqua Jet|p1b: Haunter\n|debug|rain water boost\n|-damage|p1b: Haunter|191/324\n|move|p2b: Anotha Frog|Flip Turn|p1a: Polygon\n|debug|rain water boost\n|-damage|p1a: Polygon|284/374\n|\n|t:|1719190494\n|switch|p2b: Where are yew?!?|Brute Bonnet|426/426|[from] Flip Turn\n|-enditem|p2b: Where are yew?!?|Booster Energy\n|-activate|p2b: Where are yew?!?|ability: Protosynthesis|[fromitem]\n|-start|p2b: Where are yew?!?|protosynthesisatk\n|move|p1a: Polygon|Psychic|p2a: Wop Wop Wop\n|debug|Analytic boost\n|-supereffective|p2a: Wop Wop Wop\n|-damage|p2a: Wop Wop Wop|73/341\n|-unboost|p2a: Wop Wop Wop|spd|1\n|\n|-weather|RainDance|[upkeep]\n|upkeep\n|turn|5\n|\n|t:|1719190518\n|move|p2a: Wop Wop Wop|Aqua Jet|p1b: Haunter\n|debug|rain water boost\n|-damage|p1b: Haunter|56/324\n|move|p2b: Where are yew?!?|Sucker Punch|p1a: Polygon\n|debug|Protosynthesis atk boost\n|-damage|p1a: Polygon|202/374\n|move|p1b: Haunter|Disable|p2a: Wop Wop Wop\n|-start|p2a: Wop Wop Wop|Disable|Aqua Jet\n|move|p1a: Polygon|Ice Beam|p2b: Where are yew?!?\n|debug|Analytic boost\n|-supereffective|p2b: Where are yew?!?\n|-damage|p2b: Where are yew?!?|264/426\n|-status|p2b: Where are yew?!?|frz\n|\n|-weather|none\n|upkeep\n|turn|6\n|\n|t:|1719190563\n|move|p1b: Haunter|Protect|p1b: Haunter\n|-singleturn|p1b: Haunter|Protect\n|cant|p2b: Where are yew?!?|frz\n|-activate|p2a: Wop Wop Wop|move: Struggle\n|move|p2a: Wop Wop Wop|Struggle|p1b: Haunter\n|-damage|p1b: Haunter|0 fnt\n|faint|p1b: Haunter\n|-damage|p2a: Wop Wop Wop|0 fnt|[from] recoil\n|faint|p2a: Wop Wop Wop\n|move|p1a: Polygon|Psychic|p2b: Where are yew?!?\n|-immune|p2b: Where are yew?!?\n|\n|upkeep\n|\n|t:|1719190599\n|switch|p1b: Hitmonlee|Hitmontop, M|304/304\n|switch|p2a: Twix Yogurt|Politoed, M, shiny|384/384\n|-ability|p1b: Hitmonlee|Intimidate|boost\n|-unboost|p2a: Twix Yogurt|atk|1\n|-unboost|p2b: Where are yew?!?|atk|1\n|-weather|RainDance|[from] ability: Drizzle|[of] p2a: Twix Yogurt\n|turn|7\n|\n|t:|1719190625\n|move|p1b: Hitmonlee|Fake Out|p2a: Twix Yogurt\n|-damage|p2a: Twix Yogurt|338/384\n|-enditem|p2a: Twix Yogurt|Eject Button\n|\n|t:|1719190636\n|switch|p2a: Anotha Frog|Swampert-Mega, F|306/341\n|move|p1a: Polygon|Recover|p1a: Polygon\n|-heal|p1a: Polygon|374/374\n|cant|p2b: Where are yew?!?|frz\n|\n|-weather|RainDance|[upkeep]\n|upkeep\n|turn|8\n|\n|t:|1719190677\n|switch|p1b: Matcha GOTCHA|Sinistcha|228/346\n|-end|p2b: Where are yew?!?|Protosynthesis|[silent]\n|switch|p2b: Metal Gyatt|Magearna|325/325\n|move|p2a: Anotha Frog|Liquidation|p1b: Matcha GOTCHA\n|debug|rain water boost\n|-resisted|p1b: Matcha GOTCHA\n|-damage|p1b: Matcha GOTCHA|132/346\n|move|p1a: Polygon|Ice Beam|p2b: Metal Gyatt\n|debug|Analytic boost\n|-resisted|p2b: Metal Gyatt\n|-damage|p2b: Metal Gyatt|283/325\n|\n|-weather|RainDance|[upkeep]\n|upkeep\n|turn|9\n|\n|t:|1719190724\n|-terastallize|p1b: Matcha GOTCHA|Grass\n|move|p2a: Anotha Frog|Ice Punch|p1b: Matcha GOTCHA\n|-supereffective|p1b: Matcha GOTCHA\n|-damage|p1b: Matcha GOTCHA|0 fnt\n|faint|p1b: Matcha GOTCHA\n|-ability|p2b: Metal Gyatt|Soul-Heart|boost\n|-boost|p2b: Metal Gyatt|spa|1\n|move|p2b: Metal Gyatt|Dazzling Gleam|p1a: Polygon\n|-damage|p1a: Polygon|254/374\n|move|p1a: Polygon|Ice Beam|p2a: Anotha Frog\n|debug|Analytic boost\n|-damage|p2a: Anotha Frog|218/341\n|\n|-weather|RainDance|[upkeep]\n|upkeep\n|\n|t:|1719190742\n|switch|p1b: Hitmonlee|Hitmontop, M|304/304\n|-ability|p1b: Hitmonlee|Intimidate|boost\n|-unboost|p2a: Anotha Frog|atk|1\n|-unboost|p2b: Metal Gyatt|atk|1\n|turn|10\n|\n|t:|1719190781\n|switch|p1a: CROW|Murkrow, M|323/323\n|move|p1b: Hitmonlee|Fake Out|p2b: Metal Gyatt\n|-resisted|p2b: Metal Gyatt\n|-damage|p2b: Metal Gyatt|266/325\n|move|p2a: Anotha Frog|Liquidation|p1b: Hitmonlee\n|debug|rain water boost\n|-damage|p1b: Hitmonlee|115/304\n|-enditem|p1b: Hitmonlee|Sitrus Berry|[eat]\n|-heal|p1b: Hitmonlee|191/304|[from] item: Sitrus Berry\n|cant|p2b: Metal Gyatt|flinch\n|\n|-weather|RainDance|[upkeep]\n|upkeep\n|turn|11\n|\n|t:|1719190852\n|move|p1b: Hitmonlee|Wide Guard|p1b: Hitmonlee\n|-singleturn|p1b: Hitmonlee|Wide Guard\n|move|p1a: CROW|Perish Song|p1a: CROW\n|-start|p1a: CROW|perish3|[silent]\n|-start|p1b: Hitmonlee|perish3|[silent]\n|-start|p2a: Anotha Frog|perish3|[silent]\n|-start|p2b: Metal Gyatt|perish3|[silent]\n|-fieldactivate|move: Perish Song\n|move|p2a: Anotha Frog|Flip Turn|p1a: CROW\n|debug|rain water boost\n|-damage|p1a: CROW|44/323\n|-enditem|p1a: CROW|Wiki Berry|[eat]\n|-heal|p1a: CROW|151/323|[from] item: Wiki Berry\n|\n|t:|1719190863\n|switch|p2a: Twix Yogurt|Politoed, M, shiny|338/384|[from] Flip Turn\n|move|p2b: Metal Gyatt|Dazzling Gleam|p1b: Hitmonlee|[spread] \n|-activate|p1a: CROW|move: Wide Guard\n|-activate|p1b: Hitmonlee|move: Wide Guard\n|\n|-weather|none\n|-start|p1a: CROW|perish3\n|-start|p2b: Metal Gyatt|perish3\n|-start|p1b: Hitmonlee|perish3\n|upkeep\n|turn|12\n|\n|t:|1719190914\n|switch|p2b: Where are yew?!?|Brute Bonnet|264/426 frz\n|move|p1a: CROW|Thunder Wave|p2a: Twix Yogurt\n|-status|p2a: Twix Yogurt|par\n|move|p1b: Hitmonlee|Close Combat|p2b: Where are yew?!?\n|-supereffective|p2b: Where are yew?!?\n|-damage|p2b: Where are yew?!?|0 fnt\n|-unboost|p1b: Hitmonlee|def|1\n|-unboost|p1b: Hitmonlee|spd|1\n|faint|p2b: Where are yew?!?\n|-end|p2b: Where are yew?!?|Protosynthesis|[silent]\n|debug|BP: 50\n|move|p2a: Twix Yogurt|Weather Ball|p1a: CROW\n|-damage|p1a: CROW|84/323\n|\n|-start|p1a: CROW|perish2\n|-start|p1b: Hitmonlee|perish2\n|upkeep\n|\n|t:|1719190934\n|switch|p2b: Butterfree?!|Volcarona, M|374/374\n|turn|13\n|\n|t:|1719190950\n|switch|p1a: Polygon|Porygon2|254/374\n|switch|p2a: Metal Gyatt|Magearna|266/325\n|move|p1b: Hitmonlee|Wide Guard|p1b: Hitmonlee\n|-singleturn|p1b: Hitmonlee|Wide Guard\n|move|p2b: Butterfree?!|Hurricane|p1a: Polygon|[miss]\n|-miss|p2b: Butterfree?!|p1a: Polygon\n|\n|-start|p1b: Hitmonlee|perish1\n|upkeep\n|turn|14\n|\n|t:|1719190969\n|switch|p1b: CROW|Murkrow, M|84/323\n|move|p2b: Butterfree?!|Rage Powder|p2b: Butterfree?!\n|-singleturn|p2b: Butterfree?!|move: Rage Powder\n|move|p2a: Metal Gyatt|Dazzling Gleam|p1b: CROW|[spread] p1a,p1b\n|debug|Spread modifier: 0.75\n|debug|Spread modifier: 0.75\n|-supereffective|p1b: CROW\n|-damage|p1a: Polygon|187/374\n|-damage|p1b: CROW|0 fnt\n|faint|p1b: CROW\n|-ability|p2a: Metal Gyatt|Soul-Heart|boost\n|-boost|p2a: Metal Gyatt|spa|1\n|move|p1a: Polygon|Recover|p1a: Polygon\n|-heal|p1a: Polygon|374/374\n|\n|upkeep\n|\n|t:|1719191034\n|switch|p1b: Hitmonlee|Hitmontop, M|191/304\n|-ability|p1b: Hitmonlee|Intimidate|boost\n|-unboost|p2a: Metal Gyatt|atk|1\n|-unboost|p2b: Butterfree?!|atk|1\n|turn|15\n|\n|t:|1719191045\n|move|p1b: Hitmonlee|Fake Out|p2a: Metal Gyatt\n|-resisted|p2a: Metal Gyatt\n|-damage|p2a: Metal Gyatt|249/325\n|move|p2b: Butterfree?!|Quiver Dance|p2b: Butterfree?!\n|-boost|p2b: Butterfree?!|spa|1\n|-boost|p2b: Butterfree?!|spd|1\n|-boost|p2b: Butterfree?!|spe|1\n|cant|p2a: Metal Gyatt|flinch\n|move|p1a: Polygon|Ice Beam|p2a: Metal Gyatt\n|debug|Analytic boost\n|-resisted|p2a: Metal Gyatt\n|-damage|p2a: Metal Gyatt|207/325\n|\n|upkeep\n|turn|16\n|\n|t:|1719191063\n|move|p1b: Hitmonlee|Wide Guard|p1b: Hitmonlee\n|-singleturn|p1b: Hitmonlee|Wide Guard\n|move|p2b: Butterfree?!|Hurricane|p1a: Polygon|[miss]\n|-miss|p2b: Butterfree?!|p1a: Polygon\n|move|p2a: Metal Gyatt|Flash Cannon|p1b: Hitmonlee\n|-damage|p1b: Hitmonlee|0 fnt\n|faint|p1b: Hitmonlee\n|-ability|p2a: Metal Gyatt|Soul-Heart|boost\n|-boost|p2a: Metal Gyatt|spa|1\n|move|p1a: Polygon|Ice Beam|p2a: Metal Gyatt\n|debug|Analytic boost\n|-resisted|p2a: Metal Gyatt\n|-damage|p2a: Metal Gyatt|168/325\n|\n|upkeep\n|turn|17\n|c|☆Mango Meloetta|fff\n|\n|t:|1719191083\n|move|p2b: Butterfree?!|Hurricane|p1a: Polygon\n|-damage|p1a: Polygon|290/374\n|move|p2a: Metal Gyatt|Flash Cannon|p1a: Polygon\n|-damage|p1a: Polygon|128/374\n|move|p1a: Polygon|Ice Beam|p2a: Metal Gyatt\n|debug|Analytic boost\n|-resisted|p2a: Metal Gyatt\n|-damage|p2a: Metal Gyatt|126/325\n|-enditem|p2a: Metal Gyatt|Sitrus Berry|[eat]\n|-heal|p2a: Metal Gyatt|207/325|[from] item: Sitrus Berry\n|\n|upkeep\n|turn|18\n|\n|t:|1719191100\n|move|p2b: Butterfree?!|Hurricane|p1a: Polygon\n|-damage|p1a: Polygon|38/374\n|move|p2a: Metal Gyatt|Flash Cannon|p1a: Polygon\n|-damage|p1a: Polygon|0 fnt\n|faint|p1a: Polygon\n|\n|win|noli_cannoli10\n|c|☆noli_cannoli10|gg\n|c|☆Mango Meloetta|gggg\n","uploadtime":1719191108,"views":"27","formatid":"gen9doublescustomgame","rating":null,"private":0,"password":null}