{"id":"gen9doublescustomgame-2359116300","format":"[Gen 9] Doubles Custom Game","players":["mistermoscow","Mattmandaman"],"log":"|j|☆mistermoscow\n|j|☆Mattmandaman\n|t:|1746648288\n|gametype|doubles\n|player|p1|mistermoscow|alder|\n|player|p2|Mattmandaman|giovanni|\n|teamsize|p1|6\n|teamsize|p2|6\n|gen|9\n|tier|[Gen 9] Doubles Custom Game\n|clearpoke\n|poke|p1|Clefairy, M|\n|poke|p1|Primeape, M|\n|poke|p1|Exeggutor, M|\n|poke|p1|Mr. Mime, F|\n|poke|p1|Jolteon, M|\n|poke|p1|Dragonite, M|\n|poke|p2|Gengar, M|\n|poke|p2|Starmie|\n|poke|p2|Chansey, F|\n|poke|p2|Nidoking, M|\n|poke|p2|Snorlax, M|\n|poke|p2|Pinsir, F|\n|teampreview\n|\n|t:|1746648330\n|start\n|switch|p1a: Sparky|Jolteon, M|271/271\n|switch|p1b: Mimsy|Mr. Mime, F|284/284\n|switch|p2a: Gengar|Gengar, M|262/262\n|switch|p2b: Snorlax|Snorlax, M|479/479\n|turn|1\n|\n|t:|1746648366\n|move|p1a: Sparky|Reflect|p1a: Sparky\n|-sidestart|p1: mistermoscow|Reflect\n|move|p2a: Gengar|Sludge Bomb|p1b: Mimsy\n|-supereffective|p1b: Mimsy\n|debug|Filter neutralize\n|-enditem|p1b: Mimsy|Kebia Berry|[eat]\n|debug|-50% reduction\n|-enditem|p1b: Mimsy|Kebia Berry|[weaken]\n|-damage|p1b: Mimsy|185/284\n|move|p1b: Mimsy|Psychic Terrain|p1b: Mimsy\n|-fieldstart|move: Psychic Terrain\n|move|p2b: Snorlax|Body Slam|p1a: Sparky\n|debug|Reflect weaken\n|-damage|p1a: Sparky|168/271\n|debug|natural status immunity\n|debug|immune to status\n|debug|move failed because it did nothing\n|\n|upkeep\n|turn|2\n|\n|t:|1746648384\n|move|p2a: Gengar|Protect|p2a: Gengar\n|-singleturn|p2a: Gengar|Protect\n|move|p1a: Sparky|Light Screen|p1a: Sparky\n|-sidestart|p1: mistermoscow|move: Light Screen\n|move|p1b: Mimsy|Expanding Force|p2b: Snorlax|[spread] p2b\n|-activate|p2a: Gengar|move: Protect\n|debug|psychic terrain boost\n|debug|terrain buff\n|debug|Spread modifier: 0.75\n|-damage|p2b: Snorlax|361/479\n|move|p2b: Snorlax|Earthquake|p1b: Mimsy|[spread] p1a,p1b\n|-activate|p2a: Gengar|move: Protect\n|debug|Spread modifier: 0.75\n|-supereffective|p1a: Sparky\n|debug|Reflect weaken\n|debug|Spread modifier: 0.75\n|debug|Reflect weaken\n|-damage|p1a: Sparky|51/271\n|-damage|p1b: Mimsy|126/284\n|\n|-heal|p2b: Snorlax|390/479|[from] item: Leftovers\n|upkeep\n|turn|3\n|\n|t:|1746648410\n|switch|p2a: Starmie|Starmie|262/262\n|move|p1b: Mimsy|Follow Me|p1b: Mimsy\n|-singleturn|p1b: Mimsy|move: Follow Me\n|move|p1a: Sparky|Sunny Day|p1a: Sparky\n|-weather|SunnyDay\n|move|p2b: Snorlax|Rock Slide|p1b: Mimsy|[spread] p1a\n|-miss|p2b: Snorlax|p1b: Mimsy\n|debug|Spread modifier: 0.75\n|debug|Reflect weaken\n|-damage|p1a: Sparky|1/271\n|\n|-weather|SunnyDay|[upkeep]\n|-heal|p2b: Snorlax|419/479|[from] item: Leftovers\n|upkeep\n|turn|4\n|\n|t:|1746648431\n|switch|p2a: Chansey|Chansey, F|704/704\n|switch|p1a: Eggman|Exeggutor, M|332/332\n|switch|p1b: Clifford|Clefairy, M|282/282\n|move|p2b: Snorlax|Protect||[still]\n|-fail|p2b: Snorlax\n|\n|-weather|SunnyDay|[upkeep]\n|-heal|p2b: Snorlax|448/479|[from] item: Leftovers\n|upkeep\n|turn|5\n|\n|t:|1746648458\n|move|p1a: Eggman|Expanding Force|p2a: Chansey|[spread] p2a,p2b\n|debug|psychic terrain boost\n|debug|terrain buff\n|debug|Spread modifier: 0.75\n|debug|psychic terrain boost\n|debug|terrain buff\n|debug|Spread modifier: 0.75\n|-damage|p2a: Chansey|536/704\n|-damage|p2b: Snorlax|187/479\n|-damage|p1a: Eggman|299/332|[from] item: Life Orb\n|move|p2a: Chansey|Thunder Wave|p1b: Clifford\n|-status|p1b: Clifford|par\n|move|p2b: Snorlax|Body Slam|p1a: Eggman\n|debug|Friend Guard weaken\n|debug|Reflect weaken\n|-damage|p1a: Eggman|213/332\n|move|p1b: Clifford|Seismic Toss|p2b: Snorlax\n|-damage|p2b: Snorlax|87/479\n|\n|-weather|SunnyDay|[upkeep]\n|-heal|p2b: Snorlax|116/479|[from] item: Leftovers\n|-fieldend|move: Psychic Terrain\n|upkeep\n|turn|6\n|\n|t:|1746648479\n|move|p2b: Snorlax|Protect|p2b: Snorlax\n|-singleturn|p2b: Snorlax|Protect\n|move|p1a: Eggman|Psychic Terrain|p1a: Eggman\n|-fieldstart|move: Psychic Terrain\n|move|p2a: Chansey|Thunder Wave|p1a: Eggman\n|-status|p1a: Eggman|par\n|move|p1b: Clifford|Heal Pulse|p1a: Eggman\n|-heal|p1a: Eggman|332/332 par\n|\n|-weather|SunnyDay|[upkeep]\n|-heal|p2b: Snorlax|145/479|[from] item: Leftovers\n|upkeep\n|turn|7\n|\n|t:|1746648499\n|cant|p1a: Eggman|par\n|move|p2a: Chansey|Seismic Toss|p1a: Eggman\n|-damage|p1a: Eggman|232/332 par\n|move|p2b: Snorlax|Rock Slide|p1b: Clifford|[spread] p1a\n|-miss|p2b: Snorlax|p1b: Clifford\n|debug|Spread modifier: 0.75\n|debug|Friend Guard weaken\n|debug|Reflect weaken\n|-damage|p1a: Eggman|194/332 par\n|move|p1b: Clifford|Seismic Toss|p2a: Chansey\n|-damage|p2a: Chansey|436/704\n|\n|-weather|none\n|-heal|p2b: Snorlax|174/479|[from] item: Leftovers\n|upkeep\n|turn|8\n|\n|t:|1746648527\n|move|p2a: Chansey|Soft-Boiled|p2a: Chansey\n|-heal|p2a: Chansey|704/704\n|move|p1a: Eggman|Expanding Force|p2b: Snorlax|[spread] p2a,p2b\n|debug|psychic terrain boost\n|debug|terrain buff\n|debug|Spread modifier: 0.75\n|debug|psychic terrain boost\n|debug|terrain buff\n|debug|Spread modifier: 0.75\n|-damage|p2a: Chansey|551/704\n|-damage|p2b: Snorlax|0 fnt\n|faint|p2b: Snorlax\n|-damage|p1a: Eggman|161/332 par|[from] item: Life Orb\n|move|p1b: Clifford|Heal Pulse|p1a: Eggman\n|-heal|p1a: Eggman|327/332 par\n|\n|-sideend|p1: mistermoscow|Reflect\n|upkeep\n|\n|t:|1746648539\n|switch|p2b: Pinsir|Pinsir, F|334/334\n|turn|9\n|\n|t:|1746648549\n|move|p1b: Clifford|Follow Me|p1b: Clifford\n|-singleturn|p1b: Clifford|move: Follow Me\n|move|p2b: Pinsir|X-Scissor|p1b: Clifford\n|debug|Follow Me redirected target of move\n|-resisted|p1b: Clifford\n|-damage|p1b: Clifford|222/282 par\n|move|p2a: Chansey|Seismic Toss|p1b: Clifford\n|debug|Follow Me redirected target of move\n|-damage|p1b: Clifford|122/282 par\n|cant|p1a: Eggman|par\n|\n|-sideend|p1: mistermoscow|move: Light Screen\n|upkeep\n|turn|10\n|\n|t:|1746648582\n|switch|p1a: Apollo|Primeape, M|271/271\n|move|p1b: Clifford|Follow Me|p1b: Clifford\n|-singleturn|p1b: Clifford|move: Follow Me\n|move|p2b: Pinsir|X-Scissor|p1b: Clifford\n|debug|Follow Me redirected target of move\n|-resisted|p1b: Clifford\n|-damage|p1b: Clifford|63/282 par\n|move|p2a: Chansey|Seismic Toss|p1b: Clifford\n|debug|Follow Me redirected target of move\n|-damage|p1b: Clifford|0 fnt\n|faint|p1b: Clifford\n|\n|-fieldend|move: Psychic Terrain\n|upkeep\n|\n|t:|1746648607\n|switch|p1b: Puff Daddy|Dragonite, M|324/324\n|turn|11\n|\n|t:|1746648619\n|move|p1b: Puff Daddy|Dragon Dance|p1b: Puff Daddy\n|-boost|p1b: Puff Daddy|atk|1\n|-boost|p1b: Puff Daddy|spe|1\n|move|p1a: Apollo|Bulk Up|p1a: Apollo\n|-boost|p1a: Apollo|atk|1\n|-boost|p1a: Apollo|def|1\n|move|p2b: Pinsir|Knock Off|p1a: Apollo\n|-resisted|p1a: Apollo\n|-damage|p1a: Apollo|238/271\n|-enditem|p1a: Apollo|Eviolite|[from] move: Knock Off|[of] p2b: Pinsir\n|move|p2a: Chansey|Thunder Wave|p1b: Puff Daddy\n|-status|p1b: Puff Daddy|par\n|\n|upkeep\n|turn|12\n|\n|t:|1746648650\n|switch|p2a: Gengar|Gengar, M|262/262\n|move|p1a: Apollo|Drain Punch|p2a: Gengar\n|-immune|p2a: Gengar\n|move|p2b: Pinsir|Knock Off|p1b: Puff Daddy\n|debug|Multiscale weaken\n|-damage|p1b: Puff Daddy|257/324 par\n|-enditem|p1b: Puff Daddy|Covert Cloak|[from] move: Knock Off|[of] p2b: Pinsir\n|move|p1b: Puff Daddy|Dragon Claw|p2b: Pinsir\n|-damage|p2b: Pinsir|114/334\n|\n|upkeep\n|turn|13\n|\n|t:|1746648694\n|switch|p2b: Chansey|Chansey, F|551/704\n|cant|p1b: Puff Daddy|par\n|move|p2a: Gengar|Will-O-Wisp|p1a: Apollo\n|-status|p1a: Apollo|brn\n|move|p1a: Apollo|Bulk Up|p1a: Apollo\n|-boost|p1a: Apollo|atk|1\n|-boost|p1a: Apollo|def|1\n|\n|-damage|p1a: Apollo|222/271 brn|[from] brn\n|upkeep\n|turn|14\n|\n|t:|1746648744\n|move|p2a: Gengar|Sludge Bomb|p1b: Puff Daddy\n|-damage|p1b: Puff Daddy|89/324 par\n|debug|move failed because it did nothing\n|move|p1a: Apollo|Facade|p2b: Chansey\n|-damage|p2b: Chansey|95/704\n|move|p1b: Puff Daddy|Dragon Dance|p1b: Puff Daddy\n|-boost|p1b: Puff Daddy|atk|1\n|-boost|p1b: Puff Daddy|spe|1\n|move|p2b: Chansey|Teleport|p2b: Chansey\n|\n|t:|1746648754\n|switch|p2b: Starmie|Starmie|262/262|[from] Teleport\n|\n|-damage|p1a: Apollo|206/271 brn|[from] brn\n|upkeep\n|turn|15\n|\n|t:|1746648784\n|switch|p2b: Chansey|Chansey, F|95/704\n|cant|p1b: Puff Daddy|par\n|move|p2a: Gengar|Sludge Bomb|p1b: Puff Daddy\n|-damage|p1b: Puff Daddy|0 fnt\n|faint|p1b: Puff Daddy\n|move|p1a: Apollo|Rage Fist|p2b: Chansey\n|-immune|p2b: Chansey\n|\n|-damage|p1a: Apollo|190/271 brn|[from] brn\n|upkeep\n|\n|t:|1746648795\n|switch|p1b: Sparky|Jolteon, M|1/271\n|turn|16\n|\n|t:|1746648816\n|move|p2a: Gengar|Protect|p2a: Gengar\n|-singleturn|p2a: Gengar|Protect\n|move|p1b: Sparky|Light Screen|p1b: Sparky\n|-sidestart|p1: mistermoscow|move: Light Screen\n|move|p1a: Apollo|Facade|p2b: Chansey\n|-damage|p2b: Chansey|0 fnt\n|faint|p2b: Chansey\n|\n|-damage|p1a: Apollo|174/271 brn|[from] brn\n|upkeep\n|\n|t:|1746648833\n|switch|p2b: Nidoking|Nidoking, M|304/304\n|turn|17\n|\n|t:|1746648875\n|move|p2b: Nidoking|Sludge Wave|p1b: Sparky|[spread] p2a,p1a,p1b\n|debug|Spread modifier: 0.75\n|-resisted|p2a: Gengar\n|debug|Spread modifier: 0.75\n|debug|Light Screen weaken\n|debug|Spread modifier: 0.75\n|debug|Light Screen weaken\n|-damage|p2a: Gengar|217/262\n|-damage|p1a: Apollo|62/271 brn\n|-damage|p1b: Sparky|0 fnt\n|faint|p1b: Sparky\n|move|p2a: Gengar|Psychic|p1a: Apollo\n|-supereffective|p1a: Apollo\n|debug|Light Screen weaken\n|-damage|p1a: Apollo|0 fnt\n|faint|p1a: Apollo\n|\n|upkeep\n|\n|t:|1746648884\n|switch|p1b: Eggman|Exeggutor, M|327/332 par\n|switch|p1a: Mimsy|Mr. Mime, F|126/284\n|turn|18\n|\n|t:|1746648896\n|move|p1a: Mimsy|Fake Out|p2b: Nidoking\n|-damage|p2b: Nidoking|286/304\n|cant|p2b: Nidoking|flinch\n|move|p2a: Gengar|Sludge Bomb|p1b: Eggman\n|-supereffective|p1b: Eggman\n|debug|Light Screen weaken\n|-damage|p1b: Eggman|74/332 par\n|move|p1b: Eggman|Expanding Force|p2b: Nidoking\n|-supereffective|p2b: Nidoking\n|-damage|p2b: Nidoking|0 fnt\n|faint|p2b: Nidoking\n|-damage|p1b: Eggman|41/332 par|[from] item: Life Orb\n|\n|upkeep\n|\n|t:|1746648914\n|switch|p2b: Starmie|Starmie|262/262\n|turn|19\n|\n|t:|1746648937\n|move|p1a: Mimsy|Follow Me|p1a: Mimsy\n|-singleturn|p1a: Mimsy|move: Follow Me\n|move|p2b: Starmie|Ice Beam|p1a: Mimsy\n|debug|Follow Me redirected target of move\n|debug|Light Screen weaken\n|-damage|p1a: Mimsy|49/284\n|move|p2a: Gengar|Sludge Bomb|p1a: Mimsy\n|debug|Follow Me redirected target of move\n|-supereffective|p1a: Mimsy\n|debug|Filter neutralize\n|debug|Light Screen weaken\n|-damage|p1a: Mimsy|0 fnt\n|faint|p1a: Mimsy\n|cant|p1b: Eggman|par\n|\n|upkeep\n|turn|20\n|\n|t:|1746648950\n|cant|p1b: Eggman|par\n|move|p2b: Starmie|Ice Beam|p1b: Eggman\n|-supereffective|p1b: Eggman\n|debug|Light Screen weaken\n|-damage|p1b: Eggman|0 fnt\n|faint|p1b: Eggman\n|\n|win|Mattmandaman\n|l|☆mistermoscow\n|player|p1|\n","uploadtime":1746648958,"views":"13","formatid":"gen9doublescustomgame","rating":null,"private":0,"password":null}