{"id":"gen9doublescustomgame-2287448467","format":"[Gen 9] Doubles Custom Game","players":["mistermoscow","Mattmandaman"],"log":"|j|☆mistermoscow\n|j|☆Mattmandaman\n|t:|1737740427\n|gametype|doubles\n|player|p1|mistermoscow|alder|\n|player|p2|Mattmandaman|giovanni|\n|teamsize|p1|6\n|teamsize|p2|6\n|gen|9\n|tier|[Gen 9] Doubles Custom Game\n|clearpoke\n|poke|p1|Flareon, M|\n|poke|p1|Gengar, M|\n|poke|p1|Victreebel, M|\n|poke|p1|Jolteon, M|\n|poke|p1|Dragonite, M|\n|poke|p1|Fearow, M|\n|poke|p2|Marowak, M|\n|poke|p2|Dodrio, M|\n|poke|p2|Gengar, F|\n|poke|p2|Pikachu, M|\n|poke|p2|Electrode|\n|poke|p2|Nidoking, M|\n|teampreview\n|\n|t:|1737740556\n|start\n|switch|p1a: Puff Daddy|Dragonite, M|386/386\n|switch|p1b: Gang Gang|Gengar, M|262/262\n|switch|p2a: Gengar|Gengar, F|262/262\n|switch|p2b: Pikachu|Pikachu, M|211/211\n|turn|1\n|\n|t:|1737740586\n|switch|p1b: Sparky|Jolteon, M|271/271\n|move|p2a: Gengar|Will-O-Wisp|p1a: Puff Daddy\n|-status|p1a: Puff Daddy|brn\n|move|p2b: Pikachu|Volt Switch|p1b: Sparky\n|-immune|p1b: Sparky|[from] ability: Volt Absorb\n|move|p1a: Puff Daddy|Dragon Dance|p1a: Puff Daddy\n|-boost|p1a: Puff Daddy|atk|1\n|-boost|p1a: Puff Daddy|spe|1\n|\n|-damage|p1a: Puff Daddy|362/386 brn|[from] brn\n|upkeep\n|turn|2\n|\n|t:|1737740627\n|switch|p1b: Big Bird|Fearow, M|334/334\n|move|p2a: Gengar|Sludge Bomb|p1a: Puff Daddy\n|-damage|p1a: Puff Daddy|202/386 brn\n|move|p2b: Pikachu|Volt Switch|p1a: Puff Daddy\n|-damage|p1a: Puff Daddy|108/386 brn\n|\n|t:|1737740639\n|switch|p2b: Dodrio|Dodrio, M|262/262|[from] Volt Switch\n|move|p1a: Puff Daddy|Dragon Dance|p1a: Puff Daddy\n|-boost|p1a: Puff Daddy|atk|1\n|-boost|p1a: Puff Daddy|spe|1\n|\n|-damage|p1a: Puff Daddy|84/386 brn|[from] brn\n|upkeep\n|turn|3\n|\n|t:|1737740657\n|move|p2b: Dodrio|Protect|p2b: Dodrio\n|-singleturn|p2b: Dodrio|Protect\n|move|p1a: Puff Daddy|Dual Wingbeat|p2a: Gengar\n|-damage|p2a: Gengar|107/262\n|-start|p1a: Puff Daddy|Disable|Dual Wingbeat|[from] ability: Cursed Body|[of] p2a: Gengar\n|-damage|p2a: Gengar|0 fnt\n|faint|p2a: Gengar\n|-hitcount|p2: Gengar|2\n|-damage|p1a: Puff Daddy|46/386 brn|[from] item: Life Orb\n|move|p1b: Big Bird|Tailwind|p1b: Big Bird\n|-sidestart|p1: mistermoscow|move: Tailwind\n|\n|-damage|p1a: Puff Daddy|22/386 brn|[from] brn\n|upkeep\n|\n|t:|1737740665\n|switch|p2a: Pikachu|Pikachu, M|211/211\n|turn|4\n|\n|t:|1737740742\n|move|p2a: Pikachu|Fake Out|p1a: Puff Daddy\n|-damage|p1a: Puff Daddy|0 fnt\n|debug|move failed because it did nothing\n|faint|p1a: Puff Daddy\n|move|p1b: Big Bird|Sunny Day|p1b: Big Bird\n|-weather|SunnyDay\n|move|p2b: Dodrio|Tailwind|p2b: Dodrio\n|-sidestart|p2: Mattmandaman|move: Tailwind\n|\n|-weather|SunnyDay|[upkeep]\n|upkeep\n|\n|t:|1737740754\n|switch|p1a: Gang Gang|Gengar, M|262/262\n|turn|5\n|\n|t:|1737740770\n|switch|p1b: Bernie|Flareon, M|272/272\n|move|p2b: Dodrio|Protect|p2b: Dodrio\n|-singleturn|p2b: Dodrio|Protect\n|move|p2a: Pikachu|Protect|p2a: Pikachu\n|-singleturn|p2a: Pikachu|Protect\n|move|p1a: Gang Gang|Icy Wind|p2b: Dodrio|[spread] \n|-activate|p2a: Pikachu|move: Protect\n|-activate|p2b: Dodrio|move: Protect\n|\n|-weather|SunnyDay|[upkeep]\n|upkeep\n|turn|6\n|\n|t:|1737740792\n|move|p2b: Dodrio|Brave Bird|p1a: Gang Gang\n|-enditem|p1a: Gang Gang|Focus Sash\n|-damage|p1a: Gang Gang|1/262\n|-damage|p2b: Dodrio|176/262|[from] Recoil\n|move|p1a: Gang Gang|Toxic|p1b: Bernie\n|-status|p1b: Bernie|tox\n|move|p2a: Pikachu|Volt Tackle|p1b: Bernie\n|-damage|p1b: Bernie|2/272 tox\n|-enditem|p1b: Bernie|Aguav Berry|[eat]\n|-heal|p1b: Bernie|92/272 tox|[from] item: Aguav Berry\n|-damage|p2a: Pikachu|122/211|[from] Recoil\n|move|p1b: Bernie|Trailblaze|p2a: Pikachu\n|-damage|p2a: Pikachu|0 fnt\n|-boost|p1b: Bernie|spe|1\n|faint|p2a: Pikachu\n|\n|-weather|SunnyDay|[upkeep]\n|-damage|p1b: Bernie|75/272 tox|[from] psn\n|-sideend|p1: mistermoscow|move: Tailwind\n|upkeep\n|\n|t:|1737740817\n|switch|p2a: Electrode|Electrode|324/324\n|turn|7\n|\n|t:|1737740872\n|switch|p1a: Big Bird|Fearow, M|334/334\n|move|p1b: Bernie|Quick Attack|p2b: Dodrio\n|-damage|p2b: Dodrio|70/262\n|move|p2a: Electrode|Thunderbolt|p1b: Bernie\n|-damage|p1b: Bernie|0 fnt\n|faint|p1b: Bernie\n|move|p2b: Dodrio|Brave Bird|p1a: Big Bird\n|-damage|p1a: Big Bird|87/334\n|-damage|p2b: Dodrio|0 fnt|[from] Recoil\n|faint|p2b: Dodrio\n|\n|-weather|SunnyDay|[upkeep]\n|-sideend|p2: Mattmandaman|move: Tailwind\n|upkeep\n|\n|t:|1737740917\n|switch|p2b: Nidoking|Nidoking, M|304/304\n|switch|p1b: Sparky|Jolteon, M|271/271\n|turn|8\n|\n|t:|1737740937\n|switch|p1a: Victor|Victreebel, M|333/333\n|move|p2b: Nidoking|Earth Power|p1b: Sparky\n|-supereffective|p1b: Sparky\n|-damage|p1b: Sparky|0 fnt\n|faint|p1b: Sparky\n|move|p2a: Electrode|Thunderbolt|p1a: Victor\n|-resisted|p1a: Victor\n|-damage|p1a: Victor|246/333\n|\n|-weather|none\n|-heal|p1a: Victor|266/333|[from] item: Black Sludge\n|upkeep\n|\n|t:|1737740957\n|switch|p1b: Big Bird|Fearow, M|87/334\n|turn|9\n|\n|t:|1737740967\n|move|p1b: Big Bird|Protect|p1b: Big Bird\n|-singleturn|p1b: Big Bird|Protect\n|move|p2b: Nidoking|Earth Power|p1a: Victor\n|-damage|p1a: Victor|23/333\n|move|p2a: Electrode|Electroweb|p1a: Victor|[spread] p1a\n|-activate|p1b: Big Bird|move: Protect\n|debug|Spread modifier: 0.75\n|-resisted|p1a: Victor\n|-damage|p1a: Victor|0 fnt\n|faint|p1a: Victor\n|\n|upkeep\n|\n|t:|1737740977\n|switch|p1a: Gang Gang|Gengar, M|1/262\n|turn|10\n|\n|t:|1737740983\n|switch|p2b: Marowak|Marowak, M|262/262\n|move|p2a: Electrode|Electroweb|p1b: Big Bird|[spread] p1b\n|-miss|p2a: Electrode|p1a: Gang Gang\n|debug|Spread modifier: 0.75\n|-supereffective|p1b: Big Bird\n|-damage|p1b: Big Bird|0 fnt\n|faint|p1b: Big Bird\n|move|p1a: Gang Gang|Icy Wind|p2b: Marowak|[spread] p2a,p2b\n|debug|Spread modifier: 0.75\n|debug|Spread modifier: 0.75\n|-supereffective|p2b: Marowak\n|-damage|p2a: Electrode|261/324\n|-damage|p2b: Marowak|142/262\n|-unboost|p2a: Electrode|spe|1\n|-unboost|p2b: Marowak|spe|1\n|\n|upkeep\n|turn|11\n|c|☆mistermoscow|that was lame\n|c|☆mistermoscow|i thought we were using same teams lol, i only changed like 2 moves haha\n|\n|t:|1737741012\n|move|p1a: Gang Gang|Sunny Day|p1a: Gang Gang\n|-weather|SunnyDay\n|move|p2a: Electrode|Thunderbolt|p1a: Gang Gang\n|-damage|p1a: Gang Gang|0 fnt\n|faint|p1a: Gang Gang\n|\n|win|Mattmandaman\n|c|☆mistermoscow|you just added a straight up counter l;ol\n|c|☆mistermoscow|gg tho\n|c|☆Mattmandaman|oh i assumed any change meant all changes allowed]\n|c|☆Mattmandaman|it can be unofficial\n|c|☆mistermoscow|ohhh after the first rematch with same teams i kinda ssumed but i guess it was never stated lol\n|c|☆mistermoscow|its fine\n","uploadtime":1737741072,"views":"18","formatid":"gen9doublescustomgame","rating":null,"private":0,"password":null}