{"id":"gen9doublescustomgame-2283254893","format":"[Gen 9] Doubles Custom Game","players":["mistermoscow","je64"],"log":"|j|☆mistermoscow\n|j|☆je64\n|t:|1737170036\n|gametype|doubles\n|player|p1|mistermoscow|alder|\n|player|p2|je64|170|\n|teamsize|p1|6\n|teamsize|p2|6\n|gen|9\n|tier|[Gen 9] Doubles Custom Game\n|clearpoke\n|poke|p1|Clefairy, M|\n|poke|p1|Gengar, M|\n|poke|p1|Kingler, M|\n|poke|p1|Ditto|\n|poke|p1|Jolteon, M|\n|poke|p1|Dragonite, M|\n|poke|p2|Hitmonchan, M|\n|poke|p2|Dodrio, F|\n|poke|p2|Golduck, F|\n|poke|p2|Seaking, M|\n|poke|p2|Gyarados, F|\n|poke|p2|Articuno|\n|teampreview\n|\n|t:|1737170112\n|start\n|switch|p1a: Sparky|Jolteon, M|271/271\n|switch|p1b: Puff|Dragonite, M|355/355\n|switch|p2a: Jackie|Hitmonchan, M|242/242\n|switch|p2b: Dodrio|Dodrio, F|261/261\n|-item|p1a: Sparky|Air Balloon\n|turn|1\n|\n|t:|1737170131\n|move|p1a: Sparky|Protect|p1a: Sparky\n|-singleturn|p1a: Sparky|Protect\n|move|p2a: Jackie|Fake Out|p1a: Sparky\n|-activate|p1a: Sparky|move: Protect\n|move|p2b: Dodrio|Rain Dance|p2b: Dodrio\n|-weather|RainDance\n|move|p1b: Puff|Dragon Dance|p1b: Puff\n|-boost|p1b: Puff|atk|1\n|-boost|p1b: Puff|spe|1\n|\n|-weather|RainDance|[upkeep]\n|upkeep\n|turn|2\n|\n|t:|1737170164\n|move|p1a: Sparky|Electroweb|p2a: Jackie|[spread] p2a,p2b\n|debug|Spread modifier: 0.75\n|debug|Spread modifier: 0.75\n|-supereffective|p2b: Dodrio\n|-damage|p2a: Jackie|182/242\n|-damage|p2b: Dodrio|75/261\n|-unboost|p2a: Jackie|spe|1\n|-unboost|p2b: Dodrio|spe|1\n|move|p1b: Puff|Dual Wingbeat|p2a: Jackie\n|-supereffective|p2a: Jackie\n|-damage|p2a: Jackie|0 fnt\n|faint|p2a: Jackie\n|-hitcount|p2: Jackie|1\n|move|p2b: Dodrio|Double-Edge|p1b: Puff\n|-enditem|p2b: Dodrio|Normal Gem|[from] gem\n|debug|Gem Boost\n|-damage|p1b: Puff|132/355\n|-damage|p2b: Dodrio|1/261|[from] Recoil\n|\n|-weather|RainDance|[upkeep]\n|-heal|p1b: Puff|154/355|[from] item: Leftovers\n|upkeep\n|\n|t:|1737170201\n|switch|p2a: Gyaradance|Gyarados, F|331/331\n|-ability|p2a: Gyaradance|Intimidate|boost\n|-unboost|p1a: Sparky|atk|1\n|-fail|p1b: Puff|unboost|Attack|[from] ability: Inner Focus|[of] p1b: Puff\n|turn|3\n|j| Mattmandaman\n|\n|t:|1737170261\n|move|p1a: Sparky|Electroweb|p2a: Gyaradance|[spread] p2a,p2b\n|debug|Spread modifier: 0.75\n|-supereffective|p2a: Gyaradance\n|debug|Spread modifier: 0.75\n|-supereffective|p2b: Dodrio\n|-damage|p2a: Gyaradance|55/331\n|-damage|p2b: Dodrio|0 fnt\n|-unboost|p2a: Gyaradance|spe|1\n|faint|p2b: Dodrio\n|move|p1b: Puff|Rock Slide|p2a: Gyaradance\n|-supereffective|p2a: Gyaradance\n|-damage|p2a: Gyaradance|0 fnt\n|faint|p2a: Gyaradance\n|\n|-weather|RainDance|[upkeep]\n|-heal|p1b: Puff|176/355|[from] item: Leftovers\n|upkeep\n|\n|t:|1737170280\n|switch|p2b: Seaking|Seaking, M|301/301\n|switch|p2a: Golduck|Golduck, F|333/333\n|turn|4\n|\n|t:|1737170315\n|move|p1a: Sparky|Protect|p1a: Sparky\n|-singleturn|p1a: Sparky|Protect\n|move|p1b: Puff|Extreme Speed|p2a: Golduck\n|-damage|p2a: Golduck|171/333\n|move|p2a: Golduck|Ice Beam|p1b: Puff\n|-supereffective|p1b: Puff\n|-damage|p1b: Puff|0 fnt\n|debug|move failed because it did nothing\n|faint|p1b: Puff\n|move|p2b: Seaking|Waterfall|p1a: Sparky\n|-activate|p1a: Sparky|move: Protect\n|\n|-weather|RainDance|[upkeep]\n|upkeep\n|\n|t:|1737170381\n|switch|p1b: Clifford|Clefairy, M|344/344\n|turn|5\n|\n|t:|1737170407\n|switch|p1a: Imp|Ditto|300/300\n|-transform|p1a: Imp|p2b: Seaking|[from] ability: Imposter\n|move|p2a: Golduck|Muddy Water|p1b: Clifford|[spread] p1a,p1b\n|debug|Spread modifier: 0.75\n|debug|rain water boost\n|-resisted|p1a: Imp\n|debug|Friend Guard weaken\n|debug|Spread modifier: 0.75\n|debug|rain water boost\n|-damage|p1a: Imp|233/300\n|-damage|p1b: Clifford|134/344\n|debug|Covert Cloak prevent secondary\n|-unboost|p1b: Clifford|accuracy|1\n|move|p2b: Seaking|Waterfall|p1a: Imp\n|debug|rain water boost\n|-resisted|p1a: Imp\n|debug|Friend Guard weaken\n|-damage|p1a: Imp|146/300\n|debug|Covert Cloak prevent secondary\n|move|p1b: Clifford|Light Screen|p1b: Clifford\n|-sidestart|p1: mistermoscow|move: Light Screen\n|\n|-weather|none\n|upkeep\n|turn|6\n|\n|t:|1737170440\n|switch|p2b: Articu-no-hit-me|Articuno|384/384\n|move|p2a: Golduck|Psychic|p1b: Clifford\n|debug|Light Screen weaken\n|-damage|p1b: Clifford|37/344\n|move|p1a: Imp|Flip Turn|p2a: Golduck\n|-resisted|p2a: Golduck\n|-damage|p2a: Golduck|118/333\n|\n|t:|1737170448\n|switch|p1a: Sparky|Jolteon, M|271/271|[from] Flip Turn\n|-item|p1a: Sparky|Air Balloon\n|move|p1b: Clifford|Reflect|p1b: Clifford\n|-sidestart|p1: mistermoscow|Reflect\n|\n|upkeep\n|turn|7\n|\n|t:|1737170534\n|move|p1a: Sparky|Volt Switch|p2a: Golduck\n|-supereffective|p2a: Golduck\n|-damage|p2a: Golduck|0 fnt\n|faint|p2a: Golduck\n|\n|t:|1737170539\n|switch|p1a: Mister Snips|Kingler, M|252/252|[from] Volt Switch\n|move|p2b: Articu-no-hit-me|Rain Dance|p2b: Articu-no-hit-me\n|-weather|RainDance\n|move|p1b: Clifford|Rain Dance||[still]\n|-fail|p1b: Clifford\n|debug|move failed because it did nothing\n|\n|-weather|RainDance|[upkeep]\n|upkeep\n|\n|t:|1737170548\n|switch|p2a: Seaking|Seaking, M|301/301\n|turn|8\n|\n|t:|1737170569\n|move|p2a: Seaking|Swords Dance|p2a: Seaking\n|-boost|p2a: Seaking|atk|2\n|move|p2b: Articu-no-hit-me|Tailwind|p2b: Articu-no-hit-me\n|-sidestart|p2: je64|move: Tailwind\n|move|p1a: Mister Snips|Hone Claws|p1a: Mister Snips\n|-boost|p1a: Mister Snips|atk|1\n|-boost|p1a: Mister Snips|accuracy|1\n|move|p1b: Clifford|Moonblast|p2a: Seaking\n|-damage|p2a: Seaking|219/301\n|\n|-weather|RainDance|[upkeep]\n|upkeep\n|turn|9\n|\n|t:|1737170605\n|switch|p1b: Imp|Ditto|146/300\n|-transform|p1b: Imp|p2a: Seaking|[from] ability: Imposter\n|move|p2a: Seaking|Waterfall|p1a: Mister Snips\n|debug|rain water boost\n|-resisted|p1a: Mister Snips\n|debug|Reflect weaken\n|-damage|p1a: Mister Snips|147/252\n|move|p2b: Articu-no-hit-me|Hurricane|p1b: Imp\n|debug|Light Screen weaken\n|-damage|p1b: Imp|53/300\n|debug|Covert Cloak prevent secondary\n|move|p1a: Mister Snips|Rock Slide|p2b: Articu-no-hit-me|[spread] p2a,p2b\n|debug|Spread modifier: 0.75\n|debug|Spread modifier: 0.75\n|-supereffective|p2b: Articu-no-hit-me\n|-damage|p2a: Seaking|0 fnt\n|-damage|p2b: Articu-no-hit-me|0 fnt\n|faint|p2a: Seaking\n|faint|p2b: Articu-no-hit-me\n|\n|win|mistermoscow\n|c| Mattmandaman|hone claws nice on mister snips\n|c|☆je64|oh shit\n|c|☆je64|didn't realize you were snooping\n|c|☆je64|did you see the last match?\n|c| Mattmandaman|no just this one\n","uploadtime":1737170681,"views":"29","formatid":"gen9doublescustomgame","rating":null,"private":0,"password":null}