{"id":"gen9doublescustomgame-2333290204","format":"[Gen 9] Doubles Custom Game","players":["mistermoscow","Mattmandaman"],"log":"|j|☆mistermoscow\n|j|☆Mattmandaman\n|t:|1743561103\n|gametype|doubles\n|player|p1|mistermoscow|alder|\n|player|p2|Mattmandaman|giovanni|\n|teamsize|p1|6\n|teamsize|p2|6\n|gen|9\n|tier|[Gen 9] Doubles Custom Game\n|clearpoke\n|poke|p1|Incineroar, F|\n|poke|p1|Marshadow|\n|poke|p1|Kartana|\n|poke|p1|Celesteela|\n|poke|p1|Zeraora|\n|poke|p1|Magearna|\n|poke|p2|Genesect|\n|poke|p2|Mienshao, M|\n|poke|p2|Tornadus, M|\n|poke|p2|Kyurem-Black|\n|poke|p2|Landorus, M|\n|poke|p2|Volcarona, M|\n|teampreview\n|j| je64\n|\n|t:|1743561126\n|start\n|switch|p1a: Ceceelia|Celesteela|335/335\n|switch|p1b: Zeezy|Zeraora|318/318\n|switch|p2a: Mienshao|Mienshao, M|272/272\n|switch|p2b: Landorus|Landorus, M|320/320\n|turn|1\n|\n|t:|1743561157\n|switch|p1a: Cindy|Incineroar, F|394/394\n|-ability|p1a: Cindy|Intimidate|boost\n|-fail|p2a: Mienshao|unboost|Attack|[from] ability: Inner Focus|[of] p2a: Mienshao\n|-unboost|p2b: Landorus|atk|1\n|move|p1b: Zeezy|Fake Out|p2b: Landorus\n|-damage|p2b: Landorus|267/320\n|move|p2a: Mienshao|Fake Out|p1a: Cindy\n|-damage|p1a: Cindy|339/394\n|cant|p2b: Landorus|flinch\n|\n|upkeep\n|turn|2\n|\n|t:|1743561187\n|switch|p1a: Ceceelia|Celesteela|335/335\n|move|p1b: Zeezy|Volt Switch|p2a: Mienshao\n|-damage|p2a: Mienshao|148/272\n|\n|t:|1743561210\n|switch|p1b: Boo|Marshadow|384/384|[from] Volt Switch\n|move|p2a: Mienshao|Close Combat|p1a: Ceceelia\n|-damage|p1a: Ceceelia|115/335\n|-unboost|p2a: Mienshao|def|1\n|-unboost|p2a: Mienshao|spd|1\n|move|p2b: Landorus|Earth Power|p1b: Boo\n|-damage|p1b: Boo|164/384\n|\n|upkeep\n|turn|3\n|\n|t:|1743561229\n|switch|p2a: Volcarona|Volcarona, M|374/374\n|switch|p2b: Genesect|Genesect|283/283\n|-ability|p2b: Genesect|Download|boost\n|-boost|p2b: Genesect|atk|1\n|move|p1b: Boo|Shadow Sneak|p2a: Volcarona\n|debug|Base Power: 40\n|debug|Technician boost\n|-damage|p2a: Volcarona|195/374\n|-damage|p1b: Boo|126/384|[from] item: Life Orb\n|move|p1a: Ceceelia|Meteor Beam||[still]\n|-prepare|p1a: Ceceelia|Meteor Beam\n|-boost|p1a: Ceceelia|spa|1\n|-enditem|p1a: Ceceelia|Power Herb\n|debug|power herb - remove charge turn for meteorbeam\n|-anim|p1a: Ceceelia|Meteor Beam|p2b: Genesect\n|-damage|p2b: Genesect|58/283\n|\n|-heal|p2a: Volcarona|218/374|[from] item: Leftovers\n|upkeep\n|turn|4\n|\n|t:|1743561284\n|move|p1a: Ceceelia|Protect|p1a: Ceceelia\n|-singleturn|p1a: Ceceelia|Protect\n|move|p2a: Volcarona|Rage Powder|p2a: Volcarona\n|-singleturn|p2a: Volcarona|move: Rage Powder\n|move|p1b: Boo|Shadow Sneak|p2a: Volcarona\n|debug|Rage Powder redirected target of move\n|debug|Base Power: 40\n|debug|Technician boost\n|-damage|p2a: Volcarona|31/374\n|-status|p1b: Boo|brn|[from] ability: Flame Body|[of] p2a: Volcarona\n|-damage|p1b: Boo|88/384 brn|[from] item: Life Orb\n|move|p2b: Genesect|Iron Head|p1b: Boo\n|-damage|p1b: Boo|0 fnt\n|faint|p1b: Boo\n|\n|-heal|p2a: Volcarona|54/374|[from] item: Leftovers\n|upkeep\n|\n|t:|1743561298\n|switch|p1b: Zeezy|Zeraora|318/318\n|turn|5\n|\n|t:|1743561337\n|switch|p2b: Kyurem|Kyurem-Black|392/392\n|-ability|p2b: Kyurem|Teravolt\n|move|p2a: Volcarona|Protect|p2a: Volcarona\n|-singleturn|p2a: Volcarona|Protect\n|move|p1b: Zeezy|Electroweb|p2a: Volcarona|[spread] p2b\n|-activate|p2a: Volcarona|move: Protect\n|debug|Spread modifier: 0.75\n|-resisted|p2b: Kyurem\n|-damage|p2b: Kyurem|368/392\n|-unboost|p2b: Kyurem|spe|1\n|move|p1a: Ceceelia|Meteor Beam||[still]\n|-prepare|p1a: Ceceelia|Meteor Beam\n|-boost|p1a: Ceceelia|spa|1\n|\n|-heal|p2a: Volcarona|77/374|[from] item: Leftovers\n|upkeep\n|turn|6\n|\n|t:|1743561391\n|move|p2a: Volcarona|Rage Powder|p2a: Volcarona\n|-singleturn|p2a: Volcarona|move: Rage Powder\n|move|p1b: Zeezy|Electroweb|p2b: Kyurem|[spread] p2a,p2b\n|debug|Spread modifier: 0.75\n|debug|Spread modifier: 0.75\n|-resisted|p2b: Kyurem\n|-damage|p2a: Volcarona|37/374\n|-damage|p2b: Kyurem|343/392\n|-unboost|p2a: Volcarona|spe|1\n|-unboost|p2b: Kyurem|spe|1\n|move|p1a: Ceceelia|Meteor Beam|p2a: Volcarona|[from] lockedmove\n|debug|Rage Powder redirected target of move\n|-supereffective|p2a: Volcarona\n|-damage|p2a: Volcarona|0 fnt\n|faint|p2a: Volcarona\n|-ability|p1a: Ceceelia|Beast Boost|boost\n|-boost|p1a: Ceceelia|spa|1\n|move|p2b: Kyurem|Icicle Spear|p1a: Ceceelia\n|-damage|p1a: Ceceelia|57/335\n|-damage|p1a: Ceceelia|2/335\n|-damage|p1a: Ceceelia|0 fnt\n|faint|p1a: Ceceelia\n|-hitcount|p1: Ceceelia|3\n|\n|upkeep\n|\n|t:|1743561427\n|switch|p2a: Mienshao|Mienshao, M|148/272\n|switch|p1a: Paper Cut|Kartana|260/260\n|turn|7\n|\n|t:|1743561451\n|move|p2a: Mienshao|Fake Out|p1a: Paper Cut\n|-resisted|p1a: Paper Cut\n|-damage|p1a: Paper Cut|242/260\n|move|p1b: Zeezy|Volt Switch|p2a: Mienshao\n|-damage|p2a: Mienshao|27/272\n|\n|t:|1743561456\n|switch|p1b: Cindy|Incineroar, F|339/394|[from] Volt Switch\n|-ability|p1b: Cindy|Intimidate|boost\n|-fail|p2a: Mienshao|unboost|Attack|[from] ability: Inner Focus|[of] p2a: Mienshao\n|-unboost|p2b: Kyurem|atk|1\n|cant|p1a: Paper Cut|flinch\n|move|p2b: Kyurem|Icicle Spear|p1b: Cindy\n|-resisted|p1b: Cindy\n|-damage|p1b: Cindy|316/394\n|-resisted|p1b: Cindy\n|-damage|p1b: Cindy|292/394\n|-resisted|p1b: Cindy\n|-damage|p1b: Cindy|271/394\n|-resisted|p1b: Cindy\n|-damage|p1b: Cindy|247/394\n|-hitcount|p1b: Cindy|4\n|\n|upkeep\n|turn|8\n|\n|t:|1743561490\n|switch|p2b: Genesect|Genesect|58/283\n|-ability|p2b: Genesect|Download|boost\n|-boost|p2b: Genesect|spa|1\n|move|p1a: Paper Cut|Sacred Sword|p2b: Genesect\n|debug|Negating (sp)def boost/penalty.\n|-damage|p2b: Genesect|0 fnt\n|faint|p2b: Genesect\n|-ability|p1a: Paper Cut|Beast Boost|boost\n|-boost|p1a: Paper Cut|atk|1\n|move|p2a: Mienshao|Close Combat|p1b: Cindy\n|-supereffective|p1b: Cindy\n|-damage|p1b: Cindy|0 fnt\n|-unboost|p2a: Mienshao|def|1\n|-unboost|p2a: Mienshao|spd|1\n|faint|p1b: Cindy\n|\n|upkeep\n|\n|t:|1743561514\n|switch|p2b: Tornadus|Tornadus, M|300/300\n|switch|p1b: Zeezy|Zeraora|318/318\n|turn|9\n|\n|t:|1743561527\n|move|p1b: Zeezy|Fake Out|p2a: Mienshao\n|-damage|p2a: Mienshao|0 fnt\n|debug|move failed because it did nothing\n|faint|p2a: Mienshao\n|move|p2b: Tornadus|Tailwind|p2b: Tornadus\n|-sidestart|p2: Mattmandaman|move: Tailwind\n|move|p1a: Paper Cut|Knock Off|p2b: Tornadus\n|-damage|p2b: Tornadus|0 fnt\n|-enditem|p2b: Tornadus|Covert Cloak|[from] move: Knock Off|[of] p1a: Paper Cut\n|faint|p2b: Tornadus\n|-ability|p1a: Paper Cut|Beast Boost|boost\n|-boost|p1a: Paper Cut|atk|1\n|\n|upkeep\n|\n|t:|1743561536\n|switch|p2b: Kyurem|Kyurem-Black|343/392\n|switch|p2a: Landorus|Landorus, M|267/320\n|-ability|p2b: Kyurem|Teravolt\n|turn|10\n|\n|t:|1743561559\n|switch|p1b: Maggie|Magearna|364/364\n|move|p2a: Landorus|Earth Power|p1a: Paper Cut\n|-damage|p1a: Paper Cut|0 fnt\n|faint|p1a: Paper Cut\n|-ability|p1b: Maggie|Soul-Heart|boost\n|-boost|p1b: Maggie|spa|1\n|move|p2b: Kyurem|Icicle Spear|p1b: Maggie\n|-resisted|p1b: Maggie\n|-damage|p1b: Maggie|339/364\n|-resisted|p1b: Maggie\n|-damage|p1b: Maggie|313/364\n|-resisted|p1b: Maggie\n|-damage|p1b: Maggie|284/364\n|-resisted|p1b: Maggie\n|-damage|p1b: Maggie|259/364\n|-hitcount|p1b: Maggie|4\n|\n|-heal|p1b: Maggie|281/364|[from] item: Leftovers\n|upkeep\n|\n|t:|1743561575\n|switch|p1a: Zeezy|Zeraora|318/318\n|turn|11\n|\n|t:|1743561599\n|move|p2a: Landorus|Protect|p2a: Landorus\n|-singleturn|p2a: Landorus|Protect\n|move|p2b: Kyurem|Protect|p2b: Kyurem\n|-singleturn|p2b: Kyurem|Protect\n|move|p1a: Zeezy|Fake Out|p2a: Landorus\n|-activate|p2a: Landorus|move: Protect\n|move|p1b: Maggie|Calm Mind|p1b: Maggie\n|-boost|p1b: Maggie|spa|1\n|-boost|p1b: Maggie|spd|1\n|\n|-heal|p1b: Maggie|303/364|[from] item: Leftovers\n|upkeep\n|turn|12\n|\n|t:|1743561630\n|move|p2a: Landorus|Earth Power|p1b: Maggie\n|-supereffective|p1b: Maggie\n|-damage|p1b: Maggie|0 fnt\n|faint|p1b: Maggie\n|move|p2b: Kyurem|Icicle Spear|p1a: Zeezy\n|debug|TryHit handler suppressed by Mold Breaker\n|-damage|p1a: Zeezy|236/318\n|-damage|p1a: Zeezy|166/318\n|-damage|p1a: Zeezy|93/318\n|-damage|p1a: Zeezy|15/318\n|-crit|p1a: Zeezy\n|-damage|p1a: Zeezy|0 fnt\n|faint|p1a: Zeezy\n|-hitcount|p1: Zeezy|5\n|\n|win|Mattmandaman\n","uploadtime":1743561645,"views":"30","formatid":"gen9doublescustomgame","rating":null,"private":0,"password":null}