{"id":"gen9doublescustomgame-2263779140","format":"[Gen 9] Doubles Custom Game","players":["mistermoscow","Mango Meloetta"],"log":"|j|☆mistermoscow\n|j|☆Mango Meloetta\n|t:|1734315995\n|gametype|doubles\n|player|p1|mistermoscow|alder|\n|player|p2|Mango Meloetta|li|\n|teamsize|p1|6\n|teamsize|p2|6\n|gen|9\n|tier|[Gen 9] Doubles Custom Game\n|clearpoke\n|poke|p1|Porygon|\n|poke|p1|Butterfree, F|\n|poke|p1|Clefairy, M|\n|poke|p1|Ditto|\n|poke|p1|Snorlax, M|\n|poke|p1|Poliwrath, F|\n|poke|p2|Arcanine, M|\n|poke|p2|Golduck, M|\n|poke|p2|Parasect, M|\n|poke|p2|Dragonair, M|\n|poke|p2|Muk, M|\n|poke|p2|Dewgong, F|\n|teampreview\n|c|☆mistermoscow|Official?\n|c|☆Mango Meloetta|Hell yea!\n|c|☆mistermoscow|Dope\n|c|☆Mango Meloetta|First time with this team lol small change\n|\n|t:|1734316077\n|start\n|switch|p1a: Pogo Jr|Porygon|271/271\n|switch|p1b: Clifford|Clefairy, M|344/344\n|switch|p2a: Water Dog|Arcanine, M|384/384\n|switch|p2b: Fire Duck|Golduck, M|302/302\n|-ability|p2a: Water Dog|Intimidate|boost\n|-unboost|p1a: Pogo Jr|atk|1\n|-unboost|p1b: Clifford|atk|1\n|-ability|p1a: Pogo Jr|Download|boost\n|-boost|p1a: Pogo Jr|atk|1\n|turn|1\n|\n|t:|1734316098\n|move|p2a: Water Dog|Snarl|p1a: Pogo Jr|[spread] p1a,p1b\n|debug|Spread modifier: 0.75\n|debug|Spread modifier: 0.75\n|-resisted|p1b: Clifford\n|-damage|p1a: Pogo Jr|254/271\n|-damage|p1b: Clifford|331/344\n|-unboost|p1a: Pogo Jr|spa|1\n|-unboost|p1b: Clifford|spa|1\n|move|p2b: Fire Duck|Rain Dance|p2b: Fire Duck\n|-weather|RainDance\n|move|p1b: Clifford|Minimize|p1b: Clifford\n|-boost|p1b: Clifford|evasion|2\n|move|p1a: Pogo Jr|Trick Room|p1a: Pogo Jr\n|-fieldstart|move: Trick Room|[of] p1a: Pogo Jr\n|\n|-weather|RainDance|[upkeep]\n|upkeep\n|turn|2\n|\n|t:|1734316123\n|switch|p2a: Dewgong|Dewgong, F|358/358\n|move|p1b: Clifford|Minimize|p1b: Clifford\n|-boost|p1b: Clifford|evasion|2\n|move|p2b: Fire Duck|Hydro Pump|p1a: Pogo Jr\n|debug|rain water boost\n|-crit|p1a: Pogo Jr\n|-damage|p1a: Pogo Jr|0 fnt\n|faint|p1a: Pogo Jr\n|-damage|p2b: Fire Duck|272/302|[from] item: Life Orb\n|\n|-weather|RainDance|[upkeep]\n|upkeep\n|c|☆Mango Meloetta|wtf lol\n|c|☆Mango Meloetta|how did that happen\n|c|☆Mango Meloetta|im way too fast\n|\n|t:|1734316148\n|switch|p1a: Polly|Poliwrath, F|353/353\n|turn|3\n|c|☆Mango Meloetta|but went before you did\n|\n|t:|1734316186\n|move|p2a: Dewgong|Fake Out|p1a: Polly\n|-damage|p1a: Polly|325/353\n|move|p1b: Clifford|Baton Pass|p1b: Clifford\n|c|☆mistermoscow|I was using teleport, -5 priority\n|c|☆Mango Meloetta|ohhhh\n|c|☆Mango Meloetta|gotcha\n|\n|t:|1734316221\n|switch|p1b: Snax|Snorlax, M|524/524|[from] Baton Pass\n|cant|p1a: Polly|flinch\n|move|p2b: Fire Duck|Hydro Pump|p1b: Snax\n|debug|rain water boost\n|-damage|p1b: Snax|317/524\n|-damage|p2b: Fire Duck|242/302|[from] item: Life Orb\n|\n|-weather|RainDance|[upkeep]\n|upkeep\n|turn|4\n|\n|t:|1734316258\n|move|p2b: Fire Duck|Protect|p2b: Fire Duck\n|-singleturn|p2b: Fire Duck|Protect\n|move|p1b: Snax|Power-Up Punch|p2a: Dewgong\n|-supereffective|p2a: Dewgong\n|-damage|p2a: Dewgong|300/358\n|-boost|p1b: Snax|atk|1\n|move|p1a: Polly|Coaching|p1b: Snax\n|-boost|p1b: Snax|atk|1\n|-boost|p1b: Snax|def|1\n|move|p2a: Dewgong|Alluring Voice|p1b: Snax|[miss]\n|-miss|p2a: Dewgong|p1b: Snax\n|\n|-weather|RainDance|[upkeep]\n|upkeep\n|turn|5\n|\n|t:|1734316292\n|switch|p1a: Clifford|Clefairy, M|331/344\n|move|p1b: Snax|Power-Up Punch|p2a: Dewgong\n|-supereffective|p2a: Dewgong\n|-damage|p2a: Dewgong|186/358\n|-boost|p1b: Snax|atk|1\n|move|p2a: Dewgong|Alluring Voice|p1b: Snax\n|-damage|p1b: Snax|287/524\n|-start|p1b: Snax|confusion\n|move|p2b: Fire Duck|Hydro Pump|p1b: Snax|[miss]\n|-miss|p2b: Fire Duck|p1b: Snax\n|\n|-weather|none\n|-fieldend|move: Trick Room\n|upkeep\n|turn|6\n|\n|t:|1734316328\n|move|p2b: Fire Duck|Rain Dance|p2b: Fire Duck\n|-weather|RainDance\n|move|p2a: Dewgong|Flip Turn|p1b: Snax\n|debug|rain water boost\n|-damage|p1b: Snax|218/524\n|\n|t:|1734316334\n|switch|p2a: Grass Bug|Parasect, M|324/324|[from] Flip Turn\n|move|p1a: Clifford|Heal Pulse|p1b: Snax\n|-heal|p1b: Snax|480/524\n|-activate|p1b: Snax|confusion\n|move|p1b: Snax|Power-Up Punch|p2a: Grass Bug\n|-resisted|p2a: Grass Bug\n|-damage|p2a: Grass Bug|295/324\n|-boost|p1b: Snax|atk|1\n|\n|-weather|RainDance|[upkeep]\n|-heal|p2a: Grass Bug|324/324|[from] ability: Dry Skin\n|upkeep\n|turn|7\n|\n|t:|1734316373\n|move|p1a: Clifford|Follow Me|p1a: Clifford\n|-singleturn|p1a: Clifford|move: Follow Me\n|move|p2b: Fire Duck|Hydro Pump|p1a: Clifford|[miss]\n|debug|Follow Me redirected target of move\n|-miss|p2b: Fire Duck|p1a: Clifford\n|move|p2a: Grass Bug|Spore|p1a: Clifford\n|debug|Follow Me redirected target of move\n|-status|p1a: Clifford|slp|[from] move: Spore\n|-activate|p1b: Snax|confusion\n|move|p1b: Snax|Double-Edge|p2a: Grass Bug\n|-damage|p2a: Grass Bug|26/324\n|-damage|p1b: Snax|382/524|[from] Recoil\n|\n|-weather|RainDance|[upkeep]\n|-heal|p2a: Grass Bug|66/324|[from] ability: Dry Skin\n|upkeep\n|turn|8\n|\n|t:|1734316412\n|switch|p1a: Purple Haze|Butterfree, F|262/262\n|move|p2b: Fire Duck|Hydro Pump|p1b: Snax|[miss]\n|-miss|p2b: Fire Duck|p1b: Snax\n|move|p2a: Grass Bug|Spore|p1b: Snax\n|-status|p1b: Snax|slp|[from] move: Spore\n|cant|p1b: Snax|slp\n|\n|-weather|RainDance|[upkeep]\n|-heal|p2a: Grass Bug|106/324|[from] ability: Dry Skin\n|upkeep\n|turn|9\n|\n|t:|1734316439\n|move|p2a: Grass Bug|Protect|p2a: Grass Bug\n|-singleturn|p2a: Grass Bug|Protect\n|move|p2b: Fire Duck|Ice Beam|p1a: Purple Haze\n|-supereffective|p1a: Purple Haze\n|-damage|p1a: Purple Haze|0 fnt\n|debug|Covert Cloak prevent secondary\n|faint|p1a: Purple Haze\n|-damage|p2b: Fire Duck|212/302|[from] item: Life Orb\n|cant|p1b: Snax|slp\n|\n|-weather|RainDance|[upkeep]\n|-heal|p2a: Grass Bug|146/324|[from] ability: Dry Skin\n|upkeep\n|\n|t:|1734316458\n|switch|p1a: Clifford|Clefairy, M|331/344 slp\n|turn|10\n|\n|t:|1734316525\n|cant|p1a: Clifford|slp\n|move|p2b: Fire Duck|Hydro Pump|p1a: Clifford\n|debug|rain water boost\n|-damage|p1a: Clifford|50/344 slp\n|-damage|p2b: Fire Duck|182/302|[from] item: Life Orb\n|move|p2a: Grass Bug|Seed Bomb|p1a: Clifford\n|-damage|p1a: Clifford|0 fnt\n|faint|p1a: Clifford\n|-curestatus|p1b: Snax|slp|[msg]\n|-activate|p1b: Snax|confusion\n|move|p1b: Snax|Double-Edge|p2a: Grass Bug\n|-damage|p2a: Grass Bug|0 fnt\n|faint|p2a: Grass Bug\n|-damage|p1b: Snax|334/524|[from] Recoil\n|\n|-weather|none\n|upkeep\n|\n|t:|1734316549\n|switch|p2a: Water Dog|Arcanine, M|384/384\n|switch|p1a: Imp|Ditto|300/300\n|-ability|p2a: Water Dog|Intimidate|boost\n|-unboost|p1a: Imp|atk|1\n|-unboost|p1b: Snax|atk|1\n|-transform|p1a: Imp|p2b: Fire Duck|[from] ability: Imposter\n|turn|11\n|\n|t:|1734316564\n|switch|p2b: Dewgong|Dewgong, F|186/358\n|move|p2a: Water Dog|Protect|p2a: Water Dog\n|-singleturn|p2a: Water Dog|Protect\n|move|p1a: Imp|Hydro Pump|p2a: Water Dog\n|-activate|p2a: Water Dog|move: Protect\n|-end|p1b: Snax|confusion\n|move|p1b: Snax|Double-Edge|p2b: Dewgong\n|-damage|p2b: Dewgong|0 fnt\n|faint|p2b: Dewgong\n|-damage|p1b: Snax|273/524|[from] Recoil\n|\n|upkeep\n|\n|t:|1734316578\n|switch|p2b: PHFWK|Muk, M|414/414\n|turn|12\n|\n|t:|1734316593\n|move|p1a: Imp|Protect|p1a: Imp\n|-singleturn|p1a: Imp|Protect\n|move|p2a: Water Dog|Wild Charge|p1a: Imp\n|-activate|p1a: Imp|move: Protect\n|move|p2b: PHFWK|Curse|p2b: PHFWK\n|-unboost|p2b: PHFWK|spe|1\n|-boost|p2b: PHFWK|atk|1\n|-boost|p2b: PHFWK|def|1\n|move|p1b: Snax|Earthquake|p2b: PHFWK|[spread] p2a,p2b\n|-activate|p1a: Imp|move: Protect\n|debug|Spread modifier: 0.75\n|-supereffective|p2a: Water Dog\n|debug|Spread modifier: 0.75\n|-supereffective|p2b: PHFWK\n|-damage|p2a: Water Dog|68/384\n|-damage|p2b: PHFWK|206/414\n|\n|-heal|p2b: PHFWK|231/414|[from] item: Black Sludge\n|upkeep\n|turn|13\n|\n|t:|1734316630\n|switch|p2a: Fire Duck|Golduck, M|182/302\n|move|p2b: PHFWK|Protect|p2b: PHFWK\n|-singleturn|p2b: PHFWK|Protect\n|move|p1a: Imp|Hydro Pump|p2b: PHFWK\n|-activate|p2b: PHFWK|move: Protect\n|move|p1b: Snax|Power-Up Punch|p2a: Fire Duck\n|-damage|p2a: Fire Duck|102/302\n|-boost|p1b: Snax|atk|1\n|\n|-heal|p2b: PHFWK|256/414|[from] item: Black Sludge\n|upkeep\n|turn|14\n|\n|t:|1734316658\n|switch|p2a: Water Dog|Arcanine, M|68/384\n|-ability|p2a: Water Dog|Intimidate|boost\n|-unboost|p1a: Imp|atk|1\n|-unboost|p1b: Snax|atk|1\n|switch|p1a: Polly|Poliwrath, F|325/353\n|move|p2b: PHFWK|Curse|p2b: PHFWK\n|-unboost|p2b: PHFWK|spe|1\n|-boost|p2b: PHFWK|atk|1\n|-boost|p2b: PHFWK|def|1\n|move|p1b: Snax|Double-Edge|p2a: Water Dog\n|-damage|p2a: Water Dog|0 fnt\n|faint|p2a: Water Dog\n|-damage|p1b: Snax|251/524|[from] Recoil\n|\n|-heal|p2b: PHFWK|281/414|[from] item: Black Sludge\n|upkeep\n|\n|t:|1734316686\n|switch|p2a: Fire Duck|Golduck, M|102/302\n|turn|15\n|\n|t:|1734316715\n|move|p2a: Fire Duck|Hydro Pump|p1b: Snax|[miss]\n|-miss|p2a: Fire Duck|p1b: Snax\n|move|p1a: Polly|Coaching|p1b: Snax\n|-boost|p1b: Snax|atk|1\n|-boost|p1b: Snax|def|1\n|move|p2b: PHFWK|Gunk Shot|p1b: Snax\n|-damage|p1b: Snax|104/524\n|debug|set status [psn] interrupted\n|debug|move failed because it did nothing\n|move|p1b: Snax|Darkest Lariat|p2b: PHFWK\n|debug|Negating (sp)def boost/penalty.\n|-damage|p2b: PHFWK|44/414\n|\n|-heal|p2b: PHFWK|69/414|[from] item: Black Sludge\n|upkeep\n|turn|16\n|\n|t:|1734316734\n|move|p2b: PHFWK|Protect|p2b: PHFWK\n|-singleturn|p2b: PHFWK|Protect\n|move|p2a: Fire Duck|Hydro Pump|p1b: Snax\n|-damage|p1b: Snax|0 fnt\n|faint|p1b: Snax\n|-damage|p2a: Fire Duck|72/302|[from] item: Life Orb\n|move|p1a: Polly|Liquidation|p2b: PHFWK\n|-activate|p2b: PHFWK|move: Protect\n|\n|-heal|p2b: PHFWK|94/414|[from] item: Black Sludge\n|upkeep\n|\n|t:|1734316747\n|switch|p1b: Imp|Ditto|300/300\n|-transform|p1b: Imp|p2a: Fire Duck|[from] ability: Imposter\n|turn|17\n|\n|t:|1734316791\n|move|p2a: Fire Duck|Protect|p2a: Fire Duck\n|-singleturn|p2a: Fire Duck|Protect\n|move|p1b: Imp|Hydro Pump|p2b: PHFWK\n|-damage|p2b: PHFWK|0 fnt\n|faint|p2b: PHFWK\n|move|p1a: Polly|Drain Punch|p2a: Fire Duck\n|-activate|p2a: Fire Duck|move: Protect\n|\n|upkeep\n|\n|t:|1734316798\n|switch|p2b: Long Boi|Dragonair, M|264/264\n|turn|18\n|\n|t:|1734316818\n|move|p2a: Fire Duck|Ice Beam|p1a: Polly\n|-resisted|p1a: Polly\n|-damage|p1a: Polly|278/353\n|-damage|p2a: Fire Duck|42/302|[from] item: Life Orb\n|move|p1b: Imp|Ice Beam|p2b: Long Boi\n|-supereffective|p2b: Long Boi\n|-damage|p2b: Long Boi|16/264\n|-enditem|p2b: Long Boi|Iapapa Berry|[eat]\n|-heal|p2b: Long Boi|104/264|[from] item: Iapapa Berry\n|move|p2b: Long Boi|Dragon Dance|p2b: Long Boi\n|-boost|p2b: Long Boi|atk|1\n|-boost|p2b: Long Boi|spe|1\n|move|p1a: Polly|Drain Punch|p2a: Fire Duck\n|-damage|p2a: Fire Duck|0 fnt\n|-heal|p1a: Polly|299/353|[from] drain|[of] p2a: Fire Duck\n|faint|p2a: Fire Duck\n|\n|upkeep\n|turn|19\n|\n|t:|1734316836\n|move|p2b: Long Boi|Outrage|p1a: Polly\n|-damage|p1a: Polly|73/353\n|-enditem|p1a: Polly|Aguav Berry|[eat]\n|-heal|p1a: Polly|190/353|[from] item: Aguav Berry\n|move|p1b: Imp|Ice Beam|p2b: Long Boi\n|-supereffective|p2b: Long Boi\n|-damage|p2b: Long Boi|0 fnt\n|faint|p2b: Long Boi\n|\n|win|mistermoscow\n|c|☆mistermoscow|gg\n|c|☆Mango Meloetta|gg\n|c|☆Mango Meloetta|gggg\n|c|☆Mango Meloetta|close haha\n|c|☆mistermoscow|yee\n|c|☆Mango Meloetta|you'll upload it?\n|c|☆mistermoscow|yeah\n","uploadtime":1734316855,"views":"50","formatid":"gen9doublescustomgame","rating":null,"private":0,"password":null}