{"id":"gen9doublescustomgame-2005744300","format":"[Gen 9] Doubles Custom Game","players":["smokeydabearrr","Mister Moscow"],"log":"|j|☆smokeydabearrr\n|j|☆Mister Moscow\n|t:|1701837961\n|gametype|doubles\n|player|p1|smokeydabearrr|1|\n|player|p2|Mister Moscow|alder|\n|teamsize|p1|6\n|teamsize|p2|6\n|gen|9\n|tier|[Gen 9] Doubles Custom Game\n|clearpoke\n|poke|p1|Toxapex, M|\n|poke|p1|Arcanine, M|\n|poke|p1|Quaquaval, M|\n|poke|p1|Dudunsparce-*, M|\n|poke|p1|Maushold|\n|poke|p1|Heatran, F|\n|poke|p2|Indeedee-F, F|\n|poke|p2|Pelipper, M|\n|poke|p2|Great Tusk|\n|poke|p2|Necrozma|\n|poke|p2|Darkrai|\n|poke|p2|Sylveon, M|\n|teampreview\n|j| je64\n|\n|t:|1701838059\n|start\n|switch|p1a: Maushold|Maushold|352/352\n|switch|p1b: Arcanine|Arcanine, M|378/378\n|switch|p2a: Dee Dee|Indeedee-F, F|344/344\n|switch|p2b: Darren|Darkrai|344/344\n|-fieldstart|move: Psychic Terrain|[from] ability: Psychic Surge|[of] p2a: Dee Dee\n|-enditem|p2a: Dee Dee|Psychic Seed\n|-boost|p2a: Dee Dee|spd|1|[from] item: Psychic Seed\n|turn|1\n|c| je64|Huh, ok two unexpected teams lol\n|\n|t:|1701838106\n|move|p2b: Darren|Thunder Wave|p1b: Arcanine\n|-status|p1b: Arcanine|par\n|move|p1a: Maushold|Beat Up|p1b: Arcanine\n|debug|BP for Maushold hit: 12\n|debug|Friend Guard weaken\n|-damage|p1b: Arcanine|374/378 par\n|-ability|p1b: Arcanine|Justified|boost\n|-boost|p1b: Arcanine|atk|1\n|debug|BP for Quaquaval hit: 17\n|debug|Friend Guard weaken\n|-damage|p1b: Arcanine|367/378 par\n|-ability|p1b: Arcanine|Justified|boost\n|-boost|p1b: Arcanine|atk|1\n|debug|BP for Dudunsparce hit: 15\n|debug|Friend Guard weaken\n|-damage|p1b: Arcanine|360/378 par\n|-ability|p1b: Arcanine|Justified|boost\n|-boost|p1b: Arcanine|atk|1\n|debug|BP for Toxapex hit: 11\n|debug|Friend Guard weaken\n|-damage|p1b: Arcanine|355/378 par\n|-ability|p1b: Arcanine|Justified|boost\n|-boost|p1b: Arcanine|atk|1\n|debug|BP for Heatran hit: 14\n|debug|Friend Guard weaken\n|-damage|p1b: Arcanine|349/378 par\n|-ability|p1b: Arcanine|Justified|boost\n|-boost|p1b: Arcanine|atk|1\n|-hitcount|p1b: Arcanine|5\n|move|p2a: Dee Dee|Baton Pass|p2a: Dee Dee\n|c|☆Mister Moscow|yeah i wasnt ready to see mister quacks lol\n|c| je64|her mer gerd\n|\n|t:|1701838125\n|switch|p2a: Raymond|Great Tusk|371/371|[from] Baton Pass\n|move|p1b: Arcanine|Flame Charge|p2a: Raymond\n|-damage|p2a: Raymond|172/371\n|-boost|p1b: Arcanine|spe|1\n|\n|upkeep\n|turn|2\n|c|☆smokeydabearrr|lmao i know i figured id try something different\n|c|☆smokeydabearrr|well, kinda diff\n|\n|t:|1701838168\n|-terastallize|p2a: Raymond|Ground\n|move|p2b: Darren|Protect|p2b: Darren\n|-singleturn|p2b: Darren|Protect\n|move|p1a: Maushold|Follow Me|p1a: Maushold\n|-singleturn|p1a: Maushold|move: Follow Me\n|move|p2a: Raymond|Earthquake|p1a: Maushold|[spread] p1a,p1b\n|-activate|p2b: Darren|move: Protect\n|debug|Spread modifier: 0.75\n|debug|Spread modifier: 0.75\n|-supereffective|p1b: Arcanine\n|debug|Friend Guard weaken\n|-damage|p1a: Maushold|150/352\n|-damage|p1b: Arcanine|64/378 par\n|move|p1b: Arcanine|Flame Charge|p2a: Raymond\n|-damage|p2a: Raymond|0 fnt\n|-boost|p1b: Arcanine|spe|1\n|faint|p2a: Raymond\n|-end|p2a: Raymond|Protosynthesis|[silent]\n|\n|upkeep\n|c|☆Mister Moscow|jesus christ thats a tanky arcanine\n|\n|t:|1701838217\n|switch|p2a: Nicholas|Necrozma|367/367\n|turn|3\n|c| je64|Was great tusks full attack?\n|c|☆smokeydabearrr|hehe\n|c|☆Mister Moscow|yeah\n|c| je64|damnnn that arcanine thiccc\n|c|☆Mister Moscow|max attack, adamant nature, and tera ground\n|c|☆smokeydabearrr|hes a chonky boiii\n|\n|t:|1701838291\n|move|p1a: Maushold|Follow Me|p1a: Maushold\n|-singleturn|p1a: Maushold|move: Follow Me\n|move|p2b: Darren|Icy Wind|p1b: Arcanine|[spread] p1a,p1b\n|debug|Spread modifier: 0.75\n|debug|Spread modifier: 0.75\n|-resisted|p1b: Arcanine\n|debug|Friend Guard weaken\n|-damage|p1a: Maushold|96/352\n|-damage|p1b: Arcanine|51/378 par\n|-unboost|p1a: Maushold|spe|1\n|-unboost|p1b: Arcanine|spe|1\n|move|p2a: Nicholas|Expanding Force|p1a: Maushold|[spread] p1a,p1b\n|debug|psychic terrain boost\n|debug|terrain buff\n|debug|Spread modifier: 0.75\n|debug|psychic terrain boost\n|debug|terrain buff\n|debug|Spread modifier: 0.75\n|debug|Friend Guard weaken\n|-damage|p1a: Maushold|0 fnt\n|-damage|p1b: Arcanine|0 fnt\n|faint|p1a: Maushold\n|faint|p1b: Arcanine\n|\n|upkeep\n|c| je64|oh shit I forgot expanding force is spread\n|c|☆Mister Moscow|only in psychic terrain\n|\n|t:|1701838352\n|switch|p1a: Dudunsparce|Dudunsparce, M|449/449\n|switch|p1b: Toxapex|Toxapex, M|304/304\n|turn|4\n|c|☆Mister Moscow|arcanine really hates psychic terrain, he needed to be able to extreme speed haha\n|c|☆smokeydabearrr|hes not happy about it\n|c|☆smokeydabearrr|well, now hes dead so\n|\n|t:|1701838403\n|move|p2b: Darren|Thunder Wave|p1a: Dudunsparce\n|-status|p1a: Dudunsparce|par\n|move|p2a: Nicholas|Expanding Force|p1a: Dudunsparce|[spread] p1a,p1b\n|debug|psychic terrain boost\n|debug|terrain buff\n|debug|Spread modifier: 0.75\n|debug|psychic terrain boost\n|debug|terrain buff\n|debug|Spread modifier: 0.75\n|-supereffective|p1b: Toxapex\n|-damage|p1a: Dudunsparce|221/449 par\n|-damage|p1b: Toxapex|34/304\n|move|p1b: Toxapex|Stockpile|p1b: Toxapex\n|-start|p1b: Toxapex|stockpile1\n|-boost|p1b: Toxapex|def|1\n|-boost|p1b: Toxapex|spd|1\n|debug|doubling secondary chance\n|move|p1a: Dudunsparce|Poison Jab|p2a: Nicholas\n|-crit|p2a: Nicholas\n|-damage|p2a: Nicholas|276/367\n|\n|-heal|p1b: Toxapex|53/304|[from] item: Black Sludge\n|-heal|p1a: Dudunsparce|249/449 par|[from] item: Leftovers\n|upkeep\n|turn|5\n|\n|t:|1701838431\n|move|p1b: Toxapex|Baneful Bunker|p1b: Toxapex\n|-singleturn|p1b: Toxapex|move: Protect\n|move|p2b: Darren|Snarl|p1a: Dudunsparce|[spread] p1a\n|-activate|p1b: Toxapex|move: Protect\n|debug|Spread modifier: 0.75\n|-damage|p1a: Dudunsparce|177/449 par\n|-unboost|p1a: Dudunsparce|spa|1\n|move|p2a: Nicholas|Expanding Force|p1b: Toxapex|[spread] p1a\n|-activate|p1b: Toxapex|move: Protect\n|debug|psychic terrain boost\n|debug|terrain buff\n|debug|Spread modifier: 0.75\n|-crit|p1a: Dudunsparce\n|-damage|p1a: Dudunsparce|0 fnt\n|faint|p1a: Dudunsparce\n|\n|-heal|p1b: Toxapex|72/304|[from] item: Black Sludge\n|-fieldend|move: Psychic Terrain\n|upkeep\n|\n|t:|1701838486\n|switch|p1a: Quaquaval|Quaquaval, M|311/311\n|turn|6\n|\n|t:|1701838511\n|switch|p2a: Dee Dee|Indeedee-F, F|344/344\n|-fieldstart|move: Psychic Terrain|[from] ability: Psychic Surge|[of] p2a: Dee Dee\n|-terastallize|p1a: Quaquaval|Water\n|move|p2b: Darren|Protect|p2b: Darren\n|-singleturn|p2b: Darren|Protect\n|move|p1a: Quaquaval|Aqua Step|p2a: Dee Dee\n|-damage|p2a: Dee Dee|136/344\n|-boost|p1a: Quaquaval|spe|1\n|move|p1b: Toxapex|Recover|p1b: Toxapex\n|-heal|p1b: Toxapex|224/304\n|\n|-heal|p1b: Toxapex|243/304|[from] item: Black Sludge\n|upkeep\n|turn|7\n|c| je64|quaquaval's sprite is hilarious ;'D\n|c|☆Mister Moscow|it really is haha\n|c|☆smokeydabearrr|lmao\n|\n|t:|1701838561\n|move|p1a: Quaquaval|Aqua Step|p2b: Darren\n|-damage|p2b: Darren|110/344\n|debug|Covert Cloak prevent secondary\n|-boost|p1a: Quaquaval|spe|1\n|move|p2b: Darren|Thunder Wave|p1a: Quaquaval\n|-status|p1a: Quaquaval|par\n|move|p2a: Dee Dee|Calm Mind|p2a: Dee Dee\n|-boost|p2a: Dee Dee|spa|1\n|-boost|p2a: Dee Dee|spd|1\n|move|p1b: Toxapex|Stockpile|p1b: Toxapex\n|-start|p1b: Toxapex|stockpile2\n|-boost|p1b: Toxapex|def|1\n|-boost|p1b: Toxapex|spd|1\n|\n|-heal|p1b: Toxapex|262/304|[from] item: Black Sludge\n|upkeep\n|turn|8\n|c| je64|I thought sexy pexy was out of it but here comes a come back!\n|\n|t:|1701838598\n|move|p2b: Darren|Icy Wind|p1b: Toxapex|[spread] p1a,p1b\n|debug|Spread modifier: 0.75\n|-resisted|p1a: Quaquaval\n|debug|Spread modifier: 0.75\n|-resisted|p1b: Toxapex\n|-damage|p1a: Quaquaval|286/311 par\n|-damage|p1b: Toxapex|256/304\n|-unboost|p1a: Quaquaval|spe|1\n|-unboost|p1b: Toxapex|spe|1\n|cant|p1a: Quaquaval|par\n|move|p2a: Dee Dee|Baton Pass|p2a: Dee Dee\n|c|☆smokeydabearrr|never count him out!\n|c| je64|Oh no, it's not the real sexy pexy\n|c|☆smokeydabearrr|ugh\n|\n|t:|1701838609\n|switch|p2a: Nicholas|Necrozma|276/367|[from] Baton Pass\n|move|p1b: Toxapex|Infestation|p2a: Nicholas\n|-supereffective|p2a: Nicholas\n|debug|Prism Armor neutralize\n|-damage|p2a: Nicholas|264/367\n|-activate|p2a: Nicholas|move: Infestation|[of] p1b: Toxapex\n|-enditem|p2a: Nicholas|Weakness Policy\n|-boost|p2a: Nicholas|atk|2|[from] item: Weakness Policy\n|-boost|p2a: Nicholas|spa|2|[from] item: Weakness Policy\n|\n|-heal|p1b: Toxapex|275/304|[from] item: Black Sludge\n|-damage|p2a: Nicholas|219/367|[from] move: Infestation|[partiallytrapped]\n|upkeep\n|turn|9\n|c|☆smokeydabearrr|lmao its a fraud\n|c|☆Mister Moscow|youve activated my trap card\n|\n|t:|1701838647\n|switch|p1a: Heatran|Heatran, F|368/368\n|-item|p1a: Heatran|Air Balloon\n|move|p1b: Toxapex|Baneful Bunker|p1b: Toxapex\n|-singleturn|p1b: Toxapex|move: Protect\n|move|p2b: Darren|Icy Wind|p1a: Heatran|[spread] p1a\n|-activate|p1b: Toxapex|move: Protect\n|debug|Spread modifier: 0.75\n|-resisted|p1a: Heatran\n|-damage|p1a: Heatran|358/368\n|-unboost|p1a: Heatran|spe|1\n|-enditem|p1a: Heatran|Air Balloon\n|move|p2a: Nicholas|Expanding Force|p1a: Heatran|[spread] p1a\n|-activate|p1b: Toxapex|move: Protect\n|debug|psychic terrain boost\n|debug|terrain buff\n|debug|Spread modifier: 0.75\n|-resisted|p1a: Heatran\n|-damage|p1a: Heatran|111/368\n|\n|-heal|p1b: Toxapex|294/304|[from] item: Black Sludge\n|-damage|p2a: Nicholas|174/367|[from] move: Infestation|[partiallytrapped]\n|upkeep\n|turn|10\n|c| je64|wow the weakness policy\n|c|☆Mister Moscow|best item for him with his ability\n|\n|t:|1701838681\n|move|p2b: Darren|Thunder Wave|p1b: Toxapex\n|-status|p1b: Toxapex|par\n|move|p2a: Nicholas|Earth Power|p1a: Heatran\n|-supereffective|p1a: Heatran\n|-damage|p1a: Heatran|0 fnt\n|faint|p1a: Heatran\n|cant|p1b: Toxapex|par\n|\n|-heal|p1b: Toxapex|304/304 par|[from] item: Black Sludge\n|-damage|p2a: Nicholas|129/367|[from] move: Infestation|[partiallytrapped]\n|-fieldend|move: Psychic Terrain\n|upkeep\n|c| je64|ooof\n|\n|t:|1701838694\n|switch|p1a: Quaquaval|Quaquaval, M, tera:Water|286/311 par\n|turn|11\n|\n|t:|1701838702\n|switch|p2b: Dee Dee|Indeedee-F, F|136/344\n|-fieldstart|move: Psychic Terrain|[from] ability: Psychic Surge|[of] p2b: Dee Dee\n|move|p2a: Nicholas|Expanding Force|p1a: Quaquaval|[spread] p1a,p1b\n|debug|psychic terrain boost\n|debug|terrain buff\n|debug|Spread modifier: 0.75\n|debug|psychic terrain boost\n|debug|terrain buff\n|debug|Spread modifier: 0.75\n|-supereffective|p1b: Toxapex\n|-damage|p1a: Quaquaval|0 fnt\n|-damage|p1b: Toxapex|0 fnt\n|faint|p1a: Quaquaval\n|faint|p1b: Toxapex\n|\n|win|Mister Moscow\n|c|☆Mister Moscow|gg\n|c|☆smokeydabearrr|gg:(\n|c| je64|gg, ill update the website\n|c|☆Mister Moscow|<3\n|c| je64|aright peace guys!\n","uploadtime":1701838752,"views":"36","formatid":"gen9doublescustomgame","rating":null,"private":0,"password":null}