{"id":"gen9doublescustomgame-2340205229","format":"[Gen 9] Doubles Custom Game","players":["mistermoscow","Mattmandaman"],"log":"|j|☆mistermoscow\n|j|☆Mattmandaman\n|t:|1744339223\n|gametype|doubles\n|player|p1|mistermoscow|alder|\n|player|p2|Mattmandaman|giovanni|\n|teamsize|p1|6\n|teamsize|p2|6\n|gen|9\n|tier|[Gen 9] Doubles Custom Game\n|clearpoke\n|poke|p1|Nidoking, M|\n|poke|p1|Primeape, M|\n|poke|p1|Dewgong, M|\n|poke|p1|Exeggutor, M|\n|poke|p1|Mr. Mime, M|\n|poke|p1|Jolteon, M|\n|poke|p2|Onix, F|\n|poke|p2|Ponyta, F|\n|poke|p2|Pikachu, M|\n|poke|p2|Pinsir, F|\n|poke|p2|Farfetch’d, F|\n|poke|p2|Nidoqueen, F|\n|teampreview\n|\n|t:|1744339267\n|start\n|switch|p1a: Apollo|Primeape, M|334/334\n|switch|p1b: Dewey|Dewgong, M|384/384\n|switch|p2a: Onix|Onix, F|212/212\n|switch|p2b: Pikachu|Pikachu, M|211/211\n|-item|p2a: Onix|Air Balloon\n|turn|1\n|\n|t:|1744339283\n|move|p1a: Apollo|Protect|p1a: Apollo\n|-singleturn|p1a: Apollo|Protect\n|move|p2b: Pikachu|Fake Out|p1b: Dewey\n|-damage|p1b: Dewey|338/384\n|debug|Covert Cloak prevent secondary\n|move|p1b: Dewey|Fake Out|p2a: Onix\n|-resisted|p2a: Onix\n|-damage|p2a: Onix|202/212\n|-enditem|p2a: Onix|Air Balloon\n|cant|p2a: Onix|flinch\n|\n|upkeep\n|turn|2\n|\n|t:|1744339305\n|switch|p1b: King Nido|Nidoking, M|303/303\n|move|p2b: Pikachu|Volt Switch|p1a: Apollo\n|-damage|p1a: Apollo|258/334\n|\n|t:|1744339319\n|switch|p2b: Farfetch’d|Farfetch’d, F|246/246|[from] Volt Switch\n|move|p2a: Onix|Stealth Rock|p1b: King Nido\n|-sidestart|p1: mistermoscow|move: Stealth Rock\n|move|p1a: Apollo|Bulk Up|p1a: Apollo\n|-boost|p1a: Apollo|atk|1\n|-boost|p1a: Apollo|def|1\n|\n|upkeep\n|turn|3\n|\n|t:|1744339375\n|move|p1a: Apollo|Protect|p1a: Apollo\n|-singleturn|p1a: Apollo|Protect\n|move|p1b: King Nido|Sludge Bomb|p2b: Farfetch’d\n|-damage|p2b: Farfetch’d|3/246\n|move|p2b: Farfetch’d|Tailwind|p2b: Farfetch’d\n|-sidestart|p2: Mattmandaman|move: Tailwind\n|move|p2a: Onix|Roar|p1a: Apollo\n|drag|p1a: Sparky|Jolteon, M|271/271\n|-damage|p1a: Sparky|238/271|[from] Stealth Rock\n|\n|upkeep\n|turn|4\n|\n|t:|1744339396\n|switch|p1b: Apollo|Primeape, M|258/334\n|-damage|p1b: Apollo|238/334|[from] Stealth Rock\n|move|p2a: Onix|Body Press|p1a: Sparky\n|-damage|p1a: Sparky|74/271\n|move|p2b: Farfetch’d|Dual Wingbeat|p1b: Apollo\n|-supereffective|p1b: Apollo\n|-damage|p1b: Apollo|118/334\n|-supereffective|p1b: Apollo\n|-damage|p1b: Apollo|0 fnt\n|faint|p1b: Apollo\n|-hitcount|p1: Apollo|2\n|move|p1a: Sparky|Electroweb|p2a: Onix|[spread] p2b\n|-immune|p2a: Onix\n|debug|Spread modifier: 0.75\n|-supereffective|p2b: Farfetch’d\n|-damage|p2b: Farfetch’d|0 fnt\n|faint|p2b: Farfetch’d\n|\n|upkeep\n|\n|t:|1744339429\n|switch|p1b: Dewey|Dewgong, M|338/384\n|switch|p2b: Pinsir|Pinsir, F|272/272\n|-damage|p1b: Dewey|242/384|[from] Stealth Rock\n|turn|5\n|\n|t:|1744339445\n|move|p1b: Dewey|Fake Out|p2b: Pinsir\n|-crit|p2b: Pinsir\n|-damage|p2b: Pinsir|214/272\n|cant|p2b: Pinsir|flinch\n|move|p2a: Onix|Body Press|p1b: Dewey\n|-supereffective|p1b: Dewey\n|-damage|p1b: Dewey|0 fnt\n|faint|p1b: Dewey\n|move|p1a: Sparky|Reflect|p1a: Sparky\n|-sidestart|p1: mistermoscow|Reflect\n|\n|upkeep\n|\n|t:|1744339459\n|switch|p1b: King Nido|Nidoking, M|303/303\n|-damage|p1b: King Nido|285/303|[from] Stealth Rock\n|turn|6\n|\n|t:|1744339492\n|move|p2b: Pinsir|Earthquake|p1b: King Nido|[spread] p2a,p1a,p1b\n|debug|Spread modifier: 0.75\n|-supereffective|p2a: Onix\n|debug|Spread modifier: 0.75\n|-supereffective|p1a: Sparky\n|debug|Reflect weaken\n|debug|Spread modifier: 0.75\n|-supereffective|p1b: King Nido\n|debug|Reflect weaken\n|-damage|p2a: Onix|102/212\n|-damage|p1a: Sparky|0 fnt\n|-damage|p1b: King Nido|136/303\n|faint|p1a: Sparky\n|-ability|p2b: Pinsir|Moxie|boost\n|-boost|p2b: Pinsir|atk|1\n|move|p2a: Onix|Body Press|p1b: King Nido\n|-resisted|p1b: King Nido\n|debug|Reflect weaken\n|-damage|p1b: King Nido|90/303\n|move|p1b: King Nido|Sludge Bomb|p2b: Pinsir\n|-damage|p2b: Pinsir|0 fnt\n|faint|p2b: Pinsir\n|\n|-sideend|p2: Mattmandaman|move: Tailwind\n|upkeep\n|\n|t:|1744339524\n|switch|p1a: Mimsy|Mr. Mime, M|221/221\n|switch|p2b: Pikachu|Pikachu, M|211/211\n|-damage|p1a: Mimsy|194/221|[from] Stealth Rock\n|turn|7\n|\n|t:|1744339538\n|move|p2b: Pikachu|Fake Out|p1b: King Nido\n|debug|Reflect weaken\n|-damage|p1b: King Nido|55/303\n|cant|p1b: King Nido|flinch\n|move|p2a: Onix|Body Press|p1b: King Nido\n|-resisted|p1b: King Nido\n|debug|Reflect weaken\n|-damage|p1b: King Nido|9/303\n|move|p1a: Mimsy|Psychic Terrain|p1a: Mimsy\n|-fieldstart|move: Psychic Terrain\n|\n|upkeep\n|turn|8\n|\n|t:|1744339561\n|move|p1b: King Nido|Sludge Bomb|p2b: Pikachu\n|-damage|p2b: Pikachu|0 fnt\n|faint|p2b: Pikachu\n|move|p2a: Onix|Body Press|p1b: King Nido\n|-resisted|p1b: King Nido\n|debug|Reflect weaken\n|-damage|p1b: King Nido|0 fnt\n|faint|p1b: King Nido\n|move|p1a: Mimsy|Expanding Force|p2a: Onix\n|debug|psychic terrain boost\n|debug|terrain buff\n|-damage|p2a: Onix|0 fnt\n|faint|p2a: Onix\n|\n|upkeep\n|\n|t:|1744339571\n|switch|p2b: Nidoqueen|Nidoqueen, F|384/384\n|switch|p1b: Eggman|Exeggutor, M|394/394\n|switch|p2a: Ponyta|Ponyta, F|304/304\n|-damage|p1b: Eggman|345/394|[from] Stealth Rock\n|turn|9\n|\n|t:|1744339599\n|move|p2a: Ponyta|Hypnosis|p1a: Mimsy\n|-status|p1a: Mimsy|slp|[from] move: Hypnosis\n|cant|p1a: Mimsy|slp\n|move|p2b: Nidoqueen|Sludge Wave|p1b: Eggman|[spread] p2a,p1a,p1b\n|debug|Spread modifier: 0.75\n|debug|Spread modifier: 0.75\n|-supereffective|p1a: Mimsy\n|debug|Filter neutralize\n|debug|Spread modifier: 0.75\n|-supereffective|p1b: Eggman\n|-damage|p2a: Ponyta|144/304\n|-damage|p1a: Mimsy|0 fnt\n|-damage|p1b: Eggman|0 fnt\n|faint|p1a: Mimsy\n|faint|p1b: Eggman\n|\n|win|Mattmandaman\n|c|☆mistermoscow|boo\n|c|☆Mattmandaman|no yay\n|c|☆mistermoscow|one more?\n|c|☆Mattmandaman|surely\n|l|☆mistermoscow\n|player|p1|\n","uploadtime":1744339612,"views":"13","formatid":"gen9doublescustomgame","rating":null,"private":0,"password":null}