{"id":"gen9doublescustomgame-2286303544","format":"[Gen 9] Doubles Custom Game","players":["mistermoscow","Mattmandaman"],"log":"|j|☆mistermoscow\n|j|☆Mattmandaman\n|t:|1737588941\n|gametype|doubles\n|player|p1|mistermoscow|alder|\n|player|p2|Mattmandaman|giovanni|\n|teamsize|p1|6\n|teamsize|p2|6\n|gen|9\n|tier|[Gen 9] Doubles Custom Game\n|clearpoke\n|poke|p1|Butterfree, F|\n|poke|p1|Fearow, M|\n|poke|p1|Poliwrath, F|\n|poke|p1|Dewgong, M|\n|poke|p1|Kingler, M|\n|poke|p1|Jolteon, M|\n|poke|p2|Cloyster, M|\n|poke|p2|Gengar, M|\n|poke|p2|Nidoqueen, F|\n|poke|p2|Nidoking, M|\n|poke|p2|Machamp, F|\n|poke|p2|Dodrio, M|\n|teampreview\n|\n|t:|1737588984\n|start\n|switch|p1a: Big Bird|Fearow, M|334/334\n|switch|p1b: Dewey|Dewgong, M|384/384\n|switch|p2a: Nidoqueen|Nidoqueen, F|384/384\n|switch|p2b: Gengar|Gengar, M|262/262\n|turn|1\n|\n|t:|1737589022\n|move|p2b: Gengar|Sludge Bomb|p1a: Big Bird\n|-damage|p1a: Big Bird|112/334\n|debug|Covert Cloak prevent secondary\n|move|p1a: Big Bird|Tailwind|p1a: Big Bird\n|-sidestart|p1: mistermoscow|move: Tailwind\n|move|p1b: Dewey|Rain Dance|p1b: Dewey\n|-weather|RainDance\n|move|p2a: Nidoqueen|Stealth Rock|p1b: Dewey\n|-sidestart|p1: mistermoscow|move: Stealth Rock\n|\n|-weather|RainDance|[upkeep]\n|upkeep\n|turn|2\n|\n|t:|1737589043\n|move|p1a: Big Bird|Drill Run|p2b: Gengar\n|-supereffective|p2b: Gengar\n|-damage|p2b: Gengar|90/262\n|move|p1b: Dewey|Muddy Water|p2b: Gengar|[spread] p2a,p2b\n|debug|Spread modifier: 0.75\n|debug|rain water boost\n|-supereffective|p2a: Nidoqueen\n|debug|Spread modifier: 0.75\n|debug|rain water boost\n|-damage|p2a: Nidoqueen|198/384\n|-damage|p2b: Gengar|0 fnt\n|faint|p2b: Gengar\n|move|p2a: Nidoqueen|Toxic Spikes|p1a: Big Bird\n|-sidestart|p1: mistermoscow|move: Toxic Spikes\n|\n|-weather|RainDance|[upkeep]\n|-heal|p2a: Nidoqueen|222/384|[from] item: Black Sludge\n|upkeep\n|\n|t:|1737589065\n|switch|p2b: Dodrio|Dodrio, M|262/262\n|turn|3\n|\n|t:|1737589084\n|move|p2b: Dodrio|Protect|p2b: Dodrio\n|-singleturn|p2b: Dodrio|Protect\n|move|p1a: Big Bird|Drill Peck|p2b: Dodrio\n|-activate|p2b: Dodrio|move: Protect\n|move|p1b: Dewey|Icy Wind|p2b: Dodrio|[spread] p2a\n|-activate|p2b: Dodrio|move: Protect\n|debug|Spread modifier: 0.75\n|-supereffective|p2a: Nidoqueen\n|-damage|p2a: Nidoqueen|144/384\n|-unboost|p2a: Nidoqueen|spe|1\n|move|p2a: Nidoqueen|Roar|p1b: Dewey\n|drag|p1b: Polly|Poliwrath, F|384/384\n|-damage|p1b: Polly|360/384|[from] Stealth Rock\n|-status|p1b: Polly|psn\n|\n|-weather|RainDance|[upkeep]\n|-heal|p1b: Polly|384/384 psn|[from] item: Leftovers\n|-heal|p2a: Nidoqueen|168/384|[from] item: Black Sludge\n|-damage|p1b: Polly|336/384 psn|[from] psn\n|upkeep\n|turn|4\n|\n|t:|1737589173\n|switch|p1b: Dewey|Dewgong, M|384/384\n|-damage|p1b: Dewey|288/384|[from] Stealth Rock\n|-status|p1b: Dewey|psn\n|switch|p2b: Cloyster|Cloyster, M|242/242\n|move|p1a: Big Bird|Drill Run|p2a: Nidoqueen\n|-supereffective|p2a: Nidoqueen\n|-damage|p2a: Nidoqueen|66/384\n|move|p2a: Nidoqueen|High Horsepower|p1b: Dewey\n|-damage|p1b: Dewey|179/384 psn\n|-damage|p2a: Nidoqueen|2/384|[from] item: Rocky Helmet|[of] p1b: Dewey\n|\n|-weather|RainDance|[upkeep]\n|debug|hydration\n|-activate|p1b: Dewey|ability: Hydration\n|-curestatus|p1b: Dewey|psn|[msg]\n|-heal|p2a: Nidoqueen|26/384|[from] item: Black Sludge\n|-sideend|p1: mistermoscow|move: Tailwind\n|upkeep\n|turn|5\n|\n|t:|1737589203\n|move|p1b: Dewey|Fake Out|p2b: Cloyster\n|-damage|p2b: Cloyster|227/242\n|cant|p2b: Cloyster|flinch\n|move|p1a: Big Bird|Tailwind|p1a: Big Bird\n|-sidestart|p1: mistermoscow|move: Tailwind\n|move|p2a: Nidoqueen|Roar|p1b: Dewey\n|drag|p1b: Polly|Poliwrath, F|336/384 psn\n|-damage|p1b: Polly|312/384 psn|[from] Stealth Rock\n|\n|-weather|none\n|-heal|p1b: Polly|336/384 psn|[from] item: Leftovers\n|-heal|p2a: Nidoqueen|50/384|[from] item: Black Sludge\n|-damage|p1b: Polly|288/384 psn|[from] psn\n|upkeep\n|turn|6\n|\n|t:|1737589248\n|switch|p1a: King Snips|Kingler, M|251/251\n|-damage|p1a: King Snips|220/251|[from] Stealth Rock\n|-status|p1a: King Snips|psn\n|move|p2b: Cloyster|Icicle Spear|p1a: King Snips\n|-resisted|p1a: King Snips\n|-damage|p1a: King Snips|202/251 psn\n|-resisted|p1a: King Snips\n|-damage|p1a: King Snips|184/251 psn\n|-resisted|p1a: King Snips\n|-damage|p1a: King Snips|168/251 psn\n|-resisted|p1a: King Snips\n|-damage|p1a: King Snips|151/251 psn\n|-resisted|p1a: King Snips\n|-damage|p1a: King Snips|133/251 psn\n|-hitcount|p1a: King Snips|5\n|move|p1b: Polly|Bulk Up|p1b: Polly\n|-boost|p1b: Polly|atk|1\n|-boost|p1b: Polly|def|1\n|move|p2a: Nidoqueen|High Horsepower|p1b: Polly\n|-damage|p1b: Polly|212/384 psn\n|\n|-heal|p1b: Polly|236/384 psn|[from] item: Leftovers\n|-heal|p2a: Nidoqueen|74/384|[from] item: Black Sludge\n|-damage|p1a: King Snips|102/251 psn|[from] psn\n|-damage|p1b: Polly|188/384 psn|[from] psn\n|upkeep\n|turn|7\n|\n|t:|1737589302\n|switch|p2b: Nidoking|Nidoking, M|304/304\n|move|p1a: King Snips|Rock Slide|p2a: Nidoqueen|[spread] p2a,p2b\n|debug|Spread modifier: 0.75\n|-resisted|p2a: Nidoqueen\n|debug|Spread modifier: 0.75\n|-resisted|p2b: Nidoking\n|-damage|p2a: Nidoqueen|18/384\n|-damage|p2b: Nidoking|231/304\n|move|p1b: Polly|Drain Punch|p2b: Nidoking\n|-resisted|p2b: Nidoking\n|-damage|p2b: Nidoking|150/304\n|-heal|p1b: Polly|229/384 psn|[from] drain|[of] p2b: Nidoking\n|move|p2a: Nidoqueen|Roar|p1b: Polly\n|drag|p1b: Big Bird|Fearow, M|112/334\n|-damage|p1b: Big Bird|29/334|[from] Stealth Rock\n|\n|-heal|p2a: Nidoqueen|42/384|[from] item: Black Sludge\n|-damage|p1a: King Snips|71/251 psn|[from] psn\n|upkeep\n|turn|8\n|\n|t:|1737589339\n|move|p2b: Nidoking|Protect|p2b: Nidoking\n|-singleturn|p2b: Nidoking|Protect\n|move|p1b: Big Bird|Rain Dance|p1b: Big Bird\n|-weather|RainDance\n|move|p1a: King Snips|Liquidation|p2b: Nidoking\n|-activate|p2b: Nidoking|move: Protect\n|move|p2a: Nidoqueen|Roar|p1b: Big Bird\n|drag|p1b: Sparky|Jolteon, M|271/271\n|-damage|p1b: Sparky|238/271|[from] Stealth Rock\n|-status|p1b: Sparky|psn\n|\n|-weather|RainDance|[upkeep]\n|-heal|p2a: Nidoqueen|66/384|[from] item: Black Sludge\n|-damage|p1b: Sparky|205/271 psn|[from] psn\n|-damage|p1a: King Snips|40/251 psn|[from] psn\n|-sideend|p1: mistermoscow|move: Tailwind\n|upkeep\n|turn|9\n|\n|t:|1737589377\n|move|p1b: Sparky|Hyper Voice|p2a: Nidoqueen|[spread] p2a,p2b\n|debug|Spread modifier: 0.75\n|debug|Spread modifier: 0.75\n|-damage|p2a: Nidoqueen|0 fnt\n|-damage|p2b: Nidoking|52/304\n|faint|p2a: Nidoqueen\n|cant|p2b: Nidoking|flinch\n|move|p1a: King Snips|Liquidation|p2b: Nidoking\n|debug|rain water boost\n|-supereffective|p2b: Nidoking\n|-damage|p2b: Nidoking|0 fnt\n|faint|p2b: Nidoking\n|\n|-weather|RainDance|[upkeep]\n|-damage|p1b: Sparky|172/271 psn|[from] psn\n|-damage|p1a: King Snips|9/251 psn|[from] psn\n|upkeep\n|\n|t:|1737589399\n|switch|p2b: Dodrio|Dodrio, M|262/262\n|switch|p2a: Machamp|Machamp, F|360/360\n|turn|10\n|\n|t:|1737589449\n|move|p2b: Dodrio|Protect|p2b: Dodrio\n|-singleturn|p2b: Dodrio|Protect\n|move|p1b: Sparky|Electroweb|p2b: Dodrio|[spread] p2a\n|-activate|p2b: Dodrio|move: Protect\n|debug|Spread modifier: 0.75\n|-damage|p2a: Machamp|285/360\n|-unboost|p2a: Machamp|spe|1\n|move|p1a: King Snips|Liquidation|p2a: Machamp\n|debug|rain water boost\n|-damage|p2a: Machamp|0 fnt\n|faint|p2a: Machamp\n|\n|-weather|RainDance|[upkeep]\n|-damage|p1b: Sparky|139/271 psn|[from] psn\n|-damage|p1a: King Snips|0 fnt|[from] psn\n|faint|p1a: King Snips\n|upkeep\n|\n|t:|1737589463\n|switch|p1a: Dewey|Dewgong, M|179/384\n|switch|p2a: Cloyster|Cloyster, M|227/242\n|-damage|p1a: Dewey|83/384|[from] Stealth Rock\n|-status|p1a: Dewey|psn\n|turn|11\n|\n|t:|1737589495\n|move|p1a: Dewey|Fake Out|p2a: Cloyster\n|-damage|p2a: Cloyster|212/242\n|move|p1b: Sparky|Thunder|p2b: Dodrio\n|-supereffective|p2b: Dodrio\n|-damage|p2b: Dodrio|0 fnt\n|debug|Covert Cloak prevent secondary\n|faint|p2b: Dodrio\n|cant|p2a: Cloyster|flinch\n|\n|-weather|RainDance|[upkeep]\n|debug|hydration\n|-activate|p1a: Dewey|ability: Hydration\n|-curestatus|p1a: Dewey|psn|[msg]\n|-damage|p1b: Sparky|106/271 psn|[from] psn\n|upkeep\n|turn|12\n|\n|t:|1737589511\n|move|p1b: Sparky|Thunder|p2a: Cloyster\n|-supereffective|p2a: Cloyster\n|-damage|p2a: Cloyster|0 fnt\n|faint|p2a: Cloyster\n|\n|win|mistermoscow\n","uploadtime":1737589516,"views":"22","formatid":"gen9doublescustomgame","rating":null,"private":0,"password":null}