{"id":"gen9doublescustomgame-2295042036","format":"[Gen 9] Doubles Custom Game","players":["mistermoscow","Mattmandaman"],"log":"|j|☆mistermoscow\n|j|☆Mattmandaman\n|t:|1738780810\n|gametype|doubles\n|player|p1|mistermoscow|alder|\n|player|p2|Mattmandaman|giovanni|\n|teamsize|p1|6\n|teamsize|p2|6\n|gen|9\n|tier|[Gen 9] Doubles Custom Game\n|clearpoke\n|poke|p1|Flareon, M|\n|poke|p1|Gengar, M|\n|poke|p1|Victreebel, M|\n|poke|p1|Jolteon, M|\n|poke|p1|Dragonite, M|\n|poke|p1|Snorlax, M|\n|poke|p2|Rhydon, M|\n|poke|p2|Starmie|\n|poke|p2|Gengar, M|\n|poke|p2|Nidoking, M|\n|poke|p2|Muk, M|\n|poke|p2|Cloyster, F|\n|teampreview\n|\n|t:|1738780846\n|start\n|switch|p1a: Sparky|Jolteon, M|271/271\n|switch|p1b: Victor|Victreebel, M|333/333\n|switch|p2a: Muk|Muk, M|414/414\n|switch|p2b: Gengar|Gengar, M|262/262\n|turn|1\n|\n|t:|1738780877\n|move|p1a: Sparky|Electroweb|p2b: Gengar|[spread] p2a\n|-miss|p1a: Sparky|p2b: Gengar\n|debug|Spread modifier: 0.75\n|-damage|p2a: Muk|353/414\n|-unboost|p2a: Muk|spe|1\n|move|p2b: Gengar|Will-O-Wisp|p1b: Victor|[miss]\n|-miss|p2b: Gengar|p1b: Victor\n|move|p1b: Victor|Sleep Powder|p2a: Muk\n|-status|p2a: Muk|slp|[from] move: Sleep Powder\n|cant|p2a: Muk|slp\n|\n|-heal|p2a: Muk|378/414 slp|[from] item: Black Sludge\n|upkeep\n|turn|2\n|\n|t:|1738780916\n|move|p1b: Victor|Protect|p1b: Victor\n|-singleturn|p1b: Victor|Protect\n|move|p1a: Sparky|Electroweb|p2a: Muk|[spread] p2a,p2b\n|debug|Spread modifier: 0.75\n|debug|Spread modifier: 0.75\n|-damage|p2a: Muk|309/414 slp\n|-damage|p2b: Gengar|186/262\n|-unboost|p2a: Muk|spe|1\n|-unboost|p2b: Gengar|spe|1\n|move|p2b: Gengar|Psychic|p1b: Victor\n|-activate|p1b: Victor|move: Protect\n|cant|p2a: Muk|slp\n|\n|-heal|p2a: Muk|334/414 slp|[from] item: Black Sludge\n|upkeep\n|turn|3\n|\n|t:|1738780942\n|move|p2b: Gengar|Protect|p2b: Gengar\n|-singleturn|p2b: Gengar|Protect\n|move|p1a: Sparky|Electroweb|p2b: Gengar|[spread] p2a\n|-activate|p2b: Gengar|move: Protect\n|debug|Spread modifier: 0.75\n|-damage|p2a: Muk|267/414 slp\n|-unboost|p2a: Muk|spe|1\n|debug|BP: 50\n|move|p1b: Victor|Weather Ball|p2b: Gengar\n|-activate|p2b: Gengar|move: Protect\n|cant|p2a: Muk|slp\n|\n|-heal|p2a: Muk|292/414 slp|[from] item: Black Sludge\n|upkeep\n|turn|4\n|\n|t:|1738780970\n|switch|p2b: Nidoking|Nidoking, M|304/304\n|move|p1a: Sparky|Sunny Day|p1a: Sparky\n|-weather|SunnyDay\n|move|p1b: Victor|Sleep Powder|p2b: Nidoking|[miss]\n|-miss|p1b: Victor|p2b: Nidoking\n|-curestatus|p2a: Muk|slp|[msg]\n|move|p2a: Muk|Ice Punch|p1b: Victor\n|-supereffective|p1b: Victor\n|-damage|p1b: Victor|73/333\n|debug|artificial status immunity\n|debug|immune to status\n|debug|move failed because it did nothing\n|debug|natural status immunity\n|debug|immune to status\n|\n|-weather|SunnyDay|[upkeep]\n|-heal|p1b: Victor|93/333|[from] item: Black Sludge\n|-heal|p2a: Muk|317/414|[from] item: Black Sludge\n|upkeep\n|turn|5\n|\n|t:|1738781009\n|switch|p1a: Snax|Snorlax, M|462/462\n|move|p2b: Nidoking|Sludge Wave|p1b: Victor|[spread] p2a,p1a,p1b\n|debug|Spread modifier: 0.75\n|-resisted|p2a: Muk\n|debug|Spread modifier: 0.75\n|debug|Spread modifier: 0.75\n|-damage|p2a: Muk|253/414\n|-damage|p1a: Snax|344/462\n|-damage|p1b: Victor|0 fnt\n|faint|p1b: Victor\n|move|p2a: Muk|Poison Jab|p1a: Snax\n|-damage|p1a: Snax|208/462\n|\n|-weather|SunnyDay|[upkeep]\n|-heal|p1a: Snax|236/462|[from] item: Leftovers\n|-heal|p2a: Muk|278/414|[from] item: Black Sludge\n|upkeep\n|\n|t:|1738781034\n|switch|p1b: Bernie|Flareon, M|271/271\n|turn|6\n|\n|t:|1738781057\n|switch|p2a: Rhydon|Rhydon, M|414/414\n|move|p1b: Bernie|Protect|p1b: Bernie\n|-singleturn|p1b: Bernie|Protect\n|move|p2b: Nidoking|Sludge Wave|p1a: Snax|[spread] p2a,p1a\n|-activate|p1b: Bernie|move: Protect\n|debug|Spread modifier: 0.75\n|-resisted|p2a: Rhydon\n|debug|Spread modifier: 0.75\n|-damage|p2a: Rhydon|390/414\n|-damage|p1a: Snax|112/462\n|move|p1a: Snax|Ice Punch|p2b: Nidoking\n|-supereffective|p2b: Nidoking\n|-damage|p2b: Nidoking|104/304\n|\n|-weather|SunnyDay|[upkeep]\n|-heal|p1a: Snax|140/462|[from] item: Leftovers\n|-status|p1b: Bernie|tox|[from] item: Toxic Orb\n|upkeep\n|turn|7\n|\n|t:|1738781090\n|switch|p1b: Puff Daddy|Dragonite, M|386/386\n|move|p2b: Nidoking|Sludge Wave|p1b: Puff Daddy|[spread] p2a,p1a,p1b\n|debug|Spread modifier: 0.75\n|-resisted|p2a: Rhydon\n|debug|Spread modifier: 0.75\n|debug|Spread modifier: 0.75\n|-damage|p2a: Rhydon|365/414\n|-damage|p1a: Snax|26/462\n|-damage|p1b: Puff Daddy|269/386\n|move|p2a: Rhydon|Stealth Rock|p1b: Puff Daddy\n|-sidestart|p1: mistermoscow|move: Stealth Rock\n|move|p1a: Snax|Ice Punch|p2b: Nidoking\n|-supereffective|p2b: Nidoking\n|-damage|p2b: Nidoking|0 fnt\n|faint|p2b: Nidoking\n|\n|-weather|SunnyDay|[upkeep]\n|-heal|p1a: Snax|54/462|[from] item: Leftovers\n|upkeep\n|\n|t:|1738781109\n|switch|p2b: Cloyster|Cloyster, F|242/242\n|turn|8\n|\n|t:|1738781143\n|move|p2b: Cloyster|Icicle Spear|p1b: Puff Daddy\n|-supereffective|p1b: Puff Daddy\n|-damage|p1b: Puff Daddy|113/386\n|-supereffective|p1b: Puff Daddy\n|-damage|p1b: Puff Daddy|0 fnt\n|faint|p1b: Puff Daddy\n|-hitcount|p1: Puff Daddy|2\n|move|p2a: Rhydon|Rock Slide|p1a: Snax\n|-damage|p1a: Snax|0 fnt\n|faint|p1a: Snax\n|\n|-weather|none\n|upkeep\n|\n|t:|1738781159\n|switch|p1b: Gang Gang|Gengar, M|262/262\n|switch|p1a: Sparky|Jolteon, M|271/271\n|-damage|p1a: Sparky|238/271|[from] Stealth Rock\n|-damage|p1b: Gang Gang|230/262|[from] Stealth Rock\n|turn|9\n|\n|t:|1738781177\n|move|p1a: Sparky|Electroweb|p2b: Cloyster|[spread] p2b\n|-ability|p2a: Rhydon|Lightning Rod|boost\n|-boost|p2a: Rhydon|spa|1\n|debug|Spread modifier: 0.75\n|-supereffective|p2b: Cloyster\n|-damage|p2b: Cloyster|0 fnt\n|faint|p2b: Cloyster\n|move|p1b: Gang Gang|Shadow Ball|p2a: Rhydon\n|-damage|p2a: Rhydon|245/414\n|move|p2a: Rhydon|High Horsepower|p1b: Gang Gang\n|-supereffective|p1b: Gang Gang\n|-damage|p1b: Gang Gang|0 fnt\n|faint|p1b: Gang Gang\n|\n|upkeep\n|\n|t:|1738781194\n|switch|p1b: Bernie|Flareon, M|271/271 tox\n|switch|p2b: Gengar|Gengar, M|186/262\n|-damage|p1b: Bernie|204/271 tox|[from] Stealth Rock\n|turn|10\n|\n|t:|1738781208\n|move|p1b: Bernie|Protect|p1b: Bernie\n|-singleturn|p1b: Bernie|Protect\n|move|p1a: Sparky|Thunder Wave|p2a: Rhydon\n|-activate|p2a: Rhydon|ability: Lightning Rod\n|-ability|p2a: Rhydon|Lightning Rod|boost\n|-boost|p2a: Rhydon|spa|1\n|move|p2b: Gengar|Icy Wind|p1b: Bernie|[spread] p1a\n|-activate|p1b: Bernie|move: Protect\n|debug|Spread modifier: 0.75\n|-damage|p1a: Sparky|184/271\n|debug|Covert Cloak prevent secondary\n|move|p2a: Rhydon|High Horsepower|p1a: Sparky\n|-supereffective|p1a: Sparky\n|-damage|p1a: Sparky|0 fnt\n|faint|p1a: Sparky\n|\n|-damage|p1b: Bernie|188/271 tox|[from] psn\n|upkeep\n|turn|11\n|\n|t:|1738781227\n|move|p2b: Gengar|Psychic|p1b: Bernie\n|-damage|p1b: Bernie|95/271 tox\n|move|p1b: Bernie|Trailblaze|p2a: Rhydon\n|-supereffective|p2a: Rhydon\n|-damage|p2a: Rhydon|29/414\n|-boost|p1b: Bernie|spe|1\n|move|p2a: Rhydon|High Horsepower|p1b: Bernie\n|-supereffective|p1b: Bernie\n|-damage|p1b: Bernie|0 fnt\n|faint|p1b: Bernie\n|\n|win|Mattmandaman\n","uploadtime":1738781244,"views":"16","formatid":"gen9doublescustomgame","rating":null,"private":0,"password":null}