{"id":"gen9doublescustomgame-2259965487","format":"[Gen 9] Doubles Custom Game","players":["mistermoscow","mattmandaman"],"log":"|badge|p2|silver|gen9doublesou|30-3\n|uhtml|medal-msg|<div class=\"broadcast-blue\">Curious what those medals under the avatar are? PS now has Ladder Seasons! For more information, check out the <a href=\"https://www.smogon.com/forums/threads/3740067/\">thread on Smogon.</a></div>\n|j|☆mistermoscow\n|j|☆mattmandaman\n|t:|1733785163\n|gametype|doubles\n|player|p1|mistermoscow|alder|\n|player|p2|mattmandaman|giovanni|\n|teamsize|p1|6\n|teamsize|p2|6\n|gen|9\n|tier|[Gen 9] Doubles Custom Game\n|clearpoke\n|poke|p1|Poliwrath, F|\n|poke|p1|Ditto|\n|poke|p1|Clefairy, M|\n|poke|p1|Nidoqueen, F|\n|poke|p1|Victreebel, M|\n|poke|p1|Snorlax, M|\n|poke|p2|Porygon|\n|poke|p2|Marowak, M|\n|poke|p2|Pikachu, F|\n|poke|p2|Butterfree, F|\n|poke|p2|Cloyster, F|\n|poke|p2|Clefairy, M|\n|teampreview\n|c|☆mistermoscow|fuck it, wanna make it official?\n|c|☆mattmandaman|surely\n|\n|t:|1733785254\n|start\n|switch|p1a: Victor|Victreebel, M|364/364\n|switch|p1b: Ditto|Ditto|300/300\n|switch|p2a: Butterfree|Butterfree, F|262/262\n|switch|p2b: Marowak|Marowak, M|324/324\n|-transform|p1b: Ditto|p2a: Butterfree|[from] ability: Imposter\n|turn|1\n|\n|t:|1733785275\n|move|p2a: Butterfree|Protect|p2a: Butterfree\n|-singleturn|p2a: Butterfree|Protect\n|move|p1b: Ditto|Sleep Powder|p2a: Butterfree\n|-activate|p2a: Butterfree|move: Protect\n|move|p1a: Victor|Sleep Powder|p2b: Marowak\n|-status|p2b: Marowak|slp|[from] move: Sleep Powder\n|cant|p2b: Marowak|slp\n|\n|upkeep\n|turn|2\n|\n|t:|1733785289\n|move|p1b: Ditto|Sleep Powder|p2a: Butterfree\n|debug|compoundeyes - enhancing accuracy\n|-status|p2a: Butterfree|slp|[from] move: Sleep Powder\n|cant|p2a: Butterfree|slp\n|move|p1a: Victor|Swords Dance|p1a: Victor\n|-boost|p1a: Victor|atk|2\n|-curestatus|p2b: Marowak|slp|[msg]\n|move|p2b: Marowak|Rock Slide|p1a: Victor|[spread] p1a,p1b\n|debug|Spread modifier: 0.75\n|debug|Spread modifier: 0.75\n|-supereffective|p1b: Ditto\n|-damage|p1a: Victor|233/364\n|-damage|p1b: Ditto|0 fnt\n|faint|p1b: Ditto\n|\n|upkeep\n|\n|t:|1733785304\n|switch|p1b: Clifford|Clefairy, M|282/282\n|turn|3\n|\n|t:|1733785322\n|move|p2b: Marowak|Protect|p2b: Marowak\n|-singleturn|p2b: Marowak|Protect\n|cant|p2a: Butterfree|slp\n|move|p1a: Victor|Leaf Blade|p2b: Marowak\n|-activate|p2b: Marowak|move: Protect\n|move|p1b: Clifford|Minimize|p1b: Clifford\n|-boost|p1b: Clifford|evasion|2\n|\n|upkeep\n|turn|4\n|\n|t:|1733785336\n|-curestatus|p2a: Butterfree|slp|[msg]\n|move|p2a: Butterfree|Hurricane|p1a: Victor|[miss]\n|debug|compoundeyes - enhancing accuracy\n|-miss|p2a: Butterfree|p1a: Victor\n|move|p1a: Victor|Sleep Powder|p2b: Marowak\n|-status|p2b: Marowak|slp|[from] move: Sleep Powder\n|cant|p2b: Marowak|slp\n|move|p1b: Clifford|Minimize|p1b: Clifford\n|-boost|p1b: Clifford|evasion|2\n|\n|upkeep\n|turn|5\n|\n|t:|1733785355\n|move|p2a: Butterfree|Hurricane|p1a: Victor\n|debug|compoundeyes - enhancing accuracy\n|-supereffective|p1a: Victor\n|-damage|p1a: Victor|0 fnt\n|faint|p1a: Victor\n|-curestatus|p2b: Marowak|slp|[msg]\n|move|p2b: Marowak|Earthquake|p1b: Clifford|[spread] \n|-immune|p2a: Butterfree\n|-miss|p2b: Marowak|p1b: Clifford\n|move|p1b: Clifford|Substitute|p1b: Clifford\n|-start|p1b: Clifford|Substitute\n|-damage|p1b: Clifford|212/282\n|\n|upkeep\n|\n|t:|1733785370\n|switch|p1a: Polly|Poliwrath, F|384/384\n|turn|6\n|\n|t:|1733785383\n|move|p2a: Butterfree|Sleep Powder|p1a: Polly\n|debug|compoundeyes - enhancing accuracy\n|-status|p1a: Polly|slp|[from] move: Sleep Powder\n|cant|p1a: Polly|slp\n|move|p2b: Marowak|Bonemerang|p1b: Clifford\n|-end|p1b: Clifford|Substitute\n|-damage|p1b: Clifford|109/282\n|-hitcount|p1b: Clifford|2\n|move|p1b: Clifford|Cosmic Power|p1b: Clifford\n|-boost|p1b: Clifford|def|1\n|-boost|p1b: Clifford|spd|1\n|\n|upkeep\n|turn|7\n|\n|t:|1733785397\n|move|p2a: Butterfree|Hurricane|p1a: Polly|[miss]\n|debug|compoundeyes - enhancing accuracy\n|-miss|p2a: Butterfree|p1a: Polly\n|cant|p1a: Polly|slp\n|move|p2b: Marowak|Earthquake|p1b: Clifford|[spread] p1a\n|-immune|p2a: Butterfree\n|-miss|p2b: Marowak|p1b: Clifford\n|debug|Spread modifier: 0.75\n|-damage|p1a: Polly|156/384 slp\n|move|p1b: Clifford|Baton Pass|p1b: Clifford\n|\n|t:|1733785441\n|switch|p1b: Snax|Snorlax, M|524/524|[from] Baton Pass\n|\n|upkeep\n|turn|8\n|\n|t:|1733785464\n|move|p2a: Butterfree|Sleep Powder|p1b: Snax\n|debug|compoundeyes - enhancing accuracy\n|-status|p1b: Snax|slp|[from] move: Sleep Powder\n|cant|p1a: Polly|slp\n|move|p2b: Marowak|Earthquake|p1b: Snax|[spread] p1a\n|-immune|p2a: Butterfree\n|-miss|p2b: Marowak|p1b: Snax\n|debug|Spread modifier: 0.75\n|-damage|p1a: Polly|0 fnt\n|faint|p1a: Polly\n|cant|p1b: Snax|slp\n|\n|upkeep\n|\n|t:|1733785481\n|switch|p1a: Clifford|Clefairy, M|109/282\n|turn|9\n|\n|t:|1733785526\n|move|p2a: Butterfree|Quiver Dance|p2a: Butterfree\n|-boost|p2a: Butterfree|spa|1\n|-boost|p2a: Butterfree|spd|1\n|-boost|p2a: Butterfree|spe|1\n|move|p2b: Marowak|Earthquake|p1a: Clifford|[spread] p1a,p1b\n|-immune|p2a: Butterfree\n|debug|Spread modifier: 0.75\n|debug|Spread modifier: 0.75\n|-damage|p1a: Clifford|0 fnt\n|-damage|p1b: Snax|394/524 slp\n|faint|p1a: Clifford\n|cant|p1b: Snax|slp\n|\n|-heal|p1b: Snax|426/524 slp|[from] item: Leftovers\n|upkeep\n|\n|t:|1733785537\n|switch|p1a: Miss Nido|Nidoqueen, F|384/384\n|turn|10\n|\n|t:|1733785552\n|move|p2a: Butterfree|Sleep Powder|p1a: Miss Nido\n|debug|compoundeyes - enhancing accuracy\n|-status|p1a: Miss Nido|slp|[from] move: Sleep Powder\n|cant|p1a: Miss Nido|slp\n|move|p2b: Marowak|Earthquake|p1a: Miss Nido|[spread] p1a\n|-immune|p2a: Butterfree\n|-miss|p2b: Marowak|p1b: Snax\n|debug|Spread modifier: 0.75\n|-supereffective|p1a: Miss Nido\n|-damage|p1a: Miss Nido|0 fnt\n|faint|p1a: Miss Nido\n|cant|p1b: Snax|slp\n|\n|-heal|p1b: Snax|458/524 slp|[from] item: Leftovers\n|upkeep\n|turn|11\n|\n|t:|1733785575\n|move|p2a: Butterfree|Hurricane|p1b: Snax\n|debug|compoundeyes - enhancing accuracy\n|-damage|p1b: Snax|304/524 slp\n|move|p2b: Marowak|Earthquake|p1b: Snax|[spread] p1b\n|-immune|p2a: Butterfree\n|debug|Spread modifier: 0.75\n|-damage|p1b: Snax|178/524 slp\n|-curestatus|p1b: Snax|slp|[msg]\n|move|p1b: Snax|Double-Edge|p2b: Marowak\n|-damage|p2b: Marowak|194/324\n|-damage|p1b: Snax|135/524|[from] Recoil\n|\n|-heal|p1b: Snax|167/524|[from] item: Leftovers\n|upkeep\n|turn|12\n|c|☆mistermoscow|gg\n|\n|t:|1733785595\n|move|p2a: Butterfree|Hurricane|p1b: Snax|[miss]\n|debug|compoundeyes - enhancing accuracy\n|-miss|p2a: Butterfree|p1b: Snax\n|move|p2b: Marowak|Earthquake|p1b: Snax|[spread] p1b\n|-immune|p2a: Butterfree\n|debug|Spread modifier: 0.75\n|-damage|p1b: Snax|29/524\n|move|p1b: Snax|Psych Up|p2a: Butterfree\n|-copyboost|p1b: Snax|p2a: Butterfree|[from] move: Psych Up\n|\n|-heal|p1b: Snax|61/524|[from] item: Leftovers\n|upkeep\n|turn|13\n|\n|t:|1733785611\n|move|p2a: Butterfree|Hurricane|p1b: Snax\n|debug|compoundeyes - enhancing accuracy\n|-damage|p1b: Snax|0 fnt\n|debug|move failed because it did nothing\n|faint|p1b: Snax\n|\n|win|mattmandaman\n","uploadtime":1733785616,"views":"18","formatid":"gen9doublescustomgame","rating":null,"private":0,"password":null}