{"id":"gen9doublescustomgame-2017940633","format":"[Gen 9] Doubles Custom Game","players":["je64","mattmandaman"],"log":"|j|☆je64\n|j|☆mattmandaman\n|t:|1703294064\n|gametype|doubles\n|player|p1|je64|2|\n|player|p2|mattmandaman|giovanni|\n|teamsize|p1|6\n|teamsize|p2|6\n|gen|9\n|tier|[Gen 9] Doubles Custom Game\n|clearpoke\n|poke|p1|Blastoise, M|\n|poke|p1|Smeargle, M|\n|poke|p1|Cresselia, F|\n|poke|p1|Magearna|\n|poke|p1|Basculegion, M|\n|poke|p1|Chien-Pao|\n|poke|p2|Marshadow|\n|poke|p2|Grimmsnarl, M|\n|poke|p2|Rillaboom, M|\n|poke|p2|Zeraora|\n|poke|p2|Zygarde|\n|poke|p2|Volcanion|\n|teampreview\n|j| Weedichu\n|\n|t:|1703294093\n|start\n|switch|p1a: Chien-Pao|Chien-Pao|301/301\n|switch|p1b: Could Be Anything!|Smeargle, M|314/314\n|switch|p2a: Zeraora|Zeraora|380/380\n|switch|p2b: Marshadow|Marshadow|322/322\n|-ability|p1a: Chien-Pao|Sword of Ruin\n|turn|1\n|\n|t:|1703294140\n|move|p1b: Could Be Anything!|Fake Out|p2a: Zeraora\n|debug|Sword of Ruin Def drop\n|-damage|p2a: Zeraora|356/380\n|move|p1a: Chien-Pao|Sucker Punch|p2b: Marshadow\n|debug|Sword of Ruin Def drop\n|-damage|p2b: Marshadow|114/322\n|cant|p2a: Zeraora|flinch\n|move|p2b: Marshadow|Drain Punch|p1a: Chien-Pao\n|debug|Base Power: 75\n|-supereffective|p1a: Chien-Pao\n|-enditem|p1a: Chien-Pao|Focus Sash\n|-damage|p1a: Chien-Pao|1/301\n|-heal|p2b: Marshadow|264/322|[from] drain|[of] p1a: Chien-Pao\n|\n|-ability|p1b: Could Be Anything!|Moody|boost\n|-boost|p1b: Could Be Anything!|spa|2\n|-unboost|p1b: Could Be Anything!|atk|1\n|upkeep\n|turn|2\n|l| Weedichu\n|j| Weedichu\n|\n|t:|1703294241\n|move|p1a: Chien-Pao|Sucker Punch|p2b: Marshadow\n|debug|Sword of Ruin Def drop\n|-damage|p2b: Marshadow|48/322\n|move|p2a: Zeraora|Electroweb|p1a: Chien-Pao|[spread] p1a,p1b\n|debug|Spread modifier: 0.75\n|debug|Spread modifier: 0.75\n|-damage|p1a: Chien-Pao|0 fnt\n|-damage|p1b: Could Be Anything!|220/314\n|-unboost|p1b: Could Be Anything!|spe|1\n|faint|p1a: Chien-Pao\n|move|p2b: Marshadow|Drain Punch|p1b: Could Be Anything!\n|debug|Base Power: 75\n|-supereffective|p1b: Could Be Anything!\n|-damage|p1b: Could Be Anything!|0 fnt\n|-heal|p2b: Marshadow|158/322|[from] drain|[of] p1b: Could Be Anything!\n|faint|p1b: Could Be Anything!\n|\n|upkeep\n|\n|t:|1703294263\n|switch|p1a: I Ma-gearna kill u|Magearna|364/364\n|switch|p1b: Utility Slave|Blastoise, M|362/362\n|turn|3\n|\n|t:|1703294314\n|switch|p2a: Rillaboom|Rillaboom, M|404/404\n|-fieldstart|move: Grassy Terrain|[from] ability: Grassy Surge|[of] p2a: Rillaboom\n|switch|p2b: Volcanion|Volcanion|364/364\n|switch|p1b: Nolan's Bane|Cresselia, F|441/441\n|move|p1a: I Ma-gearna kill u|Dazzling Gleam|p2a: Rillaboom|[spread] p2a,p2b\n|debug|Spread modifier: 0.75\n|debug|Spread modifier: 0.75\n|-resisted|p2b: Volcanion\n|-crit|p2b: Volcanion\n|-damage|p2a: Rillaboom|290/404\n|-damage|p2b: Volcanion|269/364\n|\n|-heal|p2a: Rillaboom|315/404|[from] Grassy Terrain\n|-heal|p2b: Volcanion|291/364|[from] Grassy Terrain\n|debug|Pokemon semi-invuln or not grounded; Grassy Terrain skipped\n|upkeep\n|turn|4\n|\n|t:|1703294342\n|-terastallize|p1a: I Ma-gearna kill u|Fairy\n|move|p2a: Rillaboom|U-turn|p1b: Nolan's Bane\n|-supereffective|p1b: Nolan's Bane\n|-damage|p1b: Nolan's Bane|283/441\n|\n|t:|1703294417\n|switch|p2a: Zeraora|Zeraora|356/380|[from] U-turn\n|move|p2b: Volcanion|Heat Wave|p1b: Nolan's Bane|[spread] p1a,p1b\n|debug|Spread modifier: 0.75\n|-crit|p1a: I Ma-gearna kill u\n|debug|Spread modifier: 0.75\n|-damage|p1a: I Ma-gearna kill u|162/364\n|-damage|p1b: Nolan's Bane|192/441\n|move|p1b: Nolan's Bane|Lunar Blessing|p1b: Nolan's Bane|[spread] p1a,p1b\n|-heal|p1a: I Ma-gearna kill u|253/364\n|-heal|p1b: Nolan's Bane|302/441\n|move|p1a: I Ma-gearna kill u|Trick Room|p1a: I Ma-gearna kill u\n|-fieldstart|move: Trick Room|[of] p1a: I Ma-gearna kill u\n|\n|-heal|p1a: I Ma-gearna kill u|275/364|[from] Grassy Terrain\n|-heal|p1a: I Ma-gearna kill u|297/364|[from] item: Leftovers\n|debug|Pokemon semi-invuln or not grounded; Grassy Terrain skipped\n|-heal|p2b: Volcanion|313/364|[from] Grassy Terrain\n|-heal|p2a: Zeraora|379/380|[from] Grassy Terrain\n|upkeep\n|turn|5\n|\n|t:|1703294455\n|move|p2a: Zeraora|Fake Out|p1b: Nolan's Bane\n|-damage|p1b: Nolan's Bane|276/441\n|move|p1a: I Ma-gearna kill u|Dazzling Gleam|p2b: Volcanion|[spread] p2a,p2b\n|debug|Spread modifier: 0.75\n|debug|Spread modifier: 0.75\n|-resisted|p2b: Volcanion\n|-damage|p2a: Zeraora|189/380\n|-damage|p2b: Volcanion|221/364\n|-enditem|p2a: Zeraora|Sitrus Berry|[eat]\n|-heal|p2a: Zeraora|284/380|[from] item: Sitrus Berry\n|cant|p1b: Nolan's Bane|flinch\n|move|p2b: Volcanion|Steam Eruption|p1a: I Ma-gearna kill u\n|-damage|p1a: I Ma-gearna kill u|98/364\n|\n|-heal|p1a: I Ma-gearna kill u|120/364|[from] Grassy Terrain\n|-heal|p1a: I Ma-gearna kill u|142/364|[from] item: Leftovers\n|debug|Pokemon semi-invuln or not grounded; Grassy Terrain skipped\n|-heal|p2b: Volcanion|243/364|[from] Grassy Terrain\n|-heal|p2a: Zeraora|307/380|[from] Grassy Terrain\n|upkeep\n|turn|6\n|\n|t:|1703294478\n|move|p1a: I Ma-gearna kill u|Dazzling Gleam|p2a: Zeraora|[spread] p2a,p2b\n|debug|Spread modifier: 0.75\n|debug|Spread modifier: 0.75\n|-resisted|p2b: Volcanion\n|-damage|p2a: Zeraora|117/380\n|-damage|p2b: Volcanion|153/364\n|move|p1b: Nolan's Bane|Lunar Blessing|p1b: Nolan's Bane|[spread] p1a,p1b\n|-heal|p1a: I Ma-gearna kill u|233/364\n|-heal|p1b: Nolan's Bane|386/441\n|move|p2b: Volcanion|Steam Eruption|p1a: I Ma-gearna kill u\n|-damage|p1a: I Ma-gearna kill u|58/364\n|move|p2a: Zeraora|Volt Switch|p1a: I Ma-gearna kill u\n|-damage|p1a: I Ma-gearna kill u|0 fnt\n|faint|p1a: I Ma-gearna kill u\n|\n|t:|1703294494\n|switch|p2a: Grimmsnarl|Grimmsnarl, M|394/394|[from] Volt Switch\n|\n|debug|Pokemon semi-invuln or not grounded; Grassy Terrain skipped\n|-heal|p2b: Volcanion|175/364|[from] Grassy Terrain\n|upkeep\n|\n|t:|1703294508\n|switch|p1a: Utility Slave|Blastoise, M|362/362\n|turn|7\n|\n|t:|1703294536\n|move|p1a: Utility Slave|Fake Out|p2a: Grimmsnarl\n|-damage|p2a: Grimmsnarl|359/394\n|cant|p2a: Grimmsnarl|flinch\n|move|p1b: Nolan's Bane|Lunar Blessing|p1b: Nolan's Bane|[spread] p1a,p1b\n|-heal|p1b: Nolan's Bane|441/441\n|move|p2b: Volcanion|Heat Wave|p1b: Nolan's Bane|[spread] p1a\n|-miss|p2b: Volcanion|p1b: Nolan's Bane\n|debug|Spread modifier: 0.75\n|-resisted|p1a: Utility Slave\n|-crit|p1a: Utility Slave\n|-damage|p1a: Utility Slave|271/362\n|\n|-heal|p2a: Grimmsnarl|383/394|[from] Grassy Terrain\n|debug|Pokemon semi-invuln or not grounded; Grassy Terrain skipped\n|-heal|p1a: Utility Slave|293/362|[from] Grassy Terrain\n|-heal|p2b: Volcanion|197/364|[from] Grassy Terrain\n|-fieldend|move: Grassy Terrain\n|upkeep\n|turn|8\n|\n|t:|1703294586\n|move|p2a: Grimmsnarl|Light Screen|p2a: Grimmsnarl\n|-sidestart|p2: mattmandaman|move: Light Screen\n|move|p1b: Nolan's Bane|Ice Beam|p2a: Grimmsnarl\n|debug|Light Screen weaken\n|-damage|p2a: Grimmsnarl|352/394\n|move|p1a: Utility Slave|Life Dew||[still]|[spread] p1a,p1b\n|-heal|p1a: Utility Slave|362/362\n|-fail|p1b: Nolan's Bane|heal\n|move|p2b: Volcanion|Steam Eruption|p1b: Nolan's Bane\n|-damage|p1b: Nolan's Bane|303/441\n|-status|p1b: Nolan's Bane|brn\n|\n|-damage|p1b: Nolan's Bane|276/441 brn|[from] brn\n|-fieldend|move: Trick Room\n|upkeep\n|turn|9\n|\n|t:|1703294609\n|move|p1b: Nolan's Bane|Helping Hand|p1a: Utility Slave\n|-singleturn|p1a: Utility Slave|Helping Hand|[of] p1b: Nolan's Bane\n|move|p2a: Grimmsnarl|Reflect|p2a: Grimmsnarl\n|-sidestart|p2: mattmandaman|Reflect\n|move|p2b: Volcanion|Steam Eruption|p1b: Nolan's Bane\n|-damage|p1b: Nolan's Bane|137/441 brn\n|move|p1a: Utility Slave|Flip Turn|p2a: Grimmsnarl\n|debug|Boosting from Helping Hand: 1.5\n|debug|Reflect weaken\n|-damage|p2a: Grimmsnarl|275/394\n|\n|t:|1703294618\n|switch|p1a: Basculegion|Basculegion, M|382/382|[from] Flip Turn\n|\n|-damage|p1b: Nolan's Bane|110/441 brn|[from] brn\n|upkeep\n|turn|10\n|\n|t:|1703294637\n|move|p1b: Nolan's Bane|Helping Hand|p1a: Basculegion\n|-singleturn|p1a: Basculegion|Helping Hand|[of] p1b: Nolan's Bane\n|move|p2a: Grimmsnarl|Parting Shot|p1a: Basculegion\n|-unboost|p1a: Basculegion|atk|1\n|-unboost|p1a: Basculegion|spa|1\n|\n|t:|1703294643\n|switch|p2a: Rillaboom|Rillaboom, M|315/404|[from] Parting Shot\n|-fieldstart|move: Grassy Terrain|[from] ability: Grassy Surge|[of] p2a: Rillaboom\n|move|p1a: Basculegion|Last Respects|p2b: Volcanion\n|debug|Boosting from Helping Hand: 1.5\n|debug|Reflect weaken\n|-damage|p2b: Volcanion|0 fnt\n|faint|p2b: Volcanion\n|\n|-heal|p2a: Rillaboom|340/404|[from] Grassy Terrain\n|debug|Pokemon semi-invuln or not grounded; Grassy Terrain skipped\n|-damage|p1b: Nolan's Bane|83/441 brn|[from] brn\n|upkeep\n|\n|t:|1703294674\n|switch|p2b: Zygarde|Zygarde|420/420\n|-ability|p2b: Zygarde|Aura Break\n|turn|11\n|\n|t:|1703294689\n|switch|p1a: Utility Slave|Blastoise, M|362/362\n|move|p2a: Rillaboom|Grassy Glide|p1a: Utility Slave\n|debug|grassy terrain boost\n|-supereffective|p1a: Utility Slave\n|-damage|p1a: Utility Slave|156/362\n|move|p2b: Zygarde|Thousand Arrows|p1a: Utility Slave|[spread] p1a,p1b\n|debug|Spread modifier: 0.75\n|debug|Spread modifier: 0.75\n|-damage|p1a: Utility Slave|71/362\n|-damage|p1b: Nolan's Bane|0 fnt\n|faint|p1b: Nolan's Bane\n|\n|-heal|p2a: Rillaboom|365/404|[from] Grassy Terrain\n|-heal|p1a: Utility Slave|93/362|[from] Grassy Terrain\n|upkeep\n|\n|t:|1703294701\n|switch|p1b: Basculegion|Basculegion, M|382/382\n|turn|12\n|\n|t:|1703294725\n|switch|p2a: Grimmsnarl|Grimmsnarl, M|275/394\n|move|p1a: Utility Slave|Follow Me|p1a: Utility Slave\n|-singleturn|p1a: Utility Slave|move: Follow Me\n|move|p1b: Basculegion|Last Respects|p2a: Grimmsnarl\n|-resisted|p2a: Grimmsnarl\n|debug|Reflect weaken\n|-damage|p2a: Grimmsnarl|33/394\n|move|p2b: Zygarde|Thousand Arrows|p1b: Basculegion|[spread] p1a,p1b\n|debug|Spread modifier: 0.75\n|debug|Spread modifier: 0.75\n|-damage|p1a: Utility Slave|15/362\n|-damage|p1b: Basculegion|238/382\n|\n|-heal|p1b: Basculegion|261/382|[from] Grassy Terrain\n|-heal|p1a: Utility Slave|37/362|[from] Grassy Terrain\n|-heal|p2a: Grimmsnarl|57/394|[from] Grassy Terrain\n|upkeep\n|turn|13\n|\n|t:|1703294747\n|move|p1b: Basculegion|Last Respects|p2b: Zygarde\n|debug|Reflect weaken\n|-damage|p2b: Zygarde|72/420\n|move|p2b: Zygarde|Thousand Arrows|p1a: Utility Slave|[spread] p1a,p1b\n|debug|Spread modifier: 0.75\n|debug|Spread modifier: 0.75\n|-damage|p1a: Utility Slave|0 fnt\n|-damage|p1b: Basculegion|96/382\n|faint|p1a: Utility Slave\n|move|p2a: Grimmsnarl|Spirit Break|p1b: Basculegion\n|-damage|p1b: Basculegion|0 fnt\n|faint|p1b: Basculegion\n|\n|win|mattmandaman\n","uploadtime":1703294758,"views":"98","formatid":"gen9doublescustomgame","rating":null,"private":0,"password":null}