{"id":"gen9doublescustomgame-2333312160","format":"[Gen 9] Doubles Custom Game","players":["je64","Mattmandaman"],"log":"|j|☆je64\n|j|☆Mattmandaman\n|t:|1743563652\n|gametype|doubles\n|player|p1|je64|101|\n|player|p2|Mattmandaman|giovanni|\n|teamsize|p1|3\n|teamsize|p2|3\n|gen|9\n|tier|[Gen 9] Doubles Custom Game\n|clearpoke\n|poke|p1|Gengar, M|\n|poke|p1|Drifblim, M|\n|poke|p1|Litwick, F|\n|poke|p2|Dusclops, F|\n|poke|p2|Dusknoir, M|\n|poke|p2|Drifloon, M|\n|teampreview\n|j| mistermoscow\n|\n|t:|1743563689\n|start\n|switch|p1a: Litwick|Litwick, F|304/304\n|switch|p1b: Drifblim|Drifblim, M|444/444\n|switch|p2a: Drifloon|Drifloon, M|322/322\n|switch|p2b: Dusknoir|Dusknoir, M|294/294\n|-item|p1a: Litwick|Eviolite|[from] ability: Frisk|[of] p2b: Dusknoir\n|-item|p1b: Drifblim|Leftovers|[from] ability: Frisk|[of] p2b: Dusknoir\n|turn|1\n|\n|t:|1743563719\n|move|p2a: Drifloon|Thunder Wave|p1b: Drifblim\n|-status|p1b: Drifblim|par\n|move|p2b: Dusknoir|Shadow Punch|p1b: Drifblim\n|-supereffective|p1b: Drifblim\n|-damage|p1b: Drifblim|178/444 par\n|move|p1b: Drifblim|Shadow Ball|p2a: Drifloon\n|-supereffective|p2a: Drifloon\n|-damage|p2a: Drifloon|10/322\n|move|p1a: Litwick|Memento|p2b: Dusknoir\n|-unboost|p2b: Dusknoir|atk|2\n|-unboost|p2b: Dusknoir|spa|2\n|faint|p1a: Litwick\n|\n|-heal|p1b: Drifblim|205/444 par|[from] item: Leftovers\n|upkeep\n|\n|t:|1743563732\n|switch|p1a: Gengar|Gengar, M|324/324\n|turn|2\n|\n|t:|1743563799\n|switch|p2b: Dusclops|Dusclops, F|284/284\n|-item|p1a: Gengar|Focus Sash|[from] ability: Frisk|[of] p2b: Dusclops\n|-item|p1b: Drifblim|Leftovers|[from] ability: Frisk|[of] p2b: Dusclops\n|move|p2a: Drifloon|Ally Switch|p2a: Drifloon\n|swap|p2a: Drifloon|1|[from] move: Ally Switch\n|move|p1a: Gengar|Shadow Ball|p2a: Dusclops\n|-supereffective|p2a: Dusclops\n|-damage|p2a: Dusclops|158/284\n|move|p1b: Drifblim|Shadow Ball|p2b: Drifloon\n|-supereffective|p2b: Drifloon\n|-damage|p2b: Drifloon|0 fnt\n|faint|p2b: Drifloon\n|\n|-heal|p1b: Drifblim|232/444 par|[from] item: Leftovers\n|upkeep\n|\n|t:|1743563813\n|switch|p2b: Dusknoir|Dusknoir, M|294/294\n|-item|p1a: Gengar|Focus Sash|[from] ability: Frisk|[of] p2b: Dusknoir\n|-item|p1b: Drifblim|Leftovers|[from] ability: Frisk|[of] p2b: Dusknoir\n|turn|3\n|\n|t:|1743563830\n|move|p2b: Dusknoir|Shadow Sneak|p1b: Drifblim\n|-supereffective|p1b: Drifblim\n|-damage|p1b: Drifblim|74/444 par\n|move|p2a: Dusclops|Sucker Punch|p1b: Drifblim\n|-supereffective|p1b: Drifblim\n|-damage|p1b: Drifblim|0 fnt\n|faint|p1b: Drifblim\n|move|p1a: Gengar|Shadow Ball|p2a: Dusclops\n|-supereffective|p2a: Dusclops\n|-damage|p2a: Dusclops|32/284\n|\n|upkeep\n|turn|4\n|\n|t:|1743563851\n|move|p2a: Dusclops|Sucker Punch||[still]\n|-fail|p2a: Dusclops\n|move|p1a: Gengar|Will-O-Wisp|p2a: Dusclops\n|-status|p2a: Dusclops|brn\n|move|p2b: Dusknoir|Shadow Punch|p1a: Gengar\n|-supereffective|p1a: Gengar\n|-damage|p1a: Gengar|36/324\n|\n|-damage|p2a: Dusclops|15/284 brn|[from] brn\n|upkeep\n|turn|5\n|\n|t:|1743563866\n|move|p1a: Gengar|Protect|p1a: Gengar\n|-singleturn|p1a: Gengar|Protect\n|move|p2b: Dusknoir|Shadow Sneak|p1a: Gengar\n|-activate|p1a: Gengar|move: Protect\n|move|p2a: Dusclops|Trick Room|p2a: Dusclops\n|-fieldstart|move: Trick Room|[of] p2a: Dusclops\n|\n|-damage|p2a: Dusclops|0 fnt|[from] brn\n|faint|p2a: Dusclops\n|upkeep\n|turn|6\n|\n|t:|1743563876\n|move|p1a: Gengar|Protect|p1a: Gengar\n|debug|Success chance: 33%\n|-singleturn|p1a: Gengar|Protect\n|move|p2b: Dusknoir|Shadow Punch|p1a: Gengar\n|-activate|p1a: Gengar|move: Protect\n|\n|upkeep\n|turn|7\n|\n|t:|1743563886\n|move|p1a: Gengar|Protect||[still]\n|debug|Success chance: 11%\n|-fail|p1a: Gengar\n|move|p2b: Dusknoir|Earthquake|p1a: Gengar\n|-supereffective|p1a: Gengar\n|-damage|p1a: Gengar|0 fnt\n|faint|p1a: Gengar\n|\n|win|Mattmandaman\n","uploadtime":1743563896,"views":"18","formatid":"gen9doublescustomgame","rating":null,"private":0,"password":null}