{"id":"gen9doublescustomgame-2195497369","format":"[Gen 9] Doubles Custom Game","players":["mistermoscow","Mattmandaman"],"log":"|j|☆mistermoscow\n|j|☆Mattmandaman\n|t:|1725585238\n|gametype|doubles\n|player|p1|mistermoscow|alder|\n|player|p2|Mattmandaman|giovanni|\n|teamsize|p1|6\n|teamsize|p2|6\n|gen|9\n|tier|[Gen 9] Doubles Custom Game\n|clearpoke\n|poke|p1|Ninetales-Alola, F|\n|poke|p1|Incineroar, F|\n|poke|p1|Landorus, M|\n|poke|p1|Gholdengo|\n|poke|p1|Ogerpon-Wellspring, F|\n|poke|p1|Regieleki|\n|poke|p2|Venusaur, F|\n|poke|p2|Grimmsnarl, M|\n|poke|p2|Volcanion|\n|poke|p2|Marshadow|\n|poke|p2|Diancie|\n|poke|p2|Latias, F|\n|teampreview\n|j| Mango Meloetta\n|\n|t:|1725585289\n|start\n|switch|p1a: Cindy|Incineroar, F|394/394\n|switch|p1b: God|Landorus, M|319/319\n|switch|p2a: Venusour|Venusaur, F|364/364\n|switch|p2b: Grimmsnail|Grimmsnarl, M|394/394\n|-ability|p1a: Cindy|Intimidate|boost\n|-unboost|p2a: Venusour|atk|1\n|-unboost|p2b: Grimmsnail|atk|1\n|turn|1\n|\n|t:|1725585317\n|detailschange|p2a: Venusour|Venusaur-Mega, F\n|-mega|p2a: Venusour|Venusaur|Venusaurite\n|move|p1b: God|Protect|p1b: God\n|-singleturn|p1b: God|Protect\n|move|p2b: Grimmsnail|Light Screen|p2b: Grimmsnail\n|-sidestart|p2: Mattmandaman|move: Light Screen\n|move|p2a: Venusour|Giga Drain|p1b: God\n|-activate|p1b: God|move: Protect\n|move|p1a: Cindy|Parting Shot|p2a: Venusour\n|-unboost|p2a: Venusour|atk|1\n|-unboost|p2a: Venusour|spa|1\n|\n|t:|1725585328\n|switch|p1a: Princess Buttercup|Ninetales-Alola, F|350/350|[from] Parting Shot\n|-weather|Snow|[from] ability: Snow Warning|[of] p1a: Princess Buttercup\n|\n|-weather|Snow|[upkeep]\n|upkeep\n|turn|2\n|\n|t:|1725585380\n|-terastallize|p1b: God|Poison\n|move|p1a: Princess Buttercup|Aurora Veil|p1a: Princess Buttercup\n|-sidestart|p1: mistermoscow|move: Aurora Veil\n|move|p1b: God|Sludge Bomb|p2b: Grimmsnail\n|-supereffective|p2b: Grimmsnail\n|debug|Light Screen weaken\n|-damage|p2b: Grimmsnail|122/394\n|move|p2a: Venusour|Sludge Bomb|p1a: Princess Buttercup\n|-supereffective|p1a: Princess Buttercup\n|debug|Aurora Veil weaken\n|-damage|p1a: Princess Buttercup|189/350\n|-status|p1a: Princess Buttercup|psn\n|move|p2b: Grimmsnail|Spirit Break|p1b: God\n|-resisted|p1b: God\n|debug|Aurora Veil weaken\n|-damage|p1b: God|294/319\n|-unboost|p1b: God|spa|1\n|\n|-weather|Snow|[upkeep]\n|-damage|p1a: Princess Buttercup|146/350 psn|[from] psn\n|upkeep\n|turn|3\n|\n|t:|1725585407\n|switch|p1b: Cindy|Incineroar, F|394/394\n|-ability|p1b: Cindy|Intimidate|boost\n|-unboost|p2a: Venusour|atk|1\n|-unboost|p2b: Grimmsnail|atk|1\n|switch|p2a: Diancie|Diancie|304/304\n|move|p2b: Grimmsnail|Parting Shot|p1b: Cindy\n|debug|natural prankster immunity\n|-hint|Since gen 7, Dark is immune to Prankster moves.\n|-immune|p1b: Cindy\n|move|p1a: Princess Buttercup|Sheer Cold|p2a: Diancie|[miss]\n|-miss|p1a: Princess Buttercup|p2a: Diancie\n|\n|-weather|Snow|[upkeep]\n|-damage|p1a: Princess Buttercup|103/350 psn|[from] psn\n|upkeep\n|turn|4\n|\n|t:|1725585449\n|switch|p1a: Zora|Ogerpon-Wellspring, F|351/351\n|move|p2a: Diancie|Protect|p2a: Diancie\n|-singleturn|p2a: Diancie|Protect\n|move|p2b: Grimmsnail|Reflect|p2b: Grimmsnail\n|-sidestart|p2: Mattmandaman|Reflect\n|move|p1b: Cindy|Parting Shot|p2a: Diancie\n|-activate|p2a: Diancie|move: Protect\n|\n|-weather|Snow|[upkeep]\n|upkeep\n|turn|5\n|\n|t:|1725585469\n|move|p2b: Grimmsnail|Parting Shot|p1a: Zora\n|-unboost|p1a: Zora|atk|1\n|-unboost|p1a: Zora|spa|1\n|\n|t:|1725585477\n|switch|p2b: Latias|Latias, F|364/364|[from] Parting Shot\n|move|p1a: Zora|Horn Leech|p2b: Latias\n|-resisted|p2b: Latias\n|debug|Reflect weaken\n|-damage|p2b: Latias|330/364\n|move|p1b: Cindy|Parting Shot|p2a: Diancie\n|-fail|p2a: Diancie|unboost|[from] ability: Clear Body|[of] p2a: Diancie\n|move|p2a: Diancie|Stealth Rock|p1b: Cindy\n|-sidestart|p1: mistermoscow|move: Stealth Rock\n|\n|-weather|none\n|-heal|p2b: Latias|352/364|[from] item: Leftovers\n|upkeep\n|turn|6\n|\n|t:|1725585524\n|move|p1a: Zora|Spiky Shield|p1a: Zora\n|-singleturn|p1a: Zora|move: Protect\n|move|p2b: Latias|Thunder Wave|p1a: Zora\n|-activate|p1a: Zora|move: Protect\n|move|p1b: Cindy|Knock Off|p2a: Diancie\n|-resisted|p2a: Diancie\n|debug|Reflect weaken\n|-damage|p2a: Diancie|273/304\n|-enditem|p2a: Diancie|Weakness Policy|[from] move: Knock Off|[of] p1b: Cindy\n|move|p2a: Diancie|Diamond Storm|p1b: Cindy|[spread] p1b\n|-activate|p1a: Zora|move: Protect\n|debug|Spread modifier: 0.75\n|-supereffective|p1b: Cindy\n|debug|Aurora Veil weaken\n|-damage|p1b: Cindy|241/394\n|-boost|p2a: Diancie|def|2\n|\n|-heal|p2b: Latias|364/364|[from] item: Leftovers\n|upkeep\n|turn|7\n|\n|t:|1725585553\n|move|p2b: Latias|Thunder Wave|p1a: Zora\n|-status|p1a: Zora|par\n|move|p1a: Zora|Ivy Cudgel|p2a: Diancie|[anim] Ivy Cudgel Water\n|-supereffective|p2a: Diancie\n|debug|Reflect weaken\n|-damage|p2a: Diancie|209/304\n|move|p1b: Cindy|Knock Off|p2b: Latias\n|-supereffective|p2b: Latias\n|debug|Reflect weaken\n|-damage|p2b: Latias|183/364\n|-enditem|p2b: Latias|Leftovers|[from] move: Knock Off|[of] p1b: Cindy\n|move|p2a: Diancie|Diamond Storm|p1a: Zora|[spread] p1a,p1b\n|debug|Spread modifier: 0.75\n|debug|Aurora Veil weaken\n|debug|Spread modifier: 0.75\n|-supereffective|p1b: Cindy\n|debug|Aurora Veil weaken\n|-damage|p1a: Zora|254/351 par\n|-damage|p1b: Cindy|88/394\n|-boost|p2a: Diancie|def|2\n|-enditem|p1b: Cindy|Sitrus Berry|[eat]\n|-heal|p1b: Cindy|186/394|[from] item: Sitrus Berry\n|\n|upkeep\n|turn|8\n|\n|t:|1725585592\n|switch|p1b: Goldi|Gholdengo|378/378\n|-damage|p1b: Goldi|355/378|[from] Stealth Rock\n|move|p2b: Latias|Tailwind|p2b: Latias\n|-sidestart|p2: Mattmandaman|move: Tailwind\n|move|p2a: Diancie|Diamond Storm|p1b: Goldi|[spread] p1a,p1b\n|debug|Spread modifier: 0.75\n|debug|Aurora Veil weaken\n|debug|Spread modifier: 0.75\n|-resisted|p1b: Goldi\n|debug|Aurora Veil weaken\n|-damage|p1a: Zora|151/351 par\n|-damage|p1b: Goldi|315/378\n|move|p1a: Zora|Ivy Cudgel|p2a: Diancie|[anim] Ivy Cudgel Water\n|-supereffective|p2a: Diancie\n|debug|Reflect weaken\n|-damage|p2a: Diancie|172/304\n|\n|-heal|p1b: Goldi|338/378|[from] item: Leftovers\n|-sideend|p2: Mattmandaman|move: Light Screen\n|upkeep\n|turn|9\n|\n|t:|1725585633\n|switch|p2a: Volcanion|Volcanion|364/364\n|switch|p1a: Princess Buttercup|Ninetales-Alola, F|103/350 psn\n|-damage|p1a: Princess Buttercup|16/350 psn|[from] Stealth Rock\n|-weather|Snow|[from] ability: Snow Warning|[of] p1a: Princess Buttercup\n|move|p2b: Latias|Mist Ball|p1b: Goldi\n|-resisted|p1b: Goldi\n|debug|Aurora Veil weaken\n|-damage|p1b: Goldi|296/378\n|-unboost|p1b: Goldi|spa|1\n|move|p1b: Goldi|Make It Rain|p2b: Latias|[spread] p2a,p2b\n|debug|Spread modifier: 0.75\n|-resisted|p2a: Volcanion\n|debug|Spread modifier: 0.75\n|-damage|p2a: Volcanion|334/364\n|-damage|p2b: Latias|83/364\n|-unboost|p1b: Goldi|spa|1\n|\n|-weather|Snow|[upkeep]\n|-heal|p1b: Goldi|319/378|[from] item: Leftovers\n|-damage|p1a: Princess Buttercup|0 fnt|[from] psn\n|faint|p1a: Princess Buttercup\n|-sideend|p1: mistermoscow|move: Aurora Veil\n|upkeep\n|\n|t:|1725585675\n|switch|p1a: God|Landorus, M, tera:Poison|294/319\n|-damage|p1a: God|255/319|[from] Stealth Rock\n|turn|10\n|\n|t:|1725585695\n|move|p2b: Latias|Mist Ball|p1a: God\n|-supereffective|p1a: God\n|-damage|p1a: God|0 fnt\n|faint|p1a: God\n|move|p2a: Volcanion|Heat Wave|p1b: Goldi\n|-supereffective|p1b: Goldi\n|-damage|p1b: Goldi|0 fnt\n|faint|p1b: Goldi\n|\n|-weather|Snow|[upkeep]\n|upkeep\n|\n|t:|1725585705\n|switch|p1a: Shock|Regieleki|302/302\n|switch|p1b: Cindy|Incineroar, F|186/394\n|-damage|p1a: Shock|265/302|[from] Stealth Rock\n|-damage|p1b: Cindy|88/394|[from] Stealth Rock\n|-ability|p1b: Cindy|Intimidate|boost\n|-unboost|p2a: Volcanion|atk|1\n|-unboost|p2b: Latias|atk|1\n|turn|11\n|\n|t:|1725585724\n|move|p2a: Volcanion|Protect|p2a: Volcanion\n|-singleturn|p2a: Volcanion|Protect\n|move|p2b: Latias|Mist Ball|p1a: Shock\n|-damage|p1a: Shock|54/302\n|move|p1a: Shock|Eerie Impulse|p2a: Volcanion\n|-activate|p2a: Volcanion|move: Protect\n|move|p1b: Cindy|Knock Off|p2b: Latias\n|-supereffective|p2b: Latias\n|debug|Reflect weaken\n|-damage|p2b: Latias|0 fnt\n|faint|p2b: Latias\n|\n|-weather|Snow|[upkeep]\n|-sideend|p2: Mattmandaman|Reflect\n|-sideend|p2: Mattmandaman|move: Tailwind\n|upkeep\n|\n|t:|1725585747\n|switch|p2b: Marshadow|Marshadow|384/384\n|turn|12\n|c|☆Mattmandaman|!dt eerie impulse\n|raw|<ul class=\"utilichart\"><li class=\"result\"><span class=\"col movenamecol\"><a href=\"https://dex.pokemonshowdown.com/moves/eerieimpulse\">Eerie Impulse</a></span> <span class=\"col typecol\"><img src=\"//play.pokemonshowdown.com/sprites/types/Electric.png\" alt=\"Electric\" width=\"32\" height=\"14\"><img src=\"//play.pokemonshowdown.com/sprites/categories/Status.png\" alt=\"Status\" width=\"32\" height=\"14\"></span> <span class=\"col widelabelcol\"><em>Accuracy</em><br>100%</span> <span class=\"col pplabelcol\"><em>PP</em><br>24</span> <span class=\"col movedesccol\">Lowers the target's Sp. Atk by 2.</span> </li><li style=\"clear:both\"></li></ul>\n|raw|<font size=\"1\"><font color=\"#686868\">Priority:</font> 0&nbsp;|&ThickSpace;<font color=\"#686868\">Gen:</font> 6&nbsp;|&ThickSpace;&#10003; Bounceable&nbsp;|&ThickSpace;<font color=\"#686868\">Z-Effect:</font>  Sp. Def +1&nbsp;|&ThickSpace;<font color=\"#686868\">Target:</font> One Adjacent Pokémon</font>\n\n|\n|t:|1725585783\n|move|p2b: Marshadow|Shadow Sneak|p1a: Shock\n|debug|Base Power: 40\n|debug|Technician boost\n|-damage|p1a: Shock|0 fnt\n|faint|p1a: Shock\n|move|p2a: Volcanion|Heat Wave|p1b: Cindy\n|-resisted|p1b: Cindy\n|-damage|p1b: Cindy|10/394\n|move|p1b: Cindy|Knock Off|p2a: Volcanion\n|-damage|p2a: Volcanion|219/364\n|-enditem|p2a: Volcanion|Shuca Berry|[from] move: Knock Off|[of] p1b: Cindy\n|\n|-weather|Snow|[upkeep]\n|upkeep\n|\n|t:|1725585792\n|switch|p1a: Zora|Ogerpon-Wellspring, F|151/351 par\n|-damage|p1a: Zora|108/351 par|[from] Stealth Rock\n|turn|13\n|\n|t:|1725585804\n|move|p2b: Marshadow|Drain Punch|p1b: Cindy\n|debug|Base Power: 75\n|-supereffective|p1b: Cindy\n|-damage|p1b: Cindy|0 fnt\n|faint|p1b: Cindy\n|move|p2a: Volcanion|Heat Wave|p1a: Zora\n|-damage|p1a: Zora|0 fnt\n|debug|move failed because it did nothing\n|faint|p1a: Zora\n|\n|win|Mattmandaman\n","uploadtime":1725585811,"views":"51","formatid":"gen9doublescustomgame","rating":null,"private":0,"password":null}