{"id":"gen9doublescustomgame-2298963338","format":"[Gen 9] Doubles Custom Game","players":["mistermoscow","Mango Meloetta"],"log":"|j|☆mistermoscow\n|j|☆Mango Meloetta\n|t:|1739312761\n|gametype|doubles\n|player|p1|mistermoscow|alder|\n|player|p2|Mango Meloetta|li|\n|teamsize|p1|6\n|teamsize|p2|6\n|gen|9\n|tier|[Gen 9] Doubles Custom Game\n|clearpoke\n|poke|p1|Primeape, M|\n|poke|p1|Dewgong, M|\n|poke|p1|Exeggutor, M|\n|poke|p1|Mr. Mime, F|\n|poke|p1|Jolteon, M|\n|poke|p1|Dragonite, M|\n|poke|p2|Poliwrath, F|\n|poke|p2|Golduck, M|\n|poke|p2|Cloyster, F|\n|poke|p2|Snorlax, M|\n|poke|p2|Sandslash, M|\n|poke|p2|Electrode|\n|teampreview\n|c|☆Mango Meloetta|ayyy\n|c|☆Mango Meloetta|official?\n|c|☆mistermoscow|yeee\n|\n|t:|1739312846\n|start\n|switch|p1a: Mrs. Mr. Mime|Mr. Mime, F|284/284\n|switch|p1b: Eggman|Exeggutor, M|363/363\n|switch|p2a: Greed|Golduck, M|301/301\n|switch|p2b: Wrath|Poliwrath, F|371/371\n|turn|1\n|\n|t:|1739312938\n|switch|p1b: Sparky|Jolteon, M|271/271\n|move|p2a: Greed|Rain Dance|p2a: Greed\n|-weather|RainDance\n|move|p2b: Wrath|Bulk Up|p2b: Wrath\n|-boost|p2b: Wrath|atk|1\n|-boost|p2b: Wrath|def|1\n|move|p1a: Mrs. Mr. Mime|Psychic Terrain|p1a: Mrs. Mr. Mime\n|-fieldstart|move: Psychic Terrain\n|\n|-weather|RainDance|[upkeep]\n|-status|p1b: Sparky|brn|[from] item: Flame Orb\n|upkeep\n|turn|2\n|\n|t:|1739312992\n|switch|p2a: Gluttony|Snorlax, M|524/524\n|switch|p2b: Sloth|Sandslash, M|354/354\n|move|p1b: Sparky|Sunny Day|p1b: Sparky\n|-weather|SunnyDay\n|move|p1a: Mrs. Mr. Mime|Expanding Force|p2a: Gluttony|[spread] p2a,p2b\n|debug|psychic terrain boost\n|debug|terrain buff\n|debug|Spread modifier: 0.75\n|debug|psychic terrain boost\n|debug|terrain buff\n|debug|Spread modifier: 0.75\n|-damage|p2a: Gluttony|389/524\n|-damage|p2b: Sloth|215/354\n|\n|-weather|SunnyDay|[upkeep]\n|-damage|p1b: Sparky|255/271 brn|[from] brn\n|upkeep\n|turn|3\n|\n|t:|1739313063\n|move|p1a: Mrs. Mr. Mime|Follow Me|p1a: Mrs. Mr. Mime\n|-singleturn|p1a: Mrs. Mr. Mime|move: Follow Me\n|move|p1b: Sparky|Volt Switch|p2a: Gluttony\n|-damage|p2a: Gluttony|271/524\n|\n|t:|1739313076\n|switch|p1b: Eggman|Exeggutor, M|363/363|[from] Volt Switch\n|move|p2b: Sloth|Poison Jab|p1a: Mrs. Mr. Mime\n|debug|Follow Me redirected target of move\n|-supereffective|p1a: Mrs. Mr. Mime\n|debug|Filter neutralize\n|-damage|p1a: Mrs. Mr. Mime|160/284\n|move|p2a: Gluttony|Darkest Lariat|p1a: Mrs. Mr. Mime\n|debug|Follow Me redirected target of move\n|debug|Negating (sp)def boost/penalty.\n|-damage|p1a: Mrs. Mr. Mime|64/284\n|\n|-weather|SunnyDay|[upkeep]\n|upkeep\n|turn|4\n|\n|t:|1739313131\n|switch|p1a: Sparky|Jolteon, M|255/271 brn\n|move|p1b: Eggman|Expanding Force|p2a: Gluttony|[spread] p2a,p2b\n|debug|psychic terrain boost\n|debug|terrain buff\n|debug|Spread modifier: 0.75\n|debug|psychic terrain boost\n|debug|terrain buff\n|debug|Spread modifier: 0.75\n|-damage|p2a: Gluttony|5/524\n|-damage|p2b: Sloth|0 fnt\n|-enditem|p2a: Gluttony|Aguav Berry|[eat]\n|-heal|p2a: Gluttony|179/524|[from] item: Aguav Berry\n|faint|p2b: Sloth\n|-damage|p1b: Eggman|327/363|[from] item: Life Orb\n|move|p2a: Gluttony|Ice Punch|p1b: Eggman\n|-supereffective|p1b: Eggman\n|-damage|p1b: Eggman|123/363\n|\n|-weather|SunnyDay|[upkeep]\n|-damage|p1a: Sparky|239/271 brn|[from] brn\n|upkeep\n|\n|t:|1739313146\n|switch|p2b: Pride|Cloyster, F|303/303\n|turn|5\n|\n|t:|1739313192\n|move|p1a: Sparky|Electroweb|p2b: Pride|[spread] p2a,p2b\n|debug|Spread modifier: 0.75\n|debug|Spread modifier: 0.75\n|-supereffective|p2b: Pride\n|-damage|p2a: Gluttony|119/524\n|-damage|p2b: Pride|27/303\n|-unboost|p2a: Gluttony|spe|1\n|-unboost|p2b: Pride|spe|1\n|move|p1b: Eggman|Expanding Force|p2b: Pride|[spread] p2a,p2b\n|debug|psychic terrain boost\n|debug|terrain buff\n|debug|Spread modifier: 0.75\n|debug|psychic terrain boost\n|debug|terrain buff\n|debug|Spread modifier: 0.75\n|-damage|p2a: Gluttony|0 fnt\n|-damage|p2b: Pride|0 fnt\n|faint|p2a: Gluttony\n|faint|p2b: Pride\n|-damage|p1b: Eggman|87/363|[from] item: Life Orb\n|\n|-weather|SunnyDay|[upkeep]\n|-damage|p1a: Sparky|223/271 brn|[from] brn\n|upkeep\n|\n|t:|1739313219\n|switch|p2b: Greed|Golduck, M|301/301\n|switch|p2a: Envy|Electrode|324/324\n|turn|6\n|\n|t:|1739313238\n|switch|p2a: Wrath|Poliwrath, F|371/371\n|move|p1a: Sparky|Electroweb|p2b: Greed|[spread] p2a,p2b\n|debug|Spread modifier: 0.75\n|-supereffective|p2a: Wrath\n|debug|Spread modifier: 0.75\n|-supereffective|p2b: Greed\n|-damage|p2a: Wrath|221/371\n|-damage|p2b: Greed|125/301\n|-unboost|p2a: Wrath|spe|1\n|-unboost|p2b: Greed|spe|1\n|move|p1b: Eggman|Expanding Force|p2a: Wrath|[spread] p2a,p2b\n|debug|psychic terrain boost\n|debug|terrain buff\n|debug|Spread modifier: 0.75\n|-supereffective|p2a: Wrath\n|debug|psychic terrain boost\n|debug|terrain buff\n|debug|Spread modifier: 0.75\n|-damage|p2a: Wrath|0 fnt\n|-damage|p2b: Greed|0 fnt\n|faint|p2a: Wrath\n|faint|p2b: Greed\n|-damage|p1b: Eggman|51/363|[from] item: Life Orb\n|\n|-weather|none\n|-damage|p1a: Sparky|207/271 brn|[from] brn\n|upkeep\n|c|☆Mango Meloetta|oof lol\n|\n|t:|1739313254\n|switch|p2b: Envy|Electrode|324/324\n|turn|7\n|\n|t:|1739313257\n|move|p1a: Sparky|Sunny Day|p1a: Sparky\n|-weather|SunnyDay\n|move|p1b: Eggman|Moonlight|p1b: Eggman\n|-heal|p1b: Eggman|293/363\n|move|p2b: Envy|Explosion|p1b: Eggman|[spread] p1a,p1b\n|debug|Spread modifier: 0.75\n|debug|Spread modifier: 0.75\n|-damage|p1a: Sparky|91/271 brn\n|-damage|p1b: Eggman|202/363\n|faint|p2b: Envy\n|\n|win|mistermoscow\n|c|☆Mango Meloetta|lmaooo\n|c|☆mistermoscow|lol\n|c|☆mistermoscow|gg\n|c|☆Mango Meloetta|i gotta fix my teams, i'll try an old one\n|c|☆mistermoscow|ok\n","uploadtime":1739313275,"views":"11","formatid":"gen9doublescustomgame","rating":null,"private":0,"password":null}