{"id":"gen9doublescustomgame-2350148637","format":"[Gen 9] Doubles Custom Game","players":["Mango Meloetta","mistermoscow"],"log":"|j|☆Mango Meloetta\n|j|☆mistermoscow\n|t:|1745543058\n|gametype|doubles\n|player|p1|Mango Meloetta|li|\n|player|p2|mistermoscow|alder|\n|teamsize|p1|6\n|teamsize|p2|6\n|gen|9\n|tier|[Gen 9] Doubles Custom Game\n|clearpoke\n|poke|p1|Electabuzz, M|\n|poke|p1|Arcanine, M|\n|poke|p1|Weezing, M|\n|poke|p1|Snorlax, F|\n|poke|p1|Persian, M|\n|poke|p1|Parasect, F|\n|poke|p2|Dugtrio, M|\n|poke|p2|Victreebel, M|\n|poke|p2|Exeggutor, M|\n|poke|p2|Mr. Mime, M|\n|poke|p2|Jolteon, M|\n|poke|p2|Flareon, F|\n|teampreview\n|c|☆mistermoscow|official?\n|c|☆Mango Meloetta|yeee\n|\n|t:|1745543118\n|start\n|switch|p1a: Parasect|Parasect, F|324/324\n|switch|p1b: Weezing|Weezing, M|334/334\n|switch|p2a: Mimsy|Mr. Mime, M|284/284\n|switch|p2b: Sparky|Jolteon, M|271/271\n|turn|1\n|\n|t:|1745543137\n|move|p2a: Mimsy|Fake Out|p1a: Parasect\n|-damage|p1a: Parasect|309/324\n|move|p2b: Sparky|Sunny Day|p2b: Sparky\n|-weather|SunnyDay\n|move|p1b: Weezing|Poison Gas|p2b: Sparky|[spread] p2a\n|-miss|p1b: Weezing|p2b: Sparky\n|-status|p2a: Mimsy|psn\n|cant|p1a: Parasect|flinch\n|\n|-weather|SunnyDay|[upkeep]\n|-heal|p1a: Parasect|324/324|[from] item: Leftovers\n|-damage|p2a: Mimsy|249/284 psn|[from] psn\n|upkeep\n|turn|2\n|\n|t:|1745543174\n|switch|p2b: Victor|Victreebel, M|302/302\n|move|p2a: Mimsy|Psychic Terrain|p2a: Mimsy\n|-fieldstart|move: Psychic Terrain\n|move|p1b: Weezing|Heat Wave|p2b: Victor|[spread] p2a,p2b\n|debug|Spread modifier: 0.75\n|debug|Sunny Day fire boost\n|debug|Spread modifier: 0.75\n|debug|Sunny Day fire boost\n|-supereffective|p2b: Victor\n|-damage|p2a: Mimsy|183/284 psn\n|-damage|p2b: Victor|116/302\n|-status|p2b: Victor|brn\n|move|p1a: Parasect|Spore|p2b: Victor\n|debug|natural powder immunity\n|-immune|p2b: Victor\n|\n|-weather|SunnyDay|[upkeep]\n|-heal|p2b: Victor|134/302 brn|[from] item: Black Sludge\n|-damage|p2a: Mimsy|148/284 psn|[from] psn\n|-damage|p2b: Victor|116/302 brn|[from] brn\n|upkeep\n|turn|3\n|\n|t:|1745543218\n|move|p2b: Victor|Swords Dance|p2b: Victor\n|-boost|p2b: Victor|atk|2\n|move|p2a: Mimsy|Expanding Force|p1b: Weezing|[spread] p1a,p1b\n|debug|psychic terrain boost\n|debug|terrain buff\n|debug|Spread modifier: 0.75\n|debug|psychic terrain boost\n|debug|terrain buff\n|debug|Spread modifier: 0.75\n|-supereffective|p1b: Weezing\n|-damage|p1a: Parasect|203/324\n|-damage|p1b: Weezing|94/334\n|move|p1b: Weezing|Heat Wave|p2b: Victor|[spread] p2a,p2b\n|debug|Spread modifier: 0.75\n|debug|Sunny Day fire boost\n|debug|Spread modifier: 0.75\n|debug|Sunny Day fire boost\n|-supereffective|p2b: Victor\n|-damage|p2a: Mimsy|87/284 psn\n|-damage|p2b: Victor|0 fnt\n|faint|p2b: Victor\n|move|p1a: Parasect|Reflect|p1a: Parasect\n|-sidestart|p1: Mango Meloetta|Reflect\n|\n|-weather|SunnyDay|[upkeep]\n|-heal|p1b: Weezing|114/334|[from] item: Black Sludge\n|-heal|p1a: Parasect|223/324|[from] item: Leftovers\n|-damage|p2a: Mimsy|52/284 psn|[from] psn\n|upkeep\n|\n|t:|1745543233\n|switch|p2b: Eggman|Exeggutor, M|332/332\n|turn|4\n|\n|t:|1745543259\n|move|p2b: Eggman|Expanding Force|p1b: Weezing|[spread] p1a,p1b\n|debug|psychic terrain boost\n|debug|terrain buff\n|debug|Spread modifier: 0.75\n|debug|psychic terrain boost\n|debug|terrain buff\n|debug|Spread modifier: 0.75\n|-supereffective|p1b: Weezing\n|-damage|p1a: Parasect|0 fnt\n|-damage|p1b: Weezing|0 fnt\n|faint|p1a: Parasect\n|faint|p1b: Weezing\n|-damage|p2b: Eggman|299/332|[from] item: Life Orb\n|move|p2a: Mimsy|Expanding Force|p1: Parasect|[notarget]\n|-fail|p2a: Mimsy\n|\n|-weather|SunnyDay|[upkeep]\n|-damage|p2a: Mimsy|17/284 psn|[from] psn\n|upkeep\n|\n|t:|1745543271\n|switch|p1b: Persian|Persian, M|272/272\n|switch|p1a: Arcanine|Arcanine, M|321/321\n|-ability|p1a: Arcanine|Intimidate|boost\n|-unboost|p2a: Mimsy|atk|1\n|-unboost|p2b: Eggman|atk|1\n|turn|5\n|\n|t:|1745543280\n|move|p1b: Persian|Fake Out|p2a: Mimsy\n|-activate|p2a: Mimsy|move: Psychic Terrain\n|move|p2a: Mimsy|Follow Me|p2a: Mimsy\n|-singleturn|p2a: Mimsy|move: Follow Me\n|move|p2b: Eggman|Expanding Force|p1a: Arcanine|[spread] p1a,p1b\n|debug|psychic terrain boost\n|debug|terrain buff\n|debug|Spread modifier: 0.75\n|debug|psychic terrain boost\n|debug|terrain buff\n|debug|Spread modifier: 0.75\n|-damage|p1a: Arcanine|0 fnt\n|-enditem|p1b: Persian|Focus Sash\n|-damage|p1b: Persian|1/272\n|faint|p1a: Arcanine\n|-damage|p2b: Eggman|266/332|[from] item: Life Orb\n|\n|-weather|SunnyDay|[upkeep]\n|-damage|p2a: Mimsy|0 fnt|[from] psn\n|faint|p2a: Mimsy\n|upkeep\n|c|☆Mango Meloetta|oops lol\n|\n|t:|1745543304\n|switch|p1a: Electabuzz|Electabuzz, M|334/334\n|switch|p2a: Fluffy|Flareon, F|334/334\n|turn|6\n|c|☆mistermoscow|lol\n|\n|t:|1745543321\n|move|p1a: Electabuzz|Follow Me|p1a: Electabuzz\n|-singleturn|p1a: Electabuzz|move: Follow Me\n|move|p2b: Eggman|Expanding Force|p1b: Persian|[spread] p1a,p1b\n|debug|psychic terrain boost\n|debug|terrain buff\n|debug|Spread modifier: 0.75\n|debug|psychic terrain boost\n|debug|terrain buff\n|debug|Spread modifier: 0.75\n|-damage|p1a: Electabuzz|127/334\n|-damage|p1b: Persian|0 fnt\n|faint|p1b: Persian\n|-damage|p2b: Eggman|233/332|[from] item: Life Orb\n|move|p2a: Fluffy|Flare Blitz|p1a: Electabuzz\n|debug|Follow Me redirected target of move\n|debug|Sunny Day fire boost\n|debug|Reflect weaken\n|-damage|p1a: Electabuzz|0 fnt\n|faint|p1a: Electabuzz\n|-damage|p2a: Fluffy|292/334|[from] Recoil\n|\n|-weather|SunnyDay|[upkeep]\n|-status|p2a: Fluffy|tox|[from] item: Toxic Orb\n|upkeep\n|\n|t:|1745543334\n|switch|p1b: Snorlax|Snorlax, F|524/524\n|turn|7\n|\n|t:|1745543343\n|move|p2b: Eggman|Expanding Force|p1b: Snorlax\n|debug|psychic terrain boost\n|debug|terrain buff\n|-damage|p1b: Snorlax|215/524\n|-enditem|p1b: Snorlax|Figy Berry|[eat]\n|-heal|p1b: Snorlax|389/524|[from] item: Figy Berry\n|-damage|p2b: Eggman|200/332|[from] item: Life Orb\n|move|p2a: Fluffy|Flare Blitz|p1b: Snorlax\n|debug|Sunny Day fire boost\n|debug|Reflect weaken\n|-damage|p1b: Snorlax|40/524\n|-damage|p2a: Fluffy|177/334 tox|[from] Recoil\n|move|p1b: Snorlax|Belly Drum||[still]\n|-fail|p1b: Snorlax\n|debug|move failed because it did nothing\n|\n|-weather|SunnyDay|[upkeep]\n|-damage|p2a: Fluffy|157/334 tox|[from] psn\n|-sideend|p1: Mango Meloetta|Reflect\n|upkeep\n|turn|8\n|\n|t:|1745543366\n|move|p2b: Eggman|Expanding Force|p1b: Snorlax\n|debug|psychic terrain boost\n|debug|terrain buff\n|-damage|p1b: Snorlax|0 fnt\n|faint|p1b: Snorlax\n|-damage|p2b: Eggman|167/332|[from] item: Life Orb\n|\n|win|mistermoscow\n|c|☆mistermoscow|gg\n|c|☆Mango Meloetta|gggg\n|c|☆Mango Meloetta|wp\n","uploadtime":1745543372,"views":"12","formatid":"gen9doublescustomgame","rating":null,"private":0,"password":null}