{"id":"gen9doublescustomgame-2425822316","format":"[Gen 9] Doubles Custom Game","players":["mistermoscow","je64"],"log":"|j|☆mistermoscow\n|j|☆je64\n|t:|1755797177\n|gametype|doubles\n|player|p1|mistermoscow|alder|\n|player|p2|je64|2|\n|gen|9\n|tier|[Gen 9] Doubles Custom Game\n|clearpoke\n|poke|p1|Butterfree, F|\n|poke|p1|Nidoking, M|\n|poke|p1|Clefairy, M|\n|poke|p1|Primeape, M|\n|poke|p1|Mr. Mime, M|\n|poke|p1|Jolteon, M|\n|poke|p2|Gengar|\n|poke|p2|Chansey, F|\n|poke|p2|Magmar|\n|poke|p2|Dodrio|\n|poke|p2|Exeggutor|\n|poke|p2|Dugtrio|\n|teampreview\n|j| Backrooms_The_City\n|l| Backrooms_The_City\n|\n|t:|1755797300\n|teamsize|p1|6\n|teamsize|p2|6\n|start\n|switch|p1a: Sparky|Jolteon, M|271/271\n|switch|p1b: King Nido|Nidoking, M|304/304\n|switch|p2a: Joys hot assistnt|Chansey, F|704/704\n|switch|p2b: Myagmar|Magmar|303/303\n|turn|1\n|\n|t:|1755797358\n|switch|p2b: Le Chupacabra|Dodrio|262/262\n|move|p1b: King Nido|Earth Power|p2b: Le Chupacabra\n|-immune|p2b: Le Chupacabra\n|move|p1a: Sparky|Light Screen|p1a: Sparky\n|-sidestart|p1: mistermoscow|move: Light Screen\n|move|p2a: Joys hot assistnt|Seismic Toss|p1a: Sparky\n|-damage|p1a: Sparky|171/271\n|\n|upkeep\n|turn|2\n|\n|t:|1755797499\n|switch|p1b: Mimsy|Mr. Mime, M|222/222\n|move|p1a: Sparky|Electroweb|p2b: Le Chupacabra|[spread] p2a,p2b\n|debug|Spread modifier: 0.75\n|debug|Spread modifier: 0.75\n|-supereffective|p2b: Le Chupacabra\n|-damage|p2a: Joys hot assistnt|658/704\n|-damage|p2b: Le Chupacabra|70/262\n|-unboost|p2a: Joys hot assistnt|spe|1\n|-unboost|p2b: Le Chupacabra|spe|1\n|move|p2b: Le Chupacabra|Tailwind|p2b: Le Chupacabra\n|-sidestart|p2: je64|move: Tailwind\n|move|p2a: Joys hot assistnt|Seismic Toss|p1a: Sparky\n|-damage|p1a: Sparky|71/271\n|\n|upkeep\n|turn|3\n|\n|t:|1755797532\n|move|p1b: Mimsy|Follow Me|p1b: Mimsy\n|-singleturn|p1b: Mimsy|move: Follow Me\n|move|p2b: Le Chupacabra|Return|p1b: Mimsy\n|debug|Follow Me redirected target of move\n|-enditem|p2b: Le Chupacabra|Normal Gem|[from] gem\n|debug|Gem Boost\n|-damage|p1b: Mimsy|0 fnt\n|faint|p1b: Mimsy\n|move|p1a: Sparky|Reflect|p1a: Sparky\n|-sidestart|p1: mistermoscow|Reflect\n|move|p2a: Joys hot assistnt|Seismic Toss|p1a: Sparky\n|-damage|p1a: Sparky|0 fnt\n|faint|p1a: Sparky\n|\n|upkeep\n|\n|t:|1755797558\n|switch|p1a: Clifford|Clefairy, M|282/282\n|switch|p1b: King Nido|Nidoking, M|304/304\n|turn|4\n|\n|t:|1755797611\n|move|p2b: Le Chupacabra|Protect|p2b: Le Chupacabra\n|-singleturn|p2b: Le Chupacabra|Protect\n|move|p1b: King Nido|Ice Beam|p2b: Le Chupacabra\n|-activate|p2b: Le Chupacabra|move: Protect\n|move|p2a: Joys hot assistnt|Thunder Wave|p1a: Clifford\n|-status|p1a: Clifford|par\n|move|p1a: Clifford|Moonblast|p2a: Joys hot assistnt\n|-damage|p2a: Joys hot assistnt|607/704\n|\n|upkeep\n|turn|5\n|\n|t:|1755797665\n|switch|p2b: Myagmar|Magmar|303/303\n|switch|p1b: Apollo|Primeape, M|334/334\n|move|p1a: Clifford|Heal Pulse|p1b: Apollo\n|-fail|p1b: Apollo|heal\n|debug|move failed because it did nothing\n|move|p2a: Joys hot assistnt|Teleport|p2a: Joys hot assistnt\n|\n|t:|1755797731\n|switch|p2a: Le Chupacabra|Dodrio|70/262|[from] Teleport\n|\n|-sideend|p1: mistermoscow|move: Light Screen\n|-sideend|p2: je64|move: Tailwind\n|upkeep\n|turn|6\n|\n|t:|1755797752\n|move|p1a: Clifford|Follow Me|p1a: Clifford\n|-singleturn|p1a: Clifford|move: Follow Me\n|move|p2a: Le Chupacabra|Tailwind|p2a: Le Chupacabra\n|-sidestart|p2: je64|move: Tailwind\n|move|p2b: Myagmar|Sunny Day|p2b: Myagmar\n|-weather|SunnyDay\n|move|p1b: Apollo|Bulk Up|p1b: Apollo\n|-boost|p1b: Apollo|atk|1\n|-boost|p1b: Apollo|def|1\n|\n|-weather|SunnyDay|[upkeep]\n|upkeep\n|turn|7\n|\n|t:|1755797799\n|move|p1a: Clifford|Follow Me|p1a: Clifford\n|-singleturn|p1a: Clifford|move: Follow Me\n|move|p2a: Le Chupacabra|Brave Bird|p1a: Clifford\n|debug|Follow Me redirected target of move\n|debug|Reflect weaken\n|-damage|p1a: Clifford|173/282 par\n|-damage|p2a: Le Chupacabra|34/262|[from] Recoil\n|move|p2b: Myagmar|Overheat|p1a: Clifford\n|debug|Follow Me redirected target of move\n|debug|Sunny Day fire boost\n|-damage|p1a: Clifford|0 fnt\n|-unboost|p2b: Myagmar|spa|2\n|faint|p1a: Clifford\n|move|p1b: Apollo|Bulk Up|p1b: Apollo\n|-boost|p1b: Apollo|atk|1\n|-boost|p1b: Apollo|def|1\n|\n|-weather|SunnyDay|[upkeep]\n|-sideend|p1: mistermoscow|Reflect\n|upkeep\n|\n|t:|1755797817\n|switch|p1a: Purple Haze|Butterfree, F|262/262\n|turn|8\n|\n|t:|1755797855\n|move|p2a: Le Chupacabra|Brave Bird|p1a: Purple Haze\n|-supereffective|p1a: Purple Haze\n|-enditem|p1a: Purple Haze|Focus Sash\n|-damage|p1a: Purple Haze|1/262\n|-damage|p2a: Le Chupacabra|0 fnt|[from] Recoil\n|faint|p2a: Le Chupacabra\n|move|p2b: Myagmar|Will-O-Wisp|p1b: Apollo\n|-status|p1b: Apollo|brn\n|move|p1a: Purple Haze|Quiver Dance|p1a: Purple Haze\n|-boost|p1a: Purple Haze|spa|1\n|-boost|p1a: Purple Haze|spd|1\n|-boost|p1a: Purple Haze|spe|1\n|move|p1b: Apollo|Drain Punch|p2b: Myagmar\n|-crit|p2b: Myagmar\n|-damage|p2b: Myagmar|204/303\n|\n|-weather|SunnyDay|[upkeep]\n|-damage|p1b: Apollo|314/334 brn|[from] brn\n|upkeep\n|\n|t:|1755797877\n|switch|p2a: San Ti Ren 三体人|Exeggutor|331/331\n|turn|9\n|\n|t:|1755797899\n|move|p1a: Purple Haze|Protect|p1a: Purple Haze\n|-singleturn|p1a: Purple Haze|Protect\n|move|p2a: San Ti Ren 三体人|Expanding Force|p1b: Apollo\n|-supereffective|p1b: Apollo\n|-damage|p1b: Apollo|109/334 brn\n|-damage|p2a: San Ti Ren 三体人|298/331|[from] item: Life Orb\n|move|p2b: Myagmar|Will-O-Wisp|p1a: Purple Haze\n|-activate|p1a: Purple Haze|move: Protect\n|move|p1b: Apollo|Facade|p2a: San Ti Ren 三体人\n|-damage|p2a: San Ti Ren 三体人|25/331\n|\n|-weather|SunnyDay|[upkeep]\n|-damage|p1b: Apollo|89/334 brn|[from] brn\n|-sideend|p2: je64|move: Tailwind\n|upkeep\n|turn|10\n|\n|t:|1755797950\n|move|p2a: San Ti Ren 三体人|Expanding Force|p1b: Apollo\n|-supereffective|p1b: Apollo\n|-damage|p1b: Apollo|0 fnt\n|faint|p1b: Apollo\n|-damage|p2a: San Ti Ren 三体人|0 fnt|[from] item: Life Orb\n|faint|p2a: San Ti Ren 三体人\n|move|p1a: Purple Haze|Sleep Powder|p2b: Myagmar\n|debug|compoundeyes - enhancing accuracy\n|-status|p2b: Myagmar|slp|[from] move: Sleep Powder\n|cant|p2b: Myagmar|slp\n|\n|-weather|none\n|upkeep\n|\n|t:|1755797981\n|switch|p2a: Stranger|Gengar|262/262\n|switch|p1b: King Nido|Nidoking, M|304/304\n|turn|11\n|\n|t:|1755798019\n|switch|p2b: Joys hot assistnt|Chansey, F|607/704\n|move|p1a: Purple Haze|Protect|p1a: Purple Haze\n|-singleturn|p1a: Purple Haze|Protect\n|move|p2a: Stranger|Psychic|p1b: King Nido\n|-supereffective|p1b: King Nido\n|-damage|p1b: King Nido|16/304\n|-unboost|p1b: King Nido|spd|1\n|move|p1b: King Nido|Earth Power|p2a: Stranger\n|-supereffective|p2a: Stranger\n|-damage|p2a: Stranger|0 fnt\n|-start|p1b: King Nido|Disable|Earth Power|[from] ability: Cursed Body|[of] p2a: Stranger\n|faint|p2a: Stranger\n|\n|upkeep\n|\n|t:|1755798045\n|switch|p2a: Myagmar|Magmar|204/303 slp\n|turn|12\n|\n|t:|1755798060\n|-activate|p1b: King Nido|move: Struggle\n|move|p1b: King Nido|Struggle|p2b: Joys hot assistnt\n|-damage|p2b: Joys hot assistnt|562/704\n|-damage|p1b: King Nido|0 fnt|[from] recoil\n|faint|p1b: King Nido\n|move|p1a: Purple Haze|Sleep Powder|p2b: Joys hot assistnt\n|debug|compoundeyes - enhancing accuracy\n|-status|p2b: Joys hot assistnt|slp|[from] move: Sleep Powder\n|-curestatus|p2a: Myagmar|slp|[msg]\n|move|p2a: Myagmar|Will-O-Wisp|p1a: Purple Haze\n|-status|p1a: Purple Haze|brn\n|cant|p2b: Joys hot assistnt|slp\n|\n|-damage|p1a: Purple Haze|0 fnt|[from] brn\n|faint|p1a: Purple Haze\n|\n|win|je64\n","uploadtime":1755798110,"views":"13","formatid":"gen9doublescustomgame","rating":null,"private":0,"password":null}