{"id":"gen9doublescustomgame-2078025701","format":"[Gen 9] Doubles Custom Game","players":["mattmandaman","Mango Meloetta"],"log":"|j|☆mattmandaman\n|j|☆Mango Meloetta\n|t:|1710105719\n|gametype|doubles\n|player|p1|mattmandaman|giovanni|\n|player|p2|Mango Meloetta|li|\n|teamsize|p1|6\n|teamsize|p2|6\n|gen|9\n|tier|[Gen 9] Doubles Custom Game\n|clearpoke\n|poke|p1|Kommo-o, M|\n|poke|p1|Shaymin-Sky|\n|poke|p1|Kangaskhan-Mega, F|\n|poke|p1|Diancie|\n|poke|p1|Volcanion|\n|poke|p1|Grimmsnarl, M|\n|poke|p2|Zygarde|\n|poke|p2|Pawmot, F|\n|poke|p2|Gengar, F|\n|poke|p2|Porygon2|\n|poke|p2|Ferrothorn, M|\n|poke|p2|Chien-Pao|\n|teampreview\n|j| mistermoscow\n|j| je64\n|\n|t:|1710105797\n|start\n|switch|p1a: Kangaskhan|Kangaskhan-Mega, F|352/352\n|switch|p1b: Kommo-o|Kommo-o, M|292/292\n|switch|p2a: Bud|Ferrothorn, M, shiny|351/351\n|switch|p2b: Danker|Gengar, F, shiny|261/261\n|turn|1\n|\n|t:|1710105835\n|detailschange|p2b: Danker|Gengar-Mega, F, shiny\n|-mega|p2b: Danker|Gengar|Gengarite\n|move|p2a: Bud|Protect|p2a: Bud\n|-singleturn|p2a: Bud|Protect\n|move|p1a: Kangaskhan|Fake Out|p2b: Danker\n|-immune|p2b: Danker\n|move|p2b: Danker|Icy Wind|p1b: Kommo-o|[spread] p1a,p1b\n|debug|Spread modifier: 0.75\n|debug|Spread modifier: 0.75\n|-supereffective|p1b: Kommo-o\n|-damage|p1a: Kangaskhan|295/352\n|-damage|p1b: Kommo-o|174/292\n|-unboost|p1a: Kangaskhan|spe|1\n|-unboost|p1b: Kommo-o|spe|1\n|move|p1b: Kommo-o|Clangorous Soul|p1b: Kommo-o\n|-boost|p1b: Kommo-o|atk|1\n|-boost|p1b: Kommo-o|def|1\n|-boost|p1b: Kommo-o|spa|1\n|-boost|p1b: Kommo-o|spd|1\n|-boost|p1b: Kommo-o|spe|1\n|-damage|p1b: Kommo-o|78/292\n|-enditem|p1b: Kommo-o|Throat Spray\n|-boost|p1b: Kommo-o|spa|1|[from] item: Throat Spray\n|\n|upkeep\n|turn|2\n|l| mistermoscow\n|j| mistermoscow\n|\n|t:|1710105986\n|move|p1b: Kommo-o|Protect|p1b: Kommo-o\n|-singleturn|p1b: Kommo-o|Protect\n|move|p1a: Kangaskhan|Sucker Punch|p2b: Danker\n|-supereffective|p2b: Danker\n|-damage|p2b: Danker|33/261\n|debug|Parental Bond modifier: 0.25\n|-supereffective|p2b: Danker\n|-damage|p2b: Danker|0 fnt\n|faint|p2b: Danker\n|-hitcount|p2: Danker|2\n|move|p2a: Bud|Gyro Ball|p1a: Kangaskhan\n|debug|BP: 125\n|-damage|p1a: Kangaskhan|159/352\n|\n|upkeep\n|\n|t:|1710105998\n|switch|p2b: Roller|Pawmot, F, shiny|281/281\n|turn|3\n|\n|t:|1710106013\n|move|p2b: Roller|Revival Blessing|p2b: Roller\n|\n|t:|1710106014\n|-heal|p2: Danker|130/261|[from] move: Revival Blessing\n|move|p1b: Kommo-o|Close Combat|p2a: Bud\n|-supereffective|p2a: Bud\n|-damage|p2a: Bud|7/351\n|-unboost|p1b: Kommo-o|def|1\n|-unboost|p1b: Kommo-o|spd|1\n|-damage|p1b: Kommo-o|42/292|[from] ability: Iron Barbs|[of] p2a: Bud\n|-damage|p1b: Kommo-o|0 fnt|[from] item: Rocky Helmet|[of] p2a: Bud\n|faint|p1b: Kommo-o\n|move|p1a: Kangaskhan|Return|p2b: Roller\n|-damage|p2b: Roller|11/281\n|debug|Parental Bond modifier: 0.25\n|-damage|p2b: Roller|0 fnt\n|faint|p2b: Roller\n|-hitcount|p2: Roller|2\n|move|p2a: Bud|Gyro Ball|p1a: Kangaskhan\n|debug|BP: 125\n|-damage|p1a: Kangaskhan|29/352\n|\n|upkeep\n|\n|t:|1710106069\n|switch|p2b: Danker|Gengar-Mega, F, shiny|130/261\n|switch|p1b: Diancie|Diancie|304/304\n|turn|4\n|\n|t:|1710106104\n|move|p1a: Kangaskhan|Sucker Punch|p2b: Danker\n|-supereffective|p2b: Danker\n|-damage|p2b: Danker|0 fnt\n|faint|p2b: Danker\n|-hitcount|p2: Danker|1\n|move|p1b: Diancie|Diamond Storm|p2a: Bud\n|-resisted|p2a: Bud\n|-damage|p2a: Bud|0 fnt\n|faint|p2a: Bud\n|\n|upkeep\n|\n|t:|1710106116\n|switch|p2b: Lighter|Chien-Pao|301/301\n|switch|p2a: Paper|Zygarde, shiny|357/357\n|-ability|p2b: Lighter|Sword of Ruin\n|-ability|p2a: Paper|Aura Break\n|turn|5\n|j| noli_cannoli10\n|\n|t:|1710106165\n|switch|p1a: Grimmsnarl|Grimmsnarl, M|394/394\n|-terastallize|p2a: Paper|Normal\n|move|p2a: Paper|Extreme Speed|p1a: Grimmsnarl\n|debug|Sword of Ruin Def drop\n|-damage|p1a: Grimmsnarl|69/394\n|move|p2b: Lighter|Sacred Sword|p1b: Diancie\n|debug|Negating (sp)def boost/penalty.\n|debug|Sword of Ruin Def drop\n|-damage|p1b: Diancie|187/304\n|-damage|p2b: Lighter|271/301|[from] item: Life Orb\n|move|p1b: Diancie|Diamond Storm|p2a: Paper|[spread] p2a,p2b\n|debug|Sword of Ruin Def drop\n|debug|Spread modifier: 0.75\n|debug|Spread modifier: 0.75\n|-supereffective|p2b: Lighter\n|-damage|p2a: Paper|213/357\n|-damage|p2b: Lighter|0 fnt\n|faint|p2b: Lighter\n|\n|upkeep\n|\n|t:|1710106177\n|switch|p2b: Filter|Porygon2, shiny|374/374\n|-ability|p2b: Filter|Clear Body|[from] ability: Trace|[of] p1b: Diancie\n|turn|6\n|\n|t:|1710106187\n|move|p2a: Paper|Extreme Speed|p1a: Grimmsnarl\n|-damage|p1a: Grimmsnarl|0 fnt\n|faint|p1a: Grimmsnarl\n|move|p2b: Filter|Thunder Wave|p1b: Diancie\n|-status|p1b: Diancie|par\n|move|p1b: Diancie|Diamond Storm|p2a: Paper|[spread] p2a,p2b\n|debug|Spread modifier: 0.75\n|debug|Spread modifier: 0.75\n|-damage|p2a: Paper|116/357\n|-damage|p2b: Filter|287/374\n|-boost|p1b: Diancie|def|2\n|\n|upkeep\n|\n|t:|1710106200\n|switch|p1a: Kangaskhan|Kangaskhan-Mega, F|29/352\n|turn|7\n|\n|t:|1710106223\n|move|p1a: Kangaskhan|Fake Out|p2a: Paper\n|-damage|p2a: Paper|47/357\n|debug|Parental Bond modifier: 0.25\n|-damage|p2a: Paper|32/357\n|debug|move failed because it did nothing\n|-hitcount|p2a: Paper|2\n|cant|p2a: Paper|flinch\n|move|p2b: Filter|Ice Beam|p1a: Kangaskhan\n|-damage|p1a: Kangaskhan|0 fnt\n|faint|p1a: Kangaskhan\n|move|p1b: Diancie|Diamond Storm|p2a: Paper|[spread] p2a,p2b\n|debug|Spread modifier: 0.75\n|debug|Spread modifier: 0.75\n|-damage|p2a: Paper|0 fnt\n|-damage|p2b: Filter|196/374\n|faint|p2a: Paper\n|\n|upkeep\n|\n|t:|1710106240\n|switch|p1a: Volcanion|Volcanion|364/364\n|-item|p1a: Volcanion|Air Balloon\n|turn|8\n|\n|t:|1710106244\n|move|p1a: Volcanion|Steam Eruption|p2b: Filter\n|-damage|p2b: Filter|97/374\n|move|p2b: Filter|Recover|p2b: Filter\n|-heal|p2b: Filter|284/374\n|move|p1b: Diancie|Diamond Storm|p2b: Filter\n|-damage|p2b: Filter|154/374\n|\n|upkeep\n|turn|9\n|\n|t:|1710106255\n|move|p1a: Volcanion|Steam Eruption|p2b: Filter\n|-damage|p2b: Filter|54/374\n|-status|p2b: Filter|brn\n|move|p2b: Filter|Recover|p2b: Filter\n|-heal|p2b: Filter|241/374 brn\n|cant|p1b: Diancie|par\n|\n|-damage|p2b: Filter|218/374 brn|[from] brn\n|upkeep\n|turn|10\n|\n|t:|1710106271\n|switch|p1b: Shaymin|Shaymin-Sky|342/342\n|move|p1a: Volcanion|Steam Eruption|p2b: Filter\n|-damage|p2b: Filter|104/374 brn\n|move|p2b: Filter|Recover|p2b: Filter\n|-heal|p2b: Filter|291/374 brn\n|\n|-damage|p2b: Filter|268/374 brn|[from] brn\n|upkeep\n|turn|11\n|\n|t:|1710106281\n|debug|doubling secondary chance\n|move|p1b: Shaymin|Seed Flare|p2b: Filter\n|-damage|p2b: Filter|165/374 brn\n|debug|move failed because it did nothing\n|move|p1a: Volcanion|Steam Eruption|p2b: Filter\n|-damage|p2b: Filter|54/374 brn\n|move|p2b: Filter|Ice Beam|p1b: Shaymin\n|-supereffective|p1b: Shaymin\n|-enditem|p1b: Shaymin|Focus Sash\n|-damage|p1b: Shaymin|1/342\n|\n|-damage|p2b: Filter|31/374 brn|[from] brn\n|upkeep\n|turn|12\n|\n|t:|1710106294\n|debug|doubling secondary chance\n|move|p1b: Shaymin|Air Slash|p2b: Filter\n|-damage|p2b: Filter|0 fnt\n|debug|move failed because it did nothing\n|faint|p2b: Filter\n|\n|win|mattmandaman\n|c|☆Mango Meloetta|gg\n|l|☆Mango Meloetta\n|player|p2|\n|l|☆mattmandaman\n|player|p1|\n|l| noli_cannoli10\n","uploadtime":1710106334,"views":"33","formatid":"gen9doublescustomgame","rating":null,"private":0,"password":null}