{"id":"gen9doublescustomgame-2340208594","format":"[Gen 9] Doubles Custom Game","players":["mistermoscow","Mattmandaman"],"log":"|j|☆mistermoscow\n|j|☆Mattmandaman\n|t:|1744339653\n|gametype|doubles\n|player|p1|mistermoscow|alder|\n|player|p2|Mattmandaman|giovanni|\n|teamsize|p1|6\n|teamsize|p2|6\n|gen|9\n|tier|[Gen 9] Doubles Custom Game\n|clearpoke\n|poke|p1|Nidoking, M|\n|poke|p1|Machoke, M|\n|poke|p1|Dewgong, M|\n|poke|p1|Exeggutor, M|\n|poke|p1|Mr. Mime, M|\n|poke|p1|Jolteon, M|\n|poke|p2|Slowpoke, F|\n|poke|p2|Clefairy, M|\n|poke|p2|Marowak, F|\n|poke|p2|Gengar, M|\n|poke|p2|Snorlax, F|\n|poke|p2|Muk, M|\n|teampreview\n|\n|t:|1744339691\n|start\n|switch|p1a: Dewey|Dewgong, M|384/384\n|switch|p1b: Sparky|Jolteon, M|271/271\n|switch|p2a: Gengar|Gengar, M|262/262\n|switch|p2b: Muk|Muk, M|397/397\n|turn|1\n|\n|t:|1744339709\n|move|p1b: Sparky|Reflect|p1b: Sparky\n|-sidestart|p1: mistermoscow|Reflect\n|move|p2a: Gengar|Will-O-Wisp|p1a: Dewey\n|-status|p1a: Dewey|brn\n|move|p1a: Dewey|Triple Axel|p2a: Gengar\n|-damage|p2a: Gengar|242/262\n|-damage|p2a: Gengar|201/262\n|-damage|p2a: Gengar|144/262\n|-hitcount|p2a: Gengar|3\n|move|p2b: Muk|Poison Jab|p1b: Sparky\n|debug|Reflect weaken\n|-damage|p1b: Sparky|130/271\n|-status|p1b: Sparky|psn\n|\n|-damage|p1b: Sparky|97/271 psn|[from] psn\n|-damage|p1a: Dewey|360/384 brn|[from] brn\n|upkeep\n|turn|2\n|\n|t:|1744339731\n|move|p1b: Sparky|Light Screen|p1b: Sparky\n|-sidestart|p1: mistermoscow|move: Light Screen\n|move|p1a: Dewey|Knock Off|p2a: Gengar\n|-supereffective|p2a: Gengar\n|-damage|p2a: Gengar|6/262\n|-enditem|p2a: Gengar|Focus Sash|[from] move: Knock Off|[of] p1a: Dewey\n|move|p2b: Muk|Poison Jab|p1b: Sparky\n|debug|Reflect weaken\n|-damage|p1b: Sparky|0 fnt\n|debug|move failed because it did nothing\n|faint|p1b: Sparky\n|move|p2a: Gengar|Trick Room|p2a: Gengar\n|-fieldstart|move: Trick Room|[of] p2a: Gengar\n|\n|-damage|p1a: Dewey|336/384 brn|[from] brn\n|upkeep\n|\n|t:|1744339749\n|switch|p1b: Randy|Machoke, M|302/302\n|turn|3\n|\n|t:|1744339755\n|move|p1b: Randy|Fissure|p2b: Muk\n|-damage|p2b: Muk|0 fnt\n|faint|p2b: Muk\n|-ohko\n|move|p1a: Dewey|Flip Turn|p2a: Gengar\n|-damage|p2a: Gengar|0 fnt\n|faint|p2a: Gengar\n|c|☆Mattmandaman|booooo\n|\n|t:|1744339767\n|switch|p1a: Eggman|Exeggutor, M|394/394|[from] Flip Turn\n|\n|upkeep\n|\n|t:|1744339781\n|switch|p2b: Snorlax|Snorlax, F|490/490\n|switch|p2a: Clefairy|Clefairy, M|344/344\n|turn|4\n|c|☆mistermoscow|wanna get at least one more dub with it before yall ban it\n|\n|t:|1744339813\n|move|p2a: Clefairy|Follow Me|p2a: Clefairy\n|-singleturn|p2a: Clefairy|move: Follow Me\n|move|p2b: Snorlax|Belly Drum|p2b: Snorlax\n|-damage|p2b: Snorlax|245/490\n|-setboost|p2b: Snorlax|atk|6|[from] move: Belly Drum\n|-enditem|p2b: Snorlax|Figy Berry|[eat]\n|-heal|p2b: Snorlax|408/490|[from] item: Figy Berry\n|move|p1b: Randy|Fissure|p2a: Clefairy\n|debug|Follow Me redirected target of move\n|-damage|p2a: Clefairy|0 fnt\n|faint|p2a: Clefairy\n|-ohko\n|move|p1a: Eggman|Giga Drain|p2b: Snorlax\n|-damage|p2b: Snorlax|243/490\n|-damage|p1a: Eggman|355/394|[from] item: Life Orb\n|\n|upkeep\n|\n|t:|1744339826\n|switch|p2a: Slowpoke|Slowpoke, F|384/384\n|turn|5\n|\n|t:|1744339838\n|move|p1b: Randy|Protect|p1b: Randy\n|-singleturn|p1b: Randy|Protect\n|move|p2a: Slowpoke|Yawn|p1a: Eggman\n|-start|p1a: Eggman|move: Yawn|[of] p2a: Slowpoke\n|move|p2b: Snorlax|Body Slam|p1b: Randy\n|-activate|p1b: Randy|move: Protect\n|move|p1a: Eggman|Expanding Force|p2b: Snorlax\n|-damage|p2b: Snorlax|74/490\n|-damage|p1a: Eggman|316/394|[from] item: Life Orb\n|\n|upkeep\n|turn|6\n|\n|t:|1744339889\n|switch|p1b: King Nido|Nidoking, M|303/303\n|move|p2a: Slowpoke|Psychic|p1b: King Nido\n|-supereffective|p1b: King Nido\n|debug|Light Screen weaken\n|-damage|p1b: King Nido|210/303\n|move|p2b: Snorlax|Body Slam|p1b: King Nido\n|debug|Reflect weaken\n|-damage|p1b: King Nido|0 fnt\n|debug|move failed because it did nothing\n|faint|p1b: King Nido\n|move|p1a: Eggman|Giga Drain|p2b: Snorlax\n|-damage|p2b: Snorlax|0 fnt\n|-heal|p1a: Eggman|353/394|[from] drain|[of] p2b: Snorlax\n|faint|p2b: Snorlax\n|-damage|p1a: Eggman|314/394|[from] item: Life Orb\n|\n|-end|p1a: Eggman|move: Yawn|[silent]\n|-status|p1a: Eggman|slp\n|-fieldend|move: Trick Room\n|upkeep\n|\n|t:|1744339909\n|switch|p1b: Dewey|Dewgong, M|336/384 brn\n|switch|p2b: Marowak|Marowak, F|324/324\n|turn|7\n|\n|t:|1744339946\n|move|p2b: Marowak|Protect|p2b: Marowak\n|-singleturn|p2b: Marowak|Protect\n|move|p1b: Dewey|Fake Out|p2b: Marowak\n|-activate|p2b: Marowak|move: Protect\n|cant|p1a: Eggman|slp\n|move|p2a: Slowpoke|Trick Room|p2a: Slowpoke\n|-fieldstart|move: Trick Room|[of] p2a: Slowpoke\n|\n|-damage|p1b: Dewey|312/384 brn|[from] brn\n|upkeep\n|turn|8\n|\n|t:|1744339960\n|move|p2a: Slowpoke|Psychic|p1a: Eggman\n|-resisted|p1a: Eggman\n|debug|Light Screen weaken\n|-damage|p1a: Eggman|292/394 slp\n|move|p2b: Marowak|Rock Slide|p1a: Eggman|[spread] p1a,p1b\n|debug|Spread modifier: 0.75\n|debug|Reflect weaken\n|debug|Spread modifier: 0.75\n|-supereffective|p1b: Dewey\n|debug|Reflect weaken\n|-damage|p1a: Eggman|207/394 slp\n|-damage|p1b: Dewey|140/384 brn\n|debug|Covert Cloak prevent secondary\n|cant|p1a: Eggman|slp\n|move|p1b: Dewey|Knock Off|p2a: Slowpoke\n|-supereffective|p2a: Slowpoke\n|-damage|p2a: Slowpoke|312/384\n|-enditem|p2a: Slowpoke|Eviolite|[from] move: Knock Off|[of] p1b: Dewey\n|\n|-damage|p1b: Dewey|116/384 brn|[from] brn\n|-sideend|p1: mistermoscow|Reflect\n|upkeep\n|turn|9\n|\n|t:|1744339982\n|move|p2a: Slowpoke|Psychic|p1a: Eggman\n|-resisted|p1a: Eggman\n|-crit|p1a: Eggman\n|-damage|p1a: Eggman|155/394 slp\n|move|p2b: Marowak|Rock Slide|p1a: Eggman|[spread] p1a,p1b\n|debug|Spread modifier: 0.75\n|debug|Spread modifier: 0.75\n|-supereffective|p1b: Dewey\n|-damage|p1a: Eggman|30/394 slp\n|-damage|p1b: Dewey|0 fnt\n|debug|Covert Cloak prevent secondary\n|faint|p1b: Dewey\n|-curestatus|p1a: Eggman|slp|[msg]\n|cant|p1a: Eggman|flinch\n|\n|-sideend|p1: mistermoscow|move: Light Screen\n|upkeep\n|\n|t:|1744339995\n|switch|p1b: Randy|Machoke, M|302/302\n|turn|10\n|\n|t:|1744340005\n|switch|p1b: Mimsy|Mr. Mime, M|221/221\n|move|p1a: Eggman|Protect|p1a: Eggman\n|-singleturn|p1a: Eggman|Protect\n|move|p2a: Slowpoke|Psychic|p1b: Mimsy\n|-resisted|p1b: Mimsy\n|-damage|p1b: Mimsy|200/221\n|move|p2b: Marowak|Rock Slide|p1a: Eggman|[spread] p1b\n|-activate|p1a: Eggman|move: Protect\n|debug|Spread modifier: 0.75\n|-damage|p1b: Mimsy|86/221\n|\n|upkeep\n|turn|11\n|\n|t:|1744340020\n|switch|p1a: Randy|Machoke, M|302/302\n|move|p2b: Marowak|Protect|p2b: Marowak\n|-singleturn|p2b: Marowak|Protect\n|move|p1b: Mimsy|Follow Me|p1b: Mimsy\n|-singleturn|p1b: Mimsy|move: Follow Me\n|move|p2a: Slowpoke|Yawn|p1b: Mimsy\n|debug|Follow Me redirected target of move\n|-start|p1b: Mimsy|move: Yawn|[of] p2a: Slowpoke\n|\n|-fieldend|move: Trick Room\n|upkeep\n|turn|12\n|\n|t:|1744340040\n|move|p2b: Marowak|Protect||[still]\n|debug|Success chance: 33%\n|-fail|p2b: Marowak\n|move|p1b: Mimsy|Expanding Force|p2b: Marowak\n|-damage|p2b: Marowak|171/324\n|move|p1a: Randy|Fissure|p2a: Slowpoke\n|-damage|p2a: Slowpoke|0 fnt\n|faint|p2a: Slowpoke\n|-ohko\n|\n|-end|p1b: Mimsy|move: Yawn|[silent]\n|-status|p1b: Mimsy|slp\n|upkeep\n|turn|13\n|\n|t:|1744340053\n|cant|p1b: Mimsy|slp\n|move|p2b: Marowak|Earthquake|p1a: Randy|[spread] p1a,p1b\n|debug|Spread modifier: 0.75\n|debug|Spread modifier: 0.75\n|-damage|p1a: Randy|172/302\n|-damage|p1b: Mimsy|0 fnt\n|faint|p1b: Mimsy\n|move|p1a: Randy|Fissure|p2b: Marowak\n|-damage|p2b: Marowak|0 fnt\n|faint|p2b: Marowak\n|-ohko\n|\n|win|mistermoscow\n|c|☆mistermoscow|yay!\n|c|☆Mattmandaman|boooo\n|c|☆Mattmandaman|so lame\n","uploadtime":1744340063,"views":"15","formatid":"gen9doublescustomgame","rating":null,"private":0,"password":null}