{"id":"gen9doublescustomgame-2414853215","format":"[Gen 9] Doubles Custom Game","players":["mango meloetta","mistermoscow"],"log":"|j|☆mango meloetta\n|j|☆mistermoscow\n|t:|1754270032\n|gametype|doubles\n|player|p1|mango meloetta|li|\n|player|p2|mistermoscow|alder|\n|gen|9\n|tier|[Gen 9] Doubles Custom Game\n|clearpoke\n|poke|p1|Pinsir|\n|poke|p1|Poliwrath|\n|poke|p1|Electabuzz|\n|poke|p1|Golduck|\n|poke|p1|Snorlax|\n|poke|p1|Weezing|\n|poke|p2|Nidoking, M|\n|poke|p2|Primeape, M|\n|poke|p2|Dewgong, M|\n|poke|p2|Mr. Mime, M|\n|poke|p2|Jolteon, M|\n|poke|p2|Dragonite|\n|teampreview\n|\n|t:|1754270104\n|teamsize|p1|6\n|teamsize|p2|6\n|start\n|switch|p1a: Golduck|Golduck|301/301\n|switch|p1b: Electabuzz|Electabuzz|334/334\n|switch|p2a: Apollo|Primeape, M|334/334\n|switch|p2b: Mimsy|Mr. Mime, M|284/284\n|-ability|p1a: Golduck|Cloud Nine\n|turn|1\n|\n|t:|1754270147\n|switch|p2a: Dewey|Dewgong, M|353/353\n|move|p2b: Mimsy|Fake Out|p1a: Golduck\n|-damage|p1a: Golduck|284/301\n|cant|p1a: Golduck|flinch\n|move|p1b: Electabuzz|Taunt|p2b: Mimsy\n|-start|p2b: Mimsy|move: Taunt\n|\n|upkeep\n|turn|2\n|\n|t:|1754270165\n|switch|p2b: Sparky|Jolteon, M|272/272\n|move|p1a: Golduck|Protect|p1a: Golduck\n|-singleturn|p1a: Golduck|Protect\n|move|p2a: Dewey|Fake Out|p1b: Electabuzz\n|-damage|p1b: Electabuzz|308/334\n|cant|p1b: Electabuzz|flinch\n|\n|upkeep\n|turn|3\n|\n|t:|1754270187\n|switch|p1a: Weezing|Weezing|334/334\n|move|p2b: Sparky|Electroweb|p1a: Weezing|[spread] p1a,p1b\n|debug|Spread modifier: 0.75\n|debug|Spread modifier: 0.75\n|-resisted|p1b: Electabuzz\n|-damage|p1a: Weezing|252/334\n|-damage|p1b: Electabuzz|287/334\n|-unboost|p1a: Weezing|spe|1\n|-unboost|p1b: Electabuzz|spe|1\n|move|p2a: Dewey|Knock Off|p1b: Electabuzz\n|-damage|p1b: Electabuzz|228/334\n|-enditem|p1b: Electabuzz|Eviolite|[from] move: Knock Off|[of] p2a: Dewey\n|move|p1b: Electabuzz|Taunt|p2b: Sparky\n|-start|p2b: Sparky|move: Taunt\n|\n|-heal|p1a: Weezing|272/334|[from] item: Leftovers\n|upkeep\n|turn|4\n|\n|t:|1754270218\n|switch|p2b: King Nido|Nidoking, M|303/303\n|move|p2a: Dewey|Knock Off|p1a: Weezing\n|-damage|p1a: Weezing|214/334\n|-enditem|p1a: Weezing|Leftovers|[from] move: Knock Off|[of] p2a: Dewey\n|move|p1b: Electabuzz|Volt Switch|p2a: Dewey\n|-supereffective|p2a: Dewey\n|-damage|p2a: Dewey|191/353\n|\n|t:|1754270228\n|switch|p1b: Poliwrath|Poliwrath|383/383|[from] Volt Switch\n|move|p1a: Weezing|Toxic|p2b: King Nido\n|debug|natural status immunity\n|debug|immune to status\n|-immune|p2b: King Nido\n|debug|move failed because it did nothing\n|\n|upkeep\n|turn|5\n|\n|t:|1754270269\n|switch|p2a: Mimsy|Mr. Mime, M|284/284\n|move|p2b: King Nido|Thunder|p1b: Poliwrath\n|-supereffective|p1b: Poliwrath\n|-damage|p1b: Poliwrath|197/383\n|move|p1b: Poliwrath|Waterfall|p2b: King Nido\n|-supereffective|p2b: King Nido\n|-damage|p2b: King Nido|0 fnt\n|faint|p2b: King Nido\n|move|p1a: Weezing|Toxic|p2a: Mimsy\n|-status|p2a: Mimsy|tox\n|\n|-damage|p2a: Mimsy|267/284 tox|[from] psn\n|upkeep\n|\n|t:|1754270289\n|switch|p2b: Apollo|Primeape, M|334/334\n|turn|6\n|c|☆mistermoscow|assault vest?\n|c|☆mango meloetta|ah yea on poliwrath\n|c|☆mistermoscow|yeah thats what i thought haha\n|c|☆mango meloetta|haha beefy boi\n|\n|t:|1754270340\n|move|p2b: Apollo|Bulk Up|p2b: Apollo\n|-boost|p2b: Apollo|atk|1\n|-boost|p2b: Apollo|def|1\n|move|p2a: Mimsy|Psyshock|p1b: Poliwrath\n|-supereffective|p1b: Poliwrath\n|-damage|p1b: Poliwrath|0 fnt\n|faint|p1b: Poliwrath\n|move|p1a: Weezing|Toxic|p2b: Apollo\n|-status|p2b: Apollo|tox\n|\n|-heal|p2a: Mimsy|284/284 tox|[from] item: Leftovers\n|-damage|p2b: Apollo|314/334 tox|[from] psn\n|-damage|p2a: Mimsy|250/284 tox|[from] psn\n|upkeep\n|\n|t:|1754270358\n|switch|p1b: Golduck|Golduck|284/301\n|-ability|p1b: Golduck|Cloud Nine\n|turn|7\n|\n|t:|1754270387\n|move|p1b: Golduck|Haze|p1b: Golduck\n|-clearallboost\n|move|p2b: Apollo|Facade|p1b: Golduck\n|-damage|p1b: Golduck|142/301\n|move|p1a: Weezing|Taunt|p2b: Apollo\n|-start|p2b: Apollo|move: Taunt\n|move|p2a: Mimsy|Teleport|p2a: Mimsy\n|\n|t:|1754270404\n|switch|p2a: Sparky|Jolteon, M|272/272|[from] Teleport\n|\n|-damage|p2b: Apollo|274/334 tox|[from] psn\n|upkeep\n|turn|8\n|\n|t:|1754270424\n|move|p1b: Golduck|Protect|p1b: Golduck\n|-singleturn|p1b: Golduck|Protect\n|move|p2a: Sparky|Electroweb|p1b: Golduck|[spread] p1a\n|-activate|p1b: Golduck|move: Protect\n|debug|Spread modifier: 0.75\n|-damage|p1a: Weezing|136/334\n|-unboost|p1a: Weezing|spe|1\n|move|p2b: Apollo|Facade|p1b: Golduck\n|-activate|p1b: Golduck|move: Protect\n|move|p1a: Weezing|Toxic|p2a: Sparky\n|-status|p2a: Sparky|tox\n|\n|-damage|p2a: Sparky|255/272 tox|[from] psn\n|-damage|p2b: Apollo|214/334 tox|[from] psn\n|upkeep\n|turn|9\n|\n|t:|1754270449\n|switch|p1b: Electabuzz|Electabuzz|228/334\n|switch|p2b: Mimsy|Mr. Mime, M|250/284 tox\n|move|p1a: Weezing|Protect|p1a: Weezing\n|-singleturn|p1a: Weezing|Protect\n|move|p2a: Sparky|Electroweb|p1a: Weezing|[spread] p1b\n|-activate|p1a: Weezing|move: Protect\n|debug|Spread modifier: 0.75\n|-resisted|p1b: Electabuzz\n|-damage|p1b: Electabuzz|195/334\n|-unboost|p1b: Electabuzz|spe|1\n|\n|-heal|p2b: Mimsy|267/284 tox|[from] item: Leftovers\n|-damage|p2a: Sparky|221/272 tox|[from] psn\n|-damage|p2b: Mimsy|250/284 tox|[from] psn\n|upkeep\n|turn|10\n|\n|t:|1754270473\n|move|p2a: Sparky|Hyper Voice|p1b: Electabuzz|[spread] p1a,p1b\n|debug|Spread modifier: 0.75\n|debug|Spread modifier: 0.75\n|-damage|p1a: Weezing|51/334\n|-damage|p1b: Electabuzz|125/334\n|move|p2b: Mimsy|Psyshock|p1a: Weezing\n|-supereffective|p1a: Weezing\n|-damage|p1a: Weezing|0 fnt\n|faint|p1a: Weezing\n|move|p1b: Electabuzz|Volt Switch|p2b: Mimsy\n|-damage|p2b: Mimsy|180/284 tox\n|\n|t:|1754270484\n|switch|p1b: Pinsir|Pinsir|271/271|[from] Volt Switch\n|-ability|p1b: Pinsir|Mold Breaker\n|\n|-heal|p2b: Mimsy|197/284 tox|[from] item: Leftovers\n|-damage|p2a: Sparky|170/272 tox|[from] psn\n|-damage|p2b: Mimsy|163/284 tox|[from] psn\n|upkeep\n|\n|t:|1754270485\n|switch|p1a: Snorlax|Snorlax|524/524\n|turn|11\n|\n|t:|1754270520\n|move|p2a: Sparky|Reflect|p2a: Sparky\n|-sidestart|p2: mistermoscow|Reflect\n|move|p1b: Pinsir|X-Scissor|p2b: Mimsy\n|debug|ModifyDamage handler suppressed by Mold Breaker\n|debug|Reflect weaken\n|-damage|p2b: Mimsy|0 fnt\n|faint|p2b: Mimsy\n|move|p1a: Snorlax|Double-Edge|p2a: Sparky\n|debug|Reflect weaken\n|-damage|p2a: Sparky|0 fnt\n|faint|p2a: Sparky\n|-damage|p1a: Snorlax|468/524|[from] Recoil\n|\n|upkeep\n|\n|t:|1754270541\n|switch|p2a: Puff Daddy|Dragonite|386/386\n|switch|p2b: Dewey|Dewgong, M|191/353\n|turn|12\n|\n|t:|1754270559\n|switch|p1b: Electabuzz|Electabuzz|125/334\n|move|p2b: Dewey|Fake Out|p1a: Snorlax\n|-damage|p1a: Snorlax|421/524\n|move|p2a: Puff Daddy|Dragon Dance|p2a: Puff Daddy\n|-boost|p2a: Puff Daddy|atk|1\n|-boost|p2a: Puff Daddy|spe|1\n|cant|p1a: Snorlax|flinch\n|\n|upkeep\n|turn|13\n|\n|t:|1754270578\n|move|p2a: Puff Daddy|Extreme Speed|p1b: Electabuzz\n|-damage|p1b: Electabuzz|0 fnt\n|faint|p1b: Electabuzz\n|move|p2b: Dewey|Knock Off|p1a: Snorlax\n|-damage|p1a: Snorlax|297/524\n|-enditem|p1a: Snorlax|Aguav Berry|[from] move: Knock Off|[of] p2b: Dewey\n|move|p1a: Snorlax|Ice Punch|p2a: Puff Daddy\n|-supereffective|p2a: Puff Daddy\n|debug|Multiscale weaken\n|debug|Reflect weaken\n|-damage|p2a: Puff Daddy|273/386\n|\n|upkeep\n|\n|t:|1754270595\n|switch|p1b: Pinsir|Pinsir|271/271\n|-ability|p1b: Pinsir|Mold Breaker\n|turn|14\n|\n|t:|1754270611\n|move|p1b: Pinsir|Rock Slide|p2a: Puff Daddy|[spread] p2a,p2b\n|debug|Spread modifier: 0.75\n|-supereffective|p2a: Puff Daddy\n|debug|ModifyDamage handler suppressed by Mold Breaker\n|debug|Reflect weaken\n|debug|ModifyAtk handler suppressed by Mold Breaker\n|debug|Spread modifier: 0.75\n|-supereffective|p2b: Dewey\n|debug|Reflect weaken\n|-damage|p2a: Puff Daddy|146/386\n|-damage|p2b: Dewey|64/353\n|debug|Covert Cloak prevent secondary\n|cant|p2a: Puff Daddy|flinch\n|move|p2b: Dewey|Flip Turn|p1a: Snorlax\n|-damage|p1a: Snorlax|188/524\n|\n|t:|1754270620\n|switch|p2b: Apollo|Primeape, M|214/334 tox|[from] Flip Turn\n|move|p1a: Snorlax|Yawn|p2a: Puff Daddy\n|-start|p2a: Puff Daddy|move: Yawn|[of] p1a: Snorlax\n|\n|-damage|p2b: Apollo|194/334 tox|[from] psn\n|upkeep\n|turn|15\n|\n|t:|1754270641\n|move|p1b: Pinsir|Rock Slide|p2a: Puff Daddy|[spread] p2a,p2b\n|debug|Spread modifier: 0.75\n|-supereffective|p2a: Puff Daddy\n|debug|ModifyDamage handler suppressed by Mold Breaker\n|debug|Reflect weaken\n|debug|Spread modifier: 0.75\n|-resisted|p2b: Apollo\n|debug|Reflect weaken\n|-damage|p2a: Puff Daddy|9/386\n|-damage|p2b: Apollo|161/334 tox\n|move|p2a: Puff Daddy|Dual Wingbeat|p1b: Pinsir\n|-supereffective|p1b: Pinsir\n|-damage|p1b: Pinsir|13/271\n|-supereffective|p1b: Pinsir\n|-damage|p1b: Pinsir|0 fnt\n|faint|p1b: Pinsir\n|-hitcount|p1: Pinsir|2\n|move|p2b: Apollo|Drain Punch|p1a: Snorlax\n|-supereffective|p1a: Snorlax\n|-damage|p1a: Snorlax|0 fnt\n|-heal|p2b: Apollo|255/334 tox|[from] drain|[of] p1a: Snorlax\n|faint|p1a: Snorlax\n|\n|-damage|p2b: Apollo|215/334 tox|[from] psn\n|-end|p2a: Puff Daddy|move: Yawn|[silent]\n|-status|p2a: Puff Daddy|slp\n|upkeep\n|\n|t:|1754270657\n|switch|p1b: Golduck|Golduck|142/301\n|-ability|p1b: Golduck|Cloud Nine\n|turn|16\n|\n|t:|1754270682\n|cant|p2a: Puff Daddy|slp\n|move|p1b: Golduck|Psychic|p2b: Apollo\n|-supereffective|p2b: Apollo\n|-damage|p2b: Apollo|115/334 tox\n|move|p2b: Apollo|Facade|p1b: Golduck\n|-crit|p1b: Golduck\n|-damage|p1b: Golduck|0 fnt\n|faint|p1b: Golduck\n|\n|win|mistermoscow\n|c|☆mango meloetta|gg haha\n|c|☆mistermoscow|gg\n|c|☆mango meloetta|damn so tanky\n|c|☆mistermoscow|yee haha\n|c|☆mango meloetta|yee yee haha\n|c|☆mistermoscow|alright ima hop off and play some baldurs gate with dyamond\n|c|☆mango meloetta|pce bro!! nicee good game\n|c|☆mistermoscow|talk to ya later dude\n|c|☆mango meloetta|later bro\n|l|☆mango meloetta\n|player|p1|\n","uploadtime":1754270730,"views":"13","formatid":"gen9doublescustomgame","rating":null,"private":0,"password":null}