{"id":"gen9doublescustomgame-2373872028","format":"[Gen 9] Doubles Custom Game","players":["mistermoscow","Mattmandaman"],"log":"|j|☆mistermoscow\n|j|☆Mattmandaman\n|t:|1748458154\n|gametype|doubles\n|player|p1|mistermoscow|alder|\n|player|p2|Mattmandaman|giovanni|\n|teamsize|p1|6\n|teamsize|p2|6\n|gen|9\n|tier|[Gen 9] Doubles Custom Game\n|clearpoke\n|poke|p1|Clefairy, M|\n|poke|p1|Dugtrio, M|\n|poke|p1|Primeape, M|\n|poke|p1|Dewgong, M|\n|poke|p1|Mr. Mime, M|\n|poke|p1|Jolteon, M|\n|poke|p2|Slowpoke, M|\n|poke|p2|Clefairy, M|\n|poke|p2|Marowak, M|\n|poke|p2|Gengar, M|\n|poke|p2|Snorlax, F|\n|poke|p2|Muk, M|\n|teampreview\n|\n|t:|1748458224\n|start\n|switch|p1a: Clifford|Clefairy, M|281/281\n|switch|p1b: Sparky|Jolteon, M|271/271\n|switch|p2a: Muk|Muk, M|397/397\n|switch|p2b: Gengar|Gengar, M|262/262\n|turn|1\n|\n|t:|1748458254\n|move|p1b: Sparky|Thunder Wave|p2b: Gengar\n|-status|p2b: Gengar|par\n|move|p2b: Gengar|Sludge Bomb|p1a: Clifford\n|-supereffective|p1a: Clifford\n|-damage|p1a: Clifford|39/281\n|move|p2a: Muk|Poison Jab|p1b: Sparky\n|debug|Friend Guard weaken\n|-damage|p1b: Sparky|117/271\n|move|p1a: Clifford|Belly Drum||[still]\n|-fail|p1a: Clifford\n|debug|move failed because it did nothing\n|\n|upkeep\n|turn|2\n|\n|t:|1748458314\n|switch|p1a: Apollo|Primeape, M|271/271\n|move|p1b: Sparky|Reflect|p1b: Sparky\n|-sidestart|p1: mistermoscow|Reflect\n|move|p2a: Muk|Poison Jab|p1b: Sparky\n|debug|Reflect weaken\n|-damage|p1b: Sparky|0 fnt\n|faint|p1b: Sparky\n|move|p2b: Gengar|Trick Room|p2b: Gengar\n|-fieldstart|move: Trick Room|[of] p2b: Gengar\n|\n|upkeep\n|\n|t:|1748458331\n|switch|p1b: Clifford|Clefairy, M|39/281\n|turn|3\n|\n|t:|1748458352\n|move|p1b: Clifford|Icy Wind|p2b: Gengar|[spread] p2a,p2b\n|debug|Spread modifier: 0.75\n|debug|Spread modifier: 0.75\n|-damage|p2a: Muk|379/397\n|-damage|p2b: Gengar|238/262 par\n|-unboost|p2a: Muk|spe|1\n|-unboost|p2b: Gengar|spe|1\n|move|p2a: Muk|Poison Jab|p1b: Clifford\n|-supereffective|p1b: Clifford\n|debug|Reflect weaken\n|-damage|p1b: Clifford|0 fnt\n|faint|p1b: Clifford\n|move|p2b: Gengar|Will-O-Wisp|p1a: Apollo\n|-status|p1a: Apollo|brn\n|move|p1a: Apollo|Bulk Up|p1a: Apollo\n|-boost|p1a: Apollo|atk|1\n|-boost|p1a: Apollo|def|1\n|\n|-heal|p2a: Muk|397/397|[from] item: Black Sludge\n|-damage|p1a: Apollo|255/271 brn|[from] brn\n|upkeep\n|\n|t:|1748458380\n|switch|p1b: Dewey|Dewgong, M|384/384\n|turn|4\n|\n|t:|1748458395\n|move|p2a: Muk|Poison Jab|p1b: Dewey\n|debug|Reflect weaken\n|-damage|p1b: Dewey|271/384\n|move|p2b: Gengar|Sludge Bomb|p1b: Dewey\n|-damage|p1b: Dewey|91/384\n|-status|p1b: Dewey|psn\n|move|p1b: Dewey|Knock Off|p2b: Gengar\n|-supereffective|p2b: Gengar\n|-damage|p2b: Gengar|0 fnt\n|-enditem|p2b: Gengar|Focus Sash|[from] move: Knock Off|[of] p1b: Dewey\n|faint|p2b: Gengar\n|move|p1a: Apollo|Bulk Up|p1a: Apollo\n|-boost|p1a: Apollo|atk|1\n|-boost|p1a: Apollo|def|1\n|\n|-heal|p1b: Dewey|115/384 psn|[from] item: Leftovers\n|-damage|p1b: Dewey|67/384 psn|[from] psn\n|-damage|p1a: Apollo|239/271 brn|[from] brn\n|upkeep\n|\n|t:|1748458453\n|switch|p2b: Clefairy|Clefairy, M|344/344\n|turn|5\n|\n|t:|1748458469\n|move|p2a: Muk|Poison Jab|p1b: Dewey\n|debug|Reflect weaken\n|-damage|p1b: Dewey|0 fnt\n|faint|p1b: Dewey\n|move|p2b: Clefairy|Moonblast|p1a: Apollo\n|-supereffective|p1a: Apollo\n|-damage|p1a: Apollo|147/271 brn\n|-unboost|p1a: Apollo|spa|1\n|move|p1a: Apollo|Bulk Up|p1a: Apollo\n|-boost|p1a: Apollo|atk|1\n|-boost|p1a: Apollo|def|1\n|\n|-damage|p1a: Apollo|131/271 brn|[from] brn\n|upkeep\n|\n|t:|1748458488\n|switch|p1b: Mimsy|Mr. Mime, M|222/222\n|turn|6\n|\n|t:|1748458523\n|move|p2b: Clefairy|Helping Hand|p2a: Muk\n|-singleturn|p2a: Muk|Helping Hand|[of] p2b: Clefairy\n|move|p1b: Mimsy|Fake Out|p2b: Clefairy\n|-damage|p2b: Clefairy|329/344\n|move|p2a: Muk|Poison Jab|p1b: Mimsy\n|debug|Boosting from Helping Hand: 1.5\n|-supereffective|p1b: Mimsy\n|debug|Reflect weaken\n|-damage|p1b: Mimsy|0 fnt\n|-damage|p2a: Muk|331/397|[from] item: Rocky Helmet|[of] p1b: Mimsy\n|faint|p1b: Mimsy\n|move|p1a: Apollo|Rage Fist|p2b: Clefairy\n|-damage|p2b: Clefairy|207/344\n|\n|-heal|p2a: Muk|355/397|[from] item: Black Sludge\n|-damage|p1a: Apollo|115/271 brn|[from] brn\n|-fieldend|move: Trick Room\n|upkeep\n|\n|t:|1748458537\n|switch|p1b: Douggie|Dugtrio, M|212/212\n|turn|7\n|\n|t:|1748458551\n|move|p1a: Apollo|Protect|p1a: Apollo\n|-singleturn|p1a: Apollo|Protect\n|move|p1b: Douggie|High Horsepower|p2b: Clefairy|[miss]\n|-miss|p1b: Douggie|p2b: Clefairy\n|move|p2b: Clefairy|Moonblast|p1a: Apollo\n|-activate|p1a: Apollo|move: Protect\n|move|p2a: Muk|Ice Punch|p1b: Douggie\n|-supereffective|p1b: Douggie\n|debug|Reflect weaken\n|-damage|p1b: Douggie|9/212\n|\n|-heal|p2a: Muk|379/397|[from] item: Black Sludge\n|-damage|p1a: Apollo|99/271 brn|[from] brn\n|upkeep\n|turn|8\n|\n|t:|1748458587\n|move|p2a: Muk|Shadow Sneak|p1b: Douggie\n|debug|Reflect weaken\n|-damage|p1b: Douggie|0 fnt\n|faint|p1b: Douggie\n|move|p1a: Apollo|Rage Fist|p2b: Clefairy\n|-damage|p2b: Clefairy|87/344\n|move|p2b: Clefairy|Moonblast|p1a: Apollo\n|-supereffective|p1a: Apollo\n|-crit|p1a: Apollo\n|-damage|p1a: Apollo|0 fnt\n|faint|p1a: Apollo\n|\n|win|Mattmandaman\n|l|☆mistermoscow\n|player|p1|\n|j|☆mistermoscow\n|player|p1|mistermoscow|alder|\n","uploadtime":1748458597,"views":"13","formatid":"gen9doublescustomgame","rating":null,"private":0,"password":null}