{"id":"gen9doublescustomgame-2292803605","format":"[Gen 9] Doubles Custom Game","players":["mistermoscow","je64"],"log":"|j|☆mistermoscow\n|j|☆je64\n|t:|1738472341\n|gametype|doubles\n|player|p1|mistermoscow|alder|\n|player|p2|je64|170|\n|teamsize|p1|6\n|teamsize|p2|6\n|gen|9\n|tier|[Gen 9] Doubles Custom Game\n|clearpoke\n|poke|p1|Victreebel, M|\n|poke|p1|Dewgong, M|\n|poke|p1|Nidoking, M|\n|poke|p1|Poliwrath, M|\n|poke|p1|Gengar, F|\n|poke|p1|Dragonite, M|\n|poke|p2|Golbat, M|\n|poke|p2|Kadabra, F|\n|poke|p2|Dewgong, M|\n|poke|p2|Exeggutor, M|\n|poke|p2|Magmar, F|\n|poke|p2|Chansey, F|\n|teampreview\n|c|☆je64|official right?\n|\n|t:|1738472397\n|start\n|switch|p1a: Gang Gang|Gengar, F|262/262\n|switch|p1b: Puff Daddy|Dragonite, M|323/323\n|switch|p2a: Dewd-Gong|Dewgong, M|384/384\n|switch|p2b: Myagmar|Magmar, F|334/334\n|turn|1\n|c|☆mistermoscow|yep\n|\n|t:|1738472472\n|switch|p1a: Dewey|Dewgong, M|384/384\n|move|p1b: Puff Daddy|Rain Dance|p1b: Puff Daddy\n|-weather|RainDance\n|move|p2b: Myagmar|Sunny Day|p2b: Myagmar\n|-weather|SunnyDay\n|move|p2a: Dewd-Gong|Triple Axel|p1b: Puff Daddy\n|-supereffective|p1b: Puff Daddy\n|debug|Multiscale weaken\n|-damage|p1b: Puff Daddy|285/323\n|-supereffective|p1b: Puff Daddy\n|-damage|p1b: Puff Daddy|141/323\n|-supereffective|p1b: Puff Daddy\n|-damage|p1b: Puff Daddy|0 fnt\n|faint|p1b: Puff Daddy\n|-hitcount|p1: Puff Daddy|3\n|\n|-weather|SunnyDay|[upkeep]\n|upkeep\n|c|☆je64|big money!\n|c|☆mistermoscow|oof\n|\n|t:|1738472514\n|switch|p1b: King Nido|Nidoking, M|304/304\n|turn|2\n|\n|t:|1738472558\n|move|p1a: Dewey|Fake Out|p2a: Dewd-Gong\n|-damage|p2a: Dewd-Gong|356/384\n|move|p1b: King Nido|Ice Beam|p2b: Myagmar\n|-resisted|p2b: Myagmar\n|-damage|p2b: Myagmar|293/334\n|move|p2b: Myagmar|Will-O-Wisp|p1b: King Nido|[miss]\n|-miss|p2b: Myagmar|p1b: King Nido\n|cant|p2a: Dewd-Gong|flinch\n|\n|-weather|SunnyDay|[upkeep]\n|upkeep\n|turn|3\n|\n|t:|1738472578\n|switch|p1b: Polly|Poliwrath, M|322/322\n|move|p2b: Myagmar|Will-O-Wisp|p1b: Polly\n|-status|p1b: Polly|brn\n|move|p2a: Dewd-Gong|Flip Turn|p1b: Polly\n|-immune|p1b: Polly|[from] ability: Water Absorb\n|move|p1a: Dewey|Rain Dance|p1a: Dewey\n|-weather|RainDance\n|\n|-weather|RainDance|[upkeep]\n|-damage|p1b: Polly|302/322 brn|[from] brn\n|upkeep\n|turn|4\n|c|☆je64|omg\n|c|☆mistermoscow|lol\n|c|☆je64|gimme a sec\n|c|☆mistermoscow|ok\n|c|☆je64|Sorry!\n|\n|t:|1738473017\n|move|p2b: Myagmar|Sunny Day|p2b: Myagmar\n|-weather|SunnyDay\n|move|p1a: Dewey|Flip Turn|p2b: Myagmar\n|debug|Sunny Day water suppress\n|-supereffective|p2b: Myagmar\n|-damage|p2b: Myagmar|239/334\n|c|☆je64|Just made a move\n|\n|t:|1738473067\n|switch|p1a: Gang Gang|Gengar, F|262/262|[from] Flip Turn\n|move|p1b: Polly|Rock Slide|p2b: Myagmar|[spread] p2a,p2b\n|debug|Spread modifier: 0.75\n|-supereffective|p2a: Dewd-Gong\n|debug|Spread modifier: 0.75\n|-supereffective|p2b: Myagmar\n|-damage|p2a: Dewd-Gong|306/384\n|-damage|p2b: Myagmar|194/334\n|move|p2a: Dewd-Gong|Flip Turn|p1a: Gang Gang\n|debug|Sunny Day water suppress\n|-damage|p1a: Gang Gang|220/262\n|\n|t:|1738473078\n|switch|p2a: San Ti Ren 三体人|Exeggutor, M|332/332|[from] Flip Turn\n|\n|-weather|SunnyDay|[upkeep]\n|-damage|p1b: Polly|282/322 brn|[from] brn\n|upkeep\n|turn|5\n|\n|t:|1738473118\n|move|p2b: Myagmar|Follow Me|p2b: Myagmar\n|-singleturn|p2b: Myagmar|move: Follow Me\n|move|p2a: San Ti Ren 三体人|Expanding Force|p1a: Gang Gang\n|-supereffective|p1a: Gang Gang\n|-damage|p1a: Gang Gang|0 fnt\n|faint|p1a: Gang Gang\n|move|p1b: Polly|Drain Punch|p2b: Myagmar\n|debug|Follow Me redirected target of move\n|-damage|p2b: Myagmar|154/334\n|-heal|p1b: Polly|302/322 brn|[from] drain|[of] p2b: Myagmar\n|\n|-weather|SunnyDay|[upkeep]\n|-damage|p1b: Polly|282/322 brn|[from] brn\n|upkeep\n|\n|t:|1738473155\n|switch|p1a: Victor|Victreebel, M|364/364\n|turn|6\n|\n|t:|1738473175\n|move|p1a: Victor|Sucker Punch|p2b: Myagmar\n|-damage|p2b: Myagmar|98/334\n|move|p2a: San Ti Ren 三体人|Giga Drain|p1b: Polly\n|-supereffective|p1b: Polly\n|-damage|p1b: Polly|100/322 brn\n|move|p2b: Myagmar|Overheat|p1a: Victor\n|debug|Sunny Day fire boost\n|-supereffective|p1a: Victor\n|-damage|p1a: Victor|0 fnt\n|-unboost|p2b: Myagmar|spa|2\n|faint|p1a: Victor\n|move|p1b: Polly|Circle Throw|p2a: San Ti Ren 三体人\n|-resisted|p2a: San Ti Ren 三体人\n|-damage|p2a: San Ti Ren 三体人|305/332\n|drag|p2a: Lizzo|Chansey, F|704/704\n|\n|-weather|SunnyDay|[upkeep]\n|-damage|p1b: Polly|80/322 brn|[from] brn\n|upkeep\n|\n|t:|1738473194\n|switch|p1a: King Nido|Nidoking, M|304/304\n|turn|7\n|\n|t:|1738473211\n|switch|p2b: San Ti Ren 三体人|Exeggutor, M|305/332\n|move|p1a: King Nido|Sludge Wave|p2b: San Ti Ren 三体人|[spread] p1b,p2a,p2b\n|debug|Spread modifier: 0.75\n|debug|Spread modifier: 0.75\n|debug|Spread modifier: 0.75\n|-supereffective|p2b: San Ti Ren 三体人\n|-damage|p1b: Polly|0 fnt\n|-damage|p2a: Lizzo|622/704\n|-damage|p2b: San Ti Ren 三体人|0 fnt\n|faint|p1b: Polly\n|faint|p2b: San Ti Ren 三体人\n|move|p2a: Lizzo|Seismic Toss|p1a: King Nido\n|-damage|p1a: King Nido|204/304\n|\n|-weather|SunnyDay|[upkeep]\n|upkeep\n|\n|t:|1738473224\n|switch|p2b: K.Dot|Kadabra, F|221/221\n|switch|p1b: Dewey|Dewgong, M|384/384\n|turn|8\n|\n|t:|1738473263\n|move|p2b: K.Dot|Protect|p2b: K.Dot\n|-singleturn|p2b: K.Dot|Protect\n|move|p1a: King Nido|Sludge Wave|p2b: K.Dot|[spread] p1b,p2a\n|-activate|p2b: K.Dot|move: Protect\n|debug|Spread modifier: 0.75\n|debug|Spread modifier: 0.75\n|-damage|p1b: Dewey|249/384\n|-damage|p2a: Lizzo|532/704\n|move|p1b: Dewey|Rain Dance|p1b: Dewey\n|-weather|RainDance\n|move|p2a: Lizzo|Seismic Toss|p1a: King Nido\n|-damage|p1a: King Nido|104/304\n|\n|-weather|RainDance|[upkeep]\n|-heal|p1b: Dewey|273/384|[from] item: Leftovers\n|upkeep\n|turn|9\n|\n|t:|1738473286\n|move|p1b: Dewey|Ice Shard|p2b: K.Dot\n|-damage|p2b: K.Dot|101/221\n|move|p1a: King Nido|Sludge Wave|p2b: K.Dot|[spread] p1b,p2a,p2b\n|debug|Spread modifier: 0.75\n|debug|Spread modifier: 0.75\n|debug|Spread modifier: 0.75\n|-damage|p1b: Dewey|138/384\n|-damage|p2a: Lizzo|445/704\n|-damage|p2b: K.Dot|0 fnt\n|faint|p2b: K.Dot\n|move|p2a: Lizzo|Seismic Toss|p1a: King Nido\n|-damage|p1a: King Nido|4/304\n|\n|-weather|RainDance|[upkeep]\n|-heal|p1b: Dewey|162/384|[from] item: Leftovers\n|upkeep\n|\n|t:|1738473299\n|switch|p2b: Dewd-Gong|Dewgong, M|306/384\n|turn|10\n|\n|t:|1738473312\n|move|p2b: Dewd-Gong|Fake Out|p1a: King Nido\n|-damage|p1a: King Nido|0 fnt\n|debug|move failed because it did nothing\n|faint|p1a: King Nido\n|move|p1b: Dewey|Flip Turn|p2a: Lizzo\n|debug|rain water boost\n|-damage|p2a: Lizzo|295/704\n|move|p2a: Lizzo|Defense Curl|p2a: Lizzo\n|-boost|p2a: Lizzo|def|1\n|\n|-weather|RainDance|[upkeep]\n|-heal|p1b: Dewey|186/384|[from] item: Leftovers\n|upkeep\n|turn|11\n|\n|t:|1738473332\n|move|p2b: Dewd-Gong|Knock Off|p1b: Dewey\n|-damage|p1b: Dewey|115/384\n|-enditem|p1b: Dewey|Leftovers|[from] move: Knock Off|[of] p2b: Dewd-Gong\n|move|p1b: Dewey|Flip Turn|p2a: Lizzo\n|debug|rain water boost\n|-damage|p2a: Lizzo|181/704\n|move|p2a: Lizzo|Soft-Boiled|p2a: Lizzo\n|-heal|p2a: Lizzo|533/704\n|\n|-weather|RainDance|[upkeep]\n|upkeep\n|turn|12\n|\n|t:|1738473348\n|move|p1b: Dewey|Ice Shard|p2a: Lizzo\n|-damage|p2a: Lizzo|484/704\n|move|p2b: Dewd-Gong|Flip Turn|p1b: Dewey\n|debug|rain water boost\n|-resisted|p1b: Dewey\n|-damage|p1b: Dewey|70/384\n|\n|t:|1738473360\n|switch|p2b: Ms. Peters|Golbat, M|323/323|[from] Flip Turn\n|move|p2a: Lizzo|Defense Curl|p2a: Lizzo\n|-boost|p2a: Lizzo|def|1\n|\n|-weather|none\n|upkeep\n|turn|13\n|c|☆mistermoscow|just kill me lol\n|\n|t:|1738473381\n|move|p1b: Dewey|Fake Out|p1: King Nido|[notarget]\n|-fail|p1b: Dewey\n|move|p2b: Ms. Peters|Brave Bird|p1b: Dewey\n|-damage|p1b: Dewey|0 fnt\n|faint|p1b: Dewey\n|-damage|p2b: Ms. Peters|300/323|[from] Recoil\n|\n|win|je64\n","uploadtime":1738473390,"views":"22","formatid":"gen9doublescustomgame","rating":null,"private":0,"password":null}