{"id":"gen9doublescustomgame-2352754095","format":"[Gen 9] Doubles Custom Game","players":["mistermoscow","Mattmandaman"],"log":"|j|☆mistermoscow\n|j|☆Mattmandaman\n|t:|1745876212\n|gametype|doubles\n|player|p1|mistermoscow|alder|\n|player|p2|Mattmandaman|giovanni|\n|teamsize|p1|6\n|teamsize|p2|6\n|gen|9\n|tier|[Gen 9] Doubles Custom Game\n|clearpoke\n|poke|p1|Nidoking, M|\n|poke|p1|Dragonite, M|\n|poke|p1|Dewgong, M|\n|poke|p1|Exeggutor, M|\n|poke|p1|Mr. Mime, M|\n|poke|p1|Jolteon, M|\n|poke|p2|Gengar, M|\n|poke|p2|Starmie|\n|poke|p2|Chansey, F|\n|poke|p2|Nidoking, M|\n|poke|p2|Snorlax, M|\n|poke|p2|Pinsir, F|\n|teampreview\n|\n|t:|1745876254\n|start\n|switch|p1a: Sparky|Jolteon, M|271/271\n|switch|p1b: Dewey|Dewgong, M|384/384\n|switch|p2a: Gengar|Gengar, M|262/262\n|switch|p2b: Snorlax|Snorlax, M|479/479\n|turn|1\n|\n|t:|1745876285\n|move|p2a: Gengar|Protect|p2a: Gengar\n|-singleturn|p2a: Gengar|Protect\n|move|p1b: Dewey|Fake Out|p2b: Snorlax\n|-damage|p2b: Snorlax|439/479\n|move|p1a: Sparky|Light Screen|p1a: Sparky\n|-sidestart|p1: mistermoscow|move: Light Screen\n|cant|p2b: Snorlax|flinch\n|\n|-heal|p2b: Snorlax|468/479|[from] item: Leftovers\n|upkeep\n|turn|2\n|\n|t:|1745876303\n|switch|p2a: Pinsir|Pinsir, F|334/334\n|move|p1a: Sparky|Reflect|p1a: Sparky\n|-sidestart|p1: mistermoscow|Reflect\n|move|p1b: Dewey|Triple Axel|p2a: Pinsir\n|-crit|p2a: Pinsir\n|-damage|p2a: Pinsir|297/334\n|-damage|p2a: Pinsir|242/334\n|-damage|p2a: Pinsir|166/334\n|-hitcount|p2a: Pinsir|3\n|move|p2b: Snorlax|Earthquake|p1b: Dewey|[spread] p2a,p1a,p1b\n|debug|Spread modifier: 0.75\n|-resisted|p2a: Pinsir\n|debug|Spread modifier: 0.75\n|-supereffective|p1a: Sparky\n|debug|Reflect weaken\n|debug|Spread modifier: 0.75\n|debug|Reflect weaken\n|-damage|p2a: Pinsir|126/334\n|-damage|p1a: Sparky|98/271\n|-damage|p1b: Dewey|315/384\n|\n|-heal|p2b: Snorlax|479/479|[from] item: Leftovers\n|upkeep\n|turn|3\n|\n|t:|1745876323\n|move|p1a: Sparky|Electroweb|p2b: Snorlax|[spread] p2a,p2b\n|debug|Spread modifier: 0.75\n|debug|Spread modifier: 0.75\n|-damage|p2a: Pinsir|65/334\n|-damage|p2b: Snorlax|425/479\n|-unboost|p2a: Pinsir|spe|1\n|-unboost|p2b: Snorlax|spe|1\n|move|p1b: Dewey|Knock Off|p2b: Snorlax\n|-damage|p2b: Snorlax|324/479\n|-enditem|p2b: Snorlax|Leftovers|[from] move: Knock Off|[of] p1b: Dewey\n|move|p2a: Pinsir|Close Combat|p1b: Dewey\n|-supereffective|p1b: Dewey\n|debug|Reflect weaken\n|-damage|p1b: Dewey|67/384\n|-unboost|p2a: Pinsir|def|1\n|-unboost|p2a: Pinsir|spd|1\n|move|p2b: Snorlax|Body Slam|p1a: Sparky\n|debug|Reflect weaken\n|-damage|p1a: Sparky|0 fnt\n|faint|p1a: Sparky\n|\n|upkeep\n|\n|t:|1745876343\n|switch|p1a: Mimsy|Mr. Mime, M|221/221\n|turn|4\n|\n|t:|1745876351\n|move|p2b: Snorlax|Protect|p2b: Snorlax\n|-singleturn|p2b: Snorlax|Protect\n|move|p1a: Mimsy|Psychic Terrain|p1a: Mimsy\n|-fieldstart|move: Psychic Terrain\n|move|p1b: Dewey|Flip Turn|p2a: Pinsir\n|-damage|p2a: Pinsir|0 fnt\n|faint|p2a: Pinsir\n|\n|t:|1745876365\n|switch|p1b: Eggman|Exeggutor, M|394/394|[from] Flip Turn\n|\n|upkeep\n|\n|t:|1745876373\n|switch|p2a: Chansey|Chansey, F|704/704\n|turn|5\n|\n|t:|1745876386\n|move|p1a: Mimsy|Follow Me|p1a: Mimsy\n|-singleturn|p1a: Mimsy|move: Follow Me\n|move|p1b: Eggman|Expanding Force|p2b: Snorlax|[spread] p2a,p2b\n|debug|psychic terrain boost\n|debug|terrain buff\n|debug|Spread modifier: 0.75\n|debug|psychic terrain boost\n|debug|terrain buff\n|debug|Spread modifier: 0.75\n|-damage|p2a: Chansey|544/704\n|-damage|p2b: Snorlax|63/479\n|-damage|p1b: Eggman|355/394|[from] item: Life Orb\n|move|p2a: Chansey|Thunder Wave|p1a: Mimsy\n|debug|Follow Me redirected target of move\n|-status|p1a: Mimsy|par\n|move|p2b: Snorlax|Body Slam|p1a: Mimsy\n|debug|Follow Me redirected target of move\n|debug|Reflect weaken\n|-damage|p1a: Mimsy|118/221 par\n|\n|upkeep\n|turn|6\n|\n|t:|1745876411\n|move|p1b: Eggman|Protect|p1b: Eggman\n|-singleturn|p1b: Eggman|Protect\n|move|p2b: Snorlax|Protect|p2b: Snorlax\n|-singleturn|p2b: Snorlax|Protect\n|move|p2a: Chansey|Seismic Toss|p1b: Eggman\n|-activate|p1b: Eggman|move: Protect\n|move|p1a: Mimsy|Expanding Force|p2b: Snorlax|[spread] p2a\n|-activate|p2b: Snorlax|move: Protect\n|debug|psychic terrain boost\n|debug|terrain buff\n|debug|Spread modifier: 0.75\n|-damage|p2a: Chansey|424/704\n|\n|upkeep\n|turn|7\n|\n|t:|1745876431\n|move|p1b: Eggman|Expanding Force|p2a: Chansey|[spread] p2a,p2b\n|debug|psychic terrain boost\n|debug|terrain buff\n|debug|Spread modifier: 0.75\n|debug|psychic terrain boost\n|debug|terrain buff\n|debug|Spread modifier: 0.75\n|-damage|p2a: Chansey|260/704\n|-damage|p2b: Snorlax|0 fnt\n|faint|p2b: Snorlax\n|-damage|p1b: Eggman|316/394|[from] item: Life Orb\n|move|p2a: Chansey|Soft-Boiled|p2a: Chansey\n|-heal|p2a: Chansey|612/704\n|cant|p1a: Mimsy|par\n|\n|upkeep\n|\n|t:|1745876464\n|switch|p2b: Nidoking|Nidoking, M|304/304\n|turn|8\n|\n|t:|1745876484\n|move|p1b: Eggman|Protect|p1b: Eggman\n|-singleturn|p1b: Eggman|Protect\n|move|p2b: Nidoking|Sludge Wave|p1a: Mimsy|[spread] p2a,p1a\n|-activate|p1b: Eggman|move: Protect\n|debug|Spread modifier: 0.75\n|debug|Spread modifier: 0.75\n|-supereffective|p1a: Mimsy\n|debug|Filter neutralize\n|debug|Light Screen weaken\n|-damage|p2a: Chansey|525/704\n|-damage|p1a: Mimsy|0 fnt\n|faint|p1a: Mimsy\n|move|p2a: Chansey|Seismic Toss|p1b: Eggman\n|-activate|p1b: Eggman|move: Protect\n|\n|-sideend|p1: mistermoscow|move: Light Screen\n|-fieldend|move: Psychic Terrain\n|upkeep\n|\n|t:|1745876497\n|switch|p1a: Dewey|Dewgong, M|67/384\n|turn|9\n|\n|t:|1745876511\n|switch|p2b: Starmie|Starmie|262/262\n|move|p1a: Dewey|Knock Off|p2b: Starmie\n|-supereffective|p2b: Starmie\n|-damage|p2b: Starmie|60/262\n|-enditem|p2b: Starmie|Choice Specs|[from] move: Knock Off|[of] p1a: Dewey\n|move|p1b: Eggman|Psychic Terrain|p1b: Eggman\n|-fieldstart|move: Psychic Terrain\n|move|p2a: Chansey|Seismic Toss|p1b: Eggman\n|-damage|p1b: Eggman|216/394\n|\n|-sideend|p1: mistermoscow|Reflect\n|upkeep\n|turn|10\n|\n|t:|1745876538\n|switch|p1a: Puff Daddy|Dragonite, M|355/355\n|move|p1b: Eggman|Protect|p1b: Eggman\n|-singleturn|p1b: Eggman|Protect\n|move|p2b: Starmie|Expanding Force|p1b: Eggman|[spread] p1a\n|-activate|p1b: Eggman|move: Protect\n|debug|psychic terrain boost\n|debug|terrain buff\n|debug|Spread modifier: 0.75\n|debug|Multiscale weaken\n|-damage|p1a: Puff Daddy|271/355\n|move|p2a: Chansey|Seismic Toss|p1b: Eggman\n|-activate|p1b: Eggman|move: Protect\n|\n|upkeep\n|turn|11\n|\n|t:|1745876574\n|move|p2b: Starmie|Ice Beam|p1b: Eggman\n|-supereffective|p1b: Eggman\n|-damage|p1b: Eggman|10/394\n|move|p1a: Puff Daddy|Dragon Dance|p1a: Puff Daddy\n|-boost|p1a: Puff Daddy|atk|1\n|-boost|p1a: Puff Daddy|spe|1\n|move|p1b: Eggman|Giga Drain|p2b: Starmie\n|-supereffective|p2b: Starmie\n|-damage|p2b: Starmie|0 fnt\n|-heal|p1b: Eggman|40/394|[from] drain|[of] p2b: Starmie\n|faint|p2b: Starmie\n|-damage|p1b: Eggman|1/394|[from] item: Life Orb\n|move|p2a: Chansey|Thunder Wave|p1a: Puff Daddy\n|-status|p1a: Puff Daddy|par\n|\n|upkeep\n|\n|t:|1745876610\n|switch|p2b: Nidoking|Nidoking, M|304/304\n|turn|12\n|\n|t:|1745876624\n|switch|p1b: King Nido|Nidoking, M|303/303\n|move|p1a: Puff Daddy|Protect|p1a: Puff Daddy\n|-singleturn|p1a: Puff Daddy|Protect\n|move|p2b: Nidoking|Sludge Wave|p1a: Puff Daddy|[spread] p2a,p1b\n|-activate|p1a: Puff Daddy|move: Protect\n|debug|Spread modifier: 0.75\n|debug|Spread modifier: 0.75\n|-resisted|p1b: King Nido\n|-damage|p2a: Chansey|443/704\n|-damage|p1b: King Nido|261/303\n|move|p2a: Chansey|Seismic Toss|p1a: Puff Daddy\n|-activate|p1a: Puff Daddy|move: Protect\n|\n|upkeep\n|turn|13\n|\n|t:|1745876666\n|move|p1b: King Nido|Earth Power|p2b: Nidoking\n|-supereffective|p2b: Nidoking\n|-damage|p2b: Nidoking|0 fnt\n|faint|p2b: Nidoking\n|move|p1a: Puff Daddy|Scale Shot|p2a: Chansey\n|-damage|p2a: Chansey|334/704\n|-damage|p2a: Chansey|229/704\n|-damage|p2a: Chansey|111/704\n|-damage|p2a: Chansey|6/704\n|-hitcount|p2a: Chansey|4\n|-unboost|p1a: Puff Daddy|def|1\n|-boost|p1a: Puff Daddy|spe|1\n|move|p2a: Chansey|Seismic Toss|p1a: Puff Daddy\n|-damage|p1a: Puff Daddy|171/355 par\n|\n|-fieldend|move: Psychic Terrain\n|upkeep\n|\n|t:|1745876673\n|switch|p2b: Gengar|Gengar, M|262/262\n|turn|14\n|c|☆mistermoscow|weak\n|\n|t:|1745876695\n|move|p1a: Puff Daddy|Extreme Speed|p2a: Chansey\n|-damage|p2a: Chansey|0 fnt\n|faint|p2a: Chansey\n|move|p1b: King Nido|Earth Power|p2b: Gengar\n|-supereffective|p2b: Gengar\n|-enditem|p2b: Gengar|Focus Sash\n|-damage|p2b: Gengar|1/262\n|-start|p1b: King Nido|Disable|Earth Power|[from] ability: Cursed Body|[of] p2b: Gengar\n|move|p2b: Gengar|Psychic|p1b: King Nido\n|-supereffective|p1b: King Nido\n|-damage|p1b: King Nido|1/303\n|\n|upkeep\n|turn|15\n|\n|t:|1745876716\n|-activate|p1b: King Nido|move: Struggle\n|move|p1b: King Nido|Struggle|p2b: Gengar\n|-damage|p2b: Gengar|0 fnt\n|faint|p2b: Gengar\n|-damage|p1b: King Nido|0 fnt|[from] recoil\n|faint|p1b: King Nido\n|\n|win|mistermoscow\n|c|☆Mattmandaman|lol gg\n|c|☆mistermoscow|gg\n","uploadtime":1745876725,"views":"12","formatid":"gen9doublescustomgame","rating":null,"private":0,"password":null}