{"id":"gen9doublescustomgame-2292025749","format":"[Gen 9] Doubles Custom Game","players":["mistermoscow","Mattmandaman"],"log":"|j|☆mistermoscow\n|j|☆Mattmandaman\n|t:|1738355557\n|gametype|doubles\n|player|p1|mistermoscow|alder|\n|player|p2|Mattmandaman|giovanni|\n|teamsize|p1|6\n|teamsize|p2|6\n|gen|9\n|tier|[Gen 9] Doubles Custom Game\n|clearpoke\n|poke|p1|Victreebel, M|\n|poke|p1|Dewgong, M|\n|poke|p1|Nidoking, M|\n|poke|p1|Poliwrath, M|\n|poke|p1|Gengar, F|\n|poke|p1|Dragonite, M|\n|poke|p2|Electrode|\n|poke|p2|Rhydon, F|\n|poke|p2|Machamp, F|\n|poke|p2|Dodrio, M|\n|poke|p2|Starmie|\n|poke|p2|Chansey, F|\n|teampreview\n|j| je64\n|\n|t:|1738355686\n|start\n|switch|p1a: King Nido|Nidoking, M|304/304\n|switch|p1b: Gang Gang|Gengar, F|262/262\n|switch|p2a: Electrode|Electrode|299/299\n|switch|p2b: Starmie|Starmie|262/262\n|turn|1\n|\n|t:|1738355761\n|move|p1b: Gang Gang|Protect|p1b: Gang Gang\n|-singleturn|p1b: Gang Gang|Protect\n|move|p1a: King Nido|Sludge Wave|p2a: Electrode|[spread] p2a,p2b\n|-activate|p1b: Gang Gang|move: Protect\n|debug|Spread modifier: 0.75\n|-crit|p2a: Electrode\n|debug|Spread modifier: 0.75\n|-damage|p2a: Electrode|40/299\n|-damage|p2b: Starmie|112/262\n|move|p2a: Electrode|Electroweb|p1a: King Nido|[spread] \n|-activate|p1b: Gang Gang|move: Protect\n|-immune|p1a: King Nido\n|move|p2b: Starmie|Psychic|p1b: Gang Gang\n|-activate|p1b: Gang Gang|move: Protect\n|\n|upkeep\n|turn|2\n|\n|t:|1738355786\n|switch|p2a: Chansey|Chansey, F|648/648\n|move|p2b: Starmie|Protect|p2b: Starmie\n|-singleturn|p2b: Starmie|Protect\n|move|p1a: King Nido|Sludge Wave|p2a: Chansey|[spread] p1b,p2a\n|-activate|p2b: Starmie|move: Protect\n|debug|Spread modifier: 0.75\n|-resisted|p1b: Gang Gang\n|debug|Spread modifier: 0.75\n|-damage|p1b: Gang Gang|216/262\n|-damage|p2a: Chansey|581/648\n|move|p1b: Gang Gang|Icy Wind|p2b: Starmie|[spread] p2a\n|-activate|p2b: Starmie|move: Protect\n|debug|Spread modifier: 0.75\n|-damage|p2a: Chansey|556/648\n|-unboost|p2a: Chansey|spe|1\n|\n|upkeep\n|turn|3\n|\n|t:|1738355814\n|switch|p2b: Rhydon|Rhydon, F|352/352\n|move|p1a: King Nido|Sludge Wave|p2a: Chansey|[spread] p1b,p2a,p2b\n|debug|Spread modifier: 0.75\n|-resisted|p1b: Gang Gang\n|debug|Spread modifier: 0.75\n|debug|Spread modifier: 0.75\n|-resisted|p2b: Rhydon\n|-crit|p2b: Rhydon\n|-damage|p1b: Gang Gang|174/262\n|-damage|p2a: Chansey|493/648\n|-damage|p2b: Rhydon|250/352\n|move|p1b: Gang Gang|Will-O-Wisp|p2a: Chansey\n|-status|p2a: Chansey|brn\n|move|p2a: Chansey|Thunder Wave|p2b: Rhydon\n|-activate|p2b: Rhydon|ability: Lightning Rod\n|-ability|p2b: Rhydon|Lightning Rod|boost\n|-boost|p2b: Rhydon|spa|1\n|\n|-damage|p2a: Chansey|453/648 brn|[from] brn\n|upkeep\n|turn|4\n|\n|t:|1738355907\n|move|p1a: King Nido|Sludge Wave|p2b: Rhydon|[spread] p1b,p2a,p2b\n|debug|Spread modifier: 0.75\n|-resisted|p1b: Gang Gang\n|debug|Spread modifier: 0.75\n|debug|Spread modifier: 0.75\n|-resisted|p2b: Rhydon\n|-damage|p1b: Gang Gang|130/262\n|-damage|p2a: Chansey|389/648 brn\n|-damage|p2b: Rhydon|186/352\n|move|p1b: Gang Gang|Icy Wind|p2a: Chansey|[spread] p2a,p2b\n|debug|Spread modifier: 0.75\n|debug|Spread modifier: 0.75\n|-supereffective|p2b: Rhydon\n|-damage|p2a: Chansey|364/648 brn\n|-damage|p2b: Rhydon|0 fnt\n|-unboost|p2a: Chansey|spe|1\n|faint|p2b: Rhydon\n|move|p2a: Chansey|Teleport|p2a: Chansey\n|\n|t:|1738355915\n|-curestatus|p2a: Chansey|brn|[from] ability: Natural Cure\n|switch|p2a: Dodrio|Dodrio, M|262/262|[from] Teleport\n|\n|upkeep\n|\n|t:|1738355930\n|switch|p2b: Machamp|Machamp, F|371/371\n|turn|5\n|\n|t:|1738355949\n|move|p1b: Gang Gang|Protect|p1b: Gang Gang\n|-singleturn|p1b: Gang Gang|Protect\n|move|p2b: Machamp|Protect|p2b: Machamp\n|-singleturn|p2b: Machamp|Protect\n|move|p1a: King Nido|Sludge Wave|p2b: Machamp|[spread] p2a\n|-activate|p1b: Gang Gang|move: Protect\n|-activate|p2b: Machamp|move: Protect\n|debug|Spread modifier: 0.75\n|-damage|p2a: Dodrio|58/262\n|move|p2a: Dodrio|Tailwind|p2a: Dodrio\n|-sidestart|p2: Mattmandaman|move: Tailwind\n|\n|upkeep\n|turn|6\n|\n|t:|1738355997\n|switch|p1a: Dewey|Dewgong, M|384/384\n|move|p2b: Machamp|Protect|p2b: Machamp\n|debug|Success chance: 33%\n|-singleturn|p2b: Machamp|Protect\n|move|p2a: Dodrio|Endeavor|p1a: Dewey\n|-damage|p1a: Dewey|58/384\n|move|p1b: Gang Gang|Icy Wind|p2a: Dodrio|[spread] p2a\n|-activate|p2b: Machamp|move: Protect\n|debug|Spread modifier: 0.75\n|-supereffective|p2a: Dodrio\n|-damage|p2a: Dodrio|0 fnt\n|faint|p2a: Dodrio\n|\n|-heal|p1a: Dewey|82/384|[from] item: Leftovers\n|upkeep\n|\n|t:|1738356012\n|switch|p2a: Electrode|Electrode|40/299\n|turn|7\n|\n|t:|1738356039\n|switch|p1a: King Nido|Nidoking, M|304/304\n|move|p2a: Electrode|Protect|p2a: Electrode\n|-singleturn|p2a: Electrode|Protect\n|move|p1b: Gang Gang|Protect|p1b: Gang Gang\n|-singleturn|p1b: Gang Gang|Protect\n|move|p2b: Machamp|Stone Edge|p1b: Gang Gang\n|-activate|p1b: Gang Gang|move: Protect\n|\n|upkeep\n|turn|8\n|\n|t:|1738356090\n|switch|p2a: Chansey|Chansey, F|364/648\n|switch|p1a: Dewey|Dewgong, M|82/384\n|switch|p1b: Victor|Victreebel, M|364/364\n|move|p2b: Machamp|Dynamic Punch|p1a: Dewey\n|debug|Punching Glove boost\n|-supereffective|p1a: Dewey\n|-damage|p1a: Dewey|0 fnt\n|debug|move failed because it did nothing\n|faint|p1a: Dewey\n|\n|-sideend|p2: Mattmandaman|move: Tailwind\n|upkeep\n|\n|t:|1738356109\n|switch|p1a: King Nido|Nidoking, M|304/304\n|turn|9\n|\n|t:|1738356147\n|move|p1a: King Nido|Earth Power|p2b: Machamp\n|-damage|p2b: Machamp|173/371\n|move|p1b: Victor|Swords Dance|p1b: Victor\n|-boost|p1b: Victor|atk|2\n|move|p2b: Machamp|Dynamic Punch|p1b: Victor\n|debug|Punching Glove boost\n|-resisted|p1b: Victor\n|-damage|p1b: Victor|214/364\n|-start|p1b: Victor|confusion\n|move|p2a: Chansey|Soft-Boiled|p2a: Chansey\n|-heal|p2a: Chansey|648/648\n|\n|upkeep\n|turn|10\n|\n|t:|1738356173\n|switch|p1a: Gang Gang|Gengar, F|130/262\n|move|p2b: Machamp|Protect|p2b: Machamp\n|-singleturn|p2b: Machamp|Protect\n|-activate|p1b: Victor|confusion\n|move|p1b: Victor|Leaf Blade|p2b: Machamp\n|-activate|p2b: Machamp|move: Protect\n|move|p2a: Chansey|Thunder Wave|p1b: Victor\n|-status|p1b: Victor|par\n|\n|upkeep\n|turn|11\n|\n|t:|1738356219\n|move|p1a: Gang Gang|Icy Wind|p2b: Machamp|[spread] p2a,p2b\n|debug|Spread modifier: 0.75\n|debug|Spread modifier: 0.75\n|-damage|p2a: Chansey|623/648\n|-damage|p2b: Machamp|115/371\n|-unboost|p2a: Chansey|spe|1\n|-unboost|p2b: Machamp|spe|1\n|move|p2b: Machamp|Stone Edge|p1b: Victor\n|-damage|p1b: Victor|20/364 par\n|-enditem|p1b: Victor|Aguav Berry|[eat]\n|-heal|p1b: Victor|141/364 par|[from] item: Aguav Berry\n|-activate|p1b: Victor|confusion\n|move|p1b: Victor|Leaf Blade|p2b: Machamp\n|-damage|p2b: Machamp|0 fnt\n|faint|p2b: Machamp\n|move|p2a: Chansey|Teleport|p2a: Chansey\n|\n|t:|1738356233\n|switch|p2a: Starmie|Starmie|112/262|[from] Teleport\n|\n|upkeep\n|\n|t:|1738356240\n|switch|p2b: Electrode|Electrode|40/299\n|turn|12\n|\n|t:|1738356249\n|move|p1a: Gang Gang|Protect|p1a: Gang Gang\n|-singleturn|p1a: Gang Gang|Protect\n|-end|p1b: Victor|confusion\n|move|p1b: Victor|Sucker Punch|p2b: Electrode\n|-damage|p2b: Electrode|0 fnt\n|faint|p2b: Electrode\n|move|p2a: Starmie|Icy Wind|p1a: Gang Gang|[spread] p1b\n|-activate|p1a: Gang Gang|move: Protect\n|debug|Spread modifier: 0.75\n|-supereffective|p1b: Victor\n|-damage|p1b: Victor|0 fnt\n|faint|p1b: Victor\n|-damage|p2a: Starmie|86/262|[from] item: Life Orb\n|\n|upkeep\n|\n|t:|1738356264\n|switch|p2b: Chansey|Chansey, F|623/648\n|switch|p1b: King Nido|Nidoking, M|304/304\n|turn|13\n|\n|t:|1738356282\n|move|p2a: Starmie|Protect|p2a: Starmie\n|-singleturn|p2a: Starmie|Protect\n|move|p1b: King Nido|Sludge Wave|p2b: Chansey|[spread] p1a,p2b\n|-activate|p2a: Starmie|move: Protect\n|debug|Spread modifier: 0.75\n|-resisted|p1a: Gang Gang\n|debug|Spread modifier: 0.75\n|-damage|p1a: Gang Gang|89/262\n|-damage|p2b: Chansey|563/648\n|move|p1a: Gang Gang|Will-O-Wisp|p2b: Chansey\n|-status|p2b: Chansey|brn\n|move|p2b: Chansey|Thunder Wave|p1a: Gang Gang\n|-status|p1a: Gang Gang|par\n|\n|-damage|p2b: Chansey|523/648 brn|[from] brn\n|upkeep\n|turn|14\n|\n|t:|1738356306\n|move|p1b: King Nido|Sludge Wave|p2a: Starmie|[spread] p1a,p2a,p2b\n|debug|Spread modifier: 0.75\n|-resisted|p1a: Gang Gang\n|debug|Spread modifier: 0.75\n|debug|Spread modifier: 0.75\n|-damage|p1a: Gang Gang|43/262 par\n|-damage|p2a: Starmie|0 fnt\n|-damage|p2b: Chansey|462/648 brn\n|faint|p2a: Starmie\n|move|p1a: Gang Gang|Icy Wind|p2b: Chansey\n|-damage|p2b: Chansey|428/648 brn\n|-unboost|p2b: Chansey|spe|1\n|move|p2b: Chansey|Seismic Toss|p1b: King Nido\n|-damage|p1b: King Nido|204/304\n|\n|-damage|p2b: Chansey|388/648 brn|[from] brn\n|upkeep\n|turn|15\n|\n|t:|1738356333\n|switch|p1b: Polly|Poliwrath, M|322/322\n|move|p1a: Gang Gang|Icy Wind|p2b: Chansey\n|-damage|p2b: Chansey|359/648 brn\n|-unboost|p2b: Chansey|spe|1\n|move|p2b: Chansey|Soft-Boiled|p2b: Chansey\n|-heal|p2b: Chansey|648/648 brn\n|\n|-damage|p2b: Chansey|608/648 brn|[from] brn\n|upkeep\n|turn|16\n|\n|t:|1738356354\n|switch|p1a: King Nido|Nidoking, M|204/304\n|move|p1b: Polly|Drain Punch|p2b: Chansey\n|-supereffective|p2b: Chansey\n|-damage|p2b: Chansey|290/648 brn\n|move|p2b: Chansey|Thunder Wave|p1b: Polly\n|-status|p1b: Polly|par\n|\n|-damage|p2b: Chansey|250/648 brn|[from] brn\n|upkeep\n|turn|17\n|\n|t:|1738356376\n|move|p1a: King Nido|Earth Power|p2b: Chansey\n|-damage|p2b: Chansey|172/648 brn\n|move|p1b: Polly|Drain Punch|p2b: Chansey\n|-supereffective|p2b: Chansey\n|-damage|p2b: Chansey|0 fnt\n|faint|p2b: Chansey\n|\n|win|mistermoscow\n","uploadtime":1738356383,"views":"17","formatid":"gen9doublescustomgame","rating":null,"private":0,"password":null}