{"id":"gen9doublescustomgame-2017881781","format":"[Gen 9] Doubles Custom Game","players":["Mister Moscow","je64"],"log":"|j|☆Mister Moscow\n|j|☆je64\n|t:|1703287610\n|gametype|doubles\n|player|p1|Mister Moscow|alder|\n|player|p2|je64|2|\n|teamsize|p1|6\n|teamsize|p2|6\n|gen|9\n|tier|[Gen 9] Doubles Custom Game\n|clearpoke\n|poke|p1|Indeedee-F, F|\n|poke|p1|Klefki, F|\n|poke|p1|Necrozma|\n|poke|p1|Ogerpon-Hearthflame, F|\n|poke|p1|Great Tusk|\n|poke|p1|Sylveon, M|\n|poke|p2|Blastoise, M|\n|poke|p2|Smeargle, M|\n|poke|p2|Cresselia, F|\n|poke|p2|Magearna|\n|poke|p2|Basculegion, M|\n|poke|p2|Chien-Pao|\n|teampreview\n|j| mattmandaman\n|j| Weedichu\n|\n|t:|1703287663\n|start\n|switch|p1a: Dee Dee|Indeedee-F, F|344/344\n|switch|p1b: Kokeki|Klefki, F|287/287\n|switch|p2a: Chien-Pao|Chien-Pao|301/301\n|switch|p2b: Could Be Anything!|Smeargle, M|314/314\n|-ability|p2a: Chien-Pao|Sword of Ruin\n|-fieldstart|move: Psychic Terrain|[from] ability: Psychic Surge|[of] p1a: Dee Dee\n|-enditem|p1a: Dee Dee|Psychic Seed\n|-boost|p1a: Dee Dee|spd|1|[from] item: Psychic Seed\n|turn|1\n|\n|t:|1703287725\n|move|p1b: Kokeki|Reflect|p1b: Kokeki\n|-sidestart|p1: Mister Moscow|Reflect\n|move|p2a: Chien-Pao|Swords Dance|p2a: Chien-Pao\n|-boost|p2a: Chien-Pao|atk|2\n|move|p1a: Dee Dee|Baton Pass|p1a: Dee Dee\n|\n|t:|1703287732\n|switch|p1a: Majora|Ogerpon-Hearthflame, F|301/301|[from] Baton Pass\n|-ability|p1a: Majora|Mold Breaker\n|move|p2b: Could Be Anything!|Spore|p1b: Kokeki\n|-status|p1b: Kokeki|slp|[from] move: Spore\n|\n|-ability|p2b: Could Be Anything!|Moody|boost\n|-boost|p2b: Could Be Anything!|def|2\n|-unboost|p2b: Could Be Anything!|spd|1\n|upkeep\n|turn|2\n|\n|t:|1703287798\n|switch|p2b: Utility Slave|Blastoise, M|362/362\n|move|p2a: Chien-Pao|Protect|p2a: Chien-Pao\n|-singleturn|p2a: Chien-Pao|Protect\n|move|p1a: Majora|Spiky Shield|p1a: Majora\n|-singleturn|p1a: Majora|move: Protect\n|cant|p1b: Kokeki|slp\n|\n|upkeep\n|turn|3\n|\n|t:|1703287827\n|move|p2b: Utility Slave|Follow Me|p2b: Utility Slave\n|-singleturn|p2b: Utility Slave|move: Follow Me\n|move|p2a: Chien-Pao|Ice Spinner|p1a: Majora\n|debug|Sword of Ruin Def drop\n|debug|Reflect weaken\n|-damage|p1a: Majora|0 fnt\n|-fieldend|move: Psychic Terrain\n|faint|p1a: Majora\n|cant|p1b: Kokeki|slp\n|\n|upkeep\n|\n|t:|1703287856\n|switch|p1a: Raymond|Great Tusk|371/371\n|turn|4\n|\n|t:|1703287877\n|-terastallize|p1a: Raymond|Steel\n|move|p2b: Utility Slave|Follow Me|p2b: Utility Slave\n|-singleturn|p2b: Utility Slave|move: Follow Me\n|move|p1a: Raymond|Iron Head|p2b: Utility Slave\n|debug|Follow Me redirected target of move\n|debug|Sword of Ruin Def drop\n|-resisted|p2b: Utility Slave\n|-damage|p2b: Utility Slave|284/362\n|move|p2a: Chien-Pao|Ice Spinner|p1a: Raymond\n|debug|Sword of Ruin Def drop\n|-resisted|p1a: Raymond\n|debug|Reflect weaken\n|-damage|p1a: Raymond|260/371\n|-curestatus|p1b: Kokeki|slp|[msg]\n|move|p1b: Kokeki|Foul Play|p2b: Utility Slave\n|debug|Follow Me redirected target of move\n|debug|Sword of Ruin Def drop\n|-crit|p2b: Utility Slave\n|-damage|p2b: Utility Slave|181/362\n|\n|upkeep\n|turn|5\n|\n|t:|1703287925\n|move|p2b: Utility Slave|Follow Me|p2b: Utility Slave\n|-singleturn|p2b: Utility Slave|move: Follow Me\n|move|p2a: Chien-Pao|Sucker Punch|p1a: Raymond\n|debug|Sword of Ruin Def drop\n|debug|Reflect weaken\n|-damage|p1a: Raymond|70/371\n|move|p1a: Raymond|Iron Head|p2b: Utility Slave\n|debug|Follow Me redirected target of move\n|debug|Sword of Ruin Def drop\n|-resisted|p2b: Utility Slave\n|-damage|p2b: Utility Slave|105/362\n|move|p1b: Kokeki|Foul Play|p2b: Utility Slave\n|debug|Follow Me redirected target of move\n|debug|Sword of Ruin Def drop\n|-damage|p2b: Utility Slave|39/362\n|\n|upkeep\n|turn|6\n|\n|t:|1703287950\n|-end|p1a: Raymond|Protosynthesis|[silent]\n|switch|p1a: Dee Dee|Indeedee-F, F|344/344\n|-fieldstart|move: Psychic Terrain|[from] ability: Psychic Surge|[of] p1a: Dee Dee\n|move|p2a: Chien-Pao|Ice Spinner|p1a: Dee Dee\n|debug|Sword of Ruin Def drop\n|debug|Reflect weaken\n|-damage|p1a: Dee Dee|86/344\n|-fieldend|move: Psychic Terrain\n|move|p1b: Kokeki|Foul Play|p2b: Utility Slave\n|debug|Sword of Ruin Def drop\n|-damage|p2b: Utility Slave|0 fnt\n|faint|p2b: Utility Slave\n|\n|upkeep\n|\n|t:|1703287963\n|switch|p2b: Could Be Anything!|Smeargle, M|314/314\n|turn|7\n|\n|t:|1703288022\n|move|p2a: Chien-Pao|Protect|p2a: Chien-Pao\n|-singleturn|p2a: Chien-Pao|Protect\n|move|p1b: Kokeki|Foul Play|p2a: Chien-Pao\n|-activate|p2a: Chien-Pao|move: Protect\n|move|p2b: Could Be Anything!|Spore|p1b: Kokeki\n|-status|p1b: Kokeki|slp|[from] move: Spore\n|move|p1a: Dee Dee|Trick Room|p1a: Dee Dee\n|-fieldstart|move: Trick Room|[of] p1a: Dee Dee\n|\n|-ability|p2b: Could Be Anything!|Moody|boost\n|-boost|p2b: Could Be Anything!|spe|2\n|-unboost|p2b: Could Be Anything!|spa|1\n|upkeep\n|turn|8\n|\n|t:|1703288058\n|cant|p1b: Kokeki|slp\n|move|p1a: Dee Dee|Dazzling Gleam|p2b: Could Be Anything!|[spread] p2a,p2b\n|debug|Spread modifier: 0.75\n|-supereffective|p2a: Chien-Pao\n|debug|Spread modifier: 0.75\n|-damage|p2a: Chien-Pao|169/301\n|-damage|p2b: Could Be Anything!|234/314\n|move|p2a: Chien-Pao|Ice Spinner|p1a: Dee Dee\n|debug|Sword of Ruin Def drop\n|debug|Reflect weaken\n|-damage|p1a: Dee Dee|0 fnt\n|faint|p1a: Dee Dee\n|move|p2b: Could Be Anything!|Trick Room|p2b: Could Be Anything!\n|-fieldend|move: Trick Room\n|\n|-sideend|p1: Mister Moscow|Reflect\n|-ability|p2b: Could Be Anything!|Moody|boost\n|-boost|p2b: Could Be Anything!|atk|2\n|-unboost|p2b: Could Be Anything!|spd|1\n|upkeep\n|\n|t:|1703288073\n|switch|p1a: Raymond|Great Tusk, tera:Steel|70/371\n|turn|9\n|\n|t:|1703288092\n|-end|p1a: Raymond|Protosynthesis|[silent]\n|switch|p1a: Pepe Silva|Sylveon, M|332/332\n|switch|p2b: Basculegion|Basculegion, M|382/382\n|move|p2a: Chien-Pao|Ice Spinner|p1a: Pepe Silva\n|debug|Sword of Ruin Def drop\n|-damage|p1a: Pepe Silva|0 fnt\n|faint|p1a: Pepe Silva\n|cant|p1b: Kokeki|slp\n|\n|upkeep\n|\n|t:|1703288105\n|switch|p1a: Raymond|Great Tusk, tera:Steel|70/371\n|turn|10\n|\n|t:|1703288118\n|-terastallize|p2b: Basculegion|Ghost\n|cant|p1b: Kokeki|slp\n|move|p1a: Raymond|Earthquake|p2b: Basculegion|[spread] p1b,p2a,p2b\n|debug|Sword of Ruin Def drop\n|debug|Spread modifier: 0.75\n|-supereffective|p1b: Kokeki\n|debug|Spread modifier: 0.75\n|debug|Sword of Ruin Def drop\n|debug|Spread modifier: 0.75\n|-damage|p1b: Kokeki|0 fnt\n|-damage|p2a: Chien-Pao|1/301\n|-damage|p2b: Basculegion|102/382\n|faint|p1b: Kokeki\n|move|p2b: Basculegion|Last Respects|p1a: Raymond\n|debug|Sword of Ruin Def drop\n|-damage|p1a: Raymond|0 fnt\n|faint|p1a: Raymond\n|-end|p1a: Raymond|Protosynthesis|[silent]\n|move|p2a: Chien-Pao|Ice Spinner|p1: Raymond|[notarget]\n|-fail|p2a: Chien-Pao\n|\n|upkeep\n|\n|t:|1703288132\n|switch|p1b: Nicholas|Necrozma|367/367\n|turn|11\n|\n|t:|1703288137\n|move|p2a: Chien-Pao|Sucker Punch|p1b: Nicholas\n|debug|Sword of Ruin Def drop\n|-supereffective|p1b: Nicholas\n|debug|Prism Armor neutralize\n|-damage|p1b: Nicholas|0 fnt\n|faint|p1b: Nicholas\n|\n|win|je64\n","uploadtime":1703288143,"views":"18","formatid":"gen9doublescustomgame","rating":null,"private":0,"password":null}