{"id":"gen9doublescustomgame-2148904635","format":"[Gen 9] Doubles Custom Game","players":["je64","smokeydabearrr"],"log":"|j|☆je64\n|j|☆smokeydabearrr\n|t:|1719193897\n|gametype|doubles\n|player|p1|je64|266|\n|player|p2|smokeydabearrr|101|\n|teamsize|p1|6\n|teamsize|p2|6\n|gen|9\n|tier|[Gen 9] Doubles Custom Game\n|clearpoke\n|poke|p1|Scizor, M|\n|poke|p1|Mew|\n|poke|p1|Kingdra, M|\n|poke|p1|Tornadus, M|\n|poke|p1|Tapu Bulu|\n|poke|p1|Chi-Yu|\n|poke|p2|Charizard, M|\n|poke|p2|Blastoise, M|\n|poke|p2|Whimsicott, F|\n|poke|p2|Rillaboom, F|\n|poke|p2|Raging Bolt|\n|poke|p2|Walking Wake|\n|teampreview\n|j| Mango Meloetta\n|\n|t:|1719193991\n|start\n|switch|p1a: Lakitu|Tornadus, M|362/362\n|switch|p1b: Rillabulu|Tapu Bulu|282/282\n|switch|p2a: Scott Tennerman|Whimsicott, F|261/261\n|switch|p2b: Raging B0ner|Raging Bolt|454/454\n|-fieldstart|move: Grassy Terrain|[from] ability: Grassy Surge|[of] p1b: Rillabulu\n|turn|1\n|\n|t:|1719194048\n|switch|p1a: Ditto's Daddy|Mew|404/404\n|move|p2a: Scott Tennerman|Tailwind|p2a: Scott Tennerman\n|-sidestart|p2: smokeydabearrr|move: Tailwind\n|move|p1b: Rillabulu|High Horsepower|p2b: Raging B0ner\n|-supereffective|p2b: Raging B0ner\n|-damage|p2b: Raging B0ner|172/454\n|move|p2b: Raging B0ner|Electroweb|p1b: Rillabulu|[spread] p1a\n|-miss|p2b: Raging B0ner|p1b: Rillabulu\n|debug|Spread modifier: 0.75\n|-damage|p1a: Ditto's Daddy|313/404\n|-unboost|p1a: Ditto's Daddy|spe|1\n|-damage|p2b: Raging B0ner|127/454|[from] item: Life Orb\n|\n|-heal|p2b: Raging B0ner|155/454|[from] Grassy Terrain\n|-heal|p1a: Ditto's Daddy|338/404|[from] Grassy Terrain\n|upkeep\n|turn|2\n|j| mistermoscow\n|\n|t:|1719194160\n|-end|p2b: Raging B0ner|Protosynthesis|[silent]\n|switch|p2b: Yurtle the Turtle?|Blastoise, M|362/362\n|move|p2a: Scott Tennerman|Dazzling Gleam|p1b: Rillabulu|[spread] p1a,p1b\n|debug|Spread modifier: 0.75\n|debug|Spread modifier: 0.75\n|-damage|p1a: Ditto's Daddy|262/404\n|-damage|p1b: Rillabulu|203/282\n|move|p1b: Rillabulu|High Horsepower|p2b: Yurtle the Turtle?\n|-damage|p2b: Yurtle the Turtle?|277/362\n|move|p1a: Ditto's Daddy|Light Screen|p1a: Ditto's Daddy\n|-sidestart|p1: je64|move: Light Screen\n|\n|-heal|p2b: Yurtle the Turtle?|299/362|[from] Grassy Terrain\n|-heal|p2b: Yurtle the Turtle?|321/362|[from] item: Leftovers\n|-heal|p1b: Rillabulu|220/282|[from] Grassy Terrain\n|-heal|p1a: Ditto's Daddy|287/404|[from] Grassy Terrain\n|upkeep\n|turn|3\n|\n|t:|1719194207\n|switch|p1b: ScytherPunk 2077|Scizor, M|336/336\n|move|p2b: Yurtle the Turtle?|Fake Out|p1b: ScytherPunk 2077\n|-resisted|p1b: ScytherPunk 2077\n|-damage|p1b: ScytherPunk 2077|322/336\n|move|p2a: Scott Tennerman|Encore|p1a: Ditto's Daddy\n|-start|p1a: Ditto's Daddy|Encore\n|move|p1a: Ditto's Daddy|Light Screen||[still]\n|-fail|p1a: Ditto's Daddy\n|debug|move failed because it did nothing\n|\n|-heal|p2b: Yurtle the Turtle?|343/362|[from] Grassy Terrain\n|-heal|p2b: Yurtle the Turtle?|362/362|[from] item: Leftovers\n|-heal|p1b: ScytherPunk 2077|336/336|[from] Grassy Terrain\n|-heal|p1a: Ditto's Daddy|312/404|[from] Grassy Terrain\n|upkeep\n|turn|4\n|\n|t:|1719194243\n|switch|p1a: Rillabulu|Tapu Bulu|220/282\n|detailschange|p1b: ScytherPunk 2077|Scizor-Mega, M\n|-mega|p1b: ScytherPunk 2077|Scizor|Scizorite\n|move|p2b: Yurtle the Turtle?|Follow Me|p2b: Yurtle the Turtle?\n|-singleturn|p2b: Yurtle the Turtle?|move: Follow Me\n|move|p2a: Scott Tennerman|Dazzling Gleam|p1b: ScytherPunk 2077|[spread] p1a,p1b\n|debug|Spread modifier: 0.75\n|debug|Light Screen weaken\n|debug|Spread modifier: 0.75\n|-resisted|p1b: ScytherPunk 2077\n|debug|Light Screen weaken\n|-damage|p1a: Rillabulu|164/282\n|-damage|p1b: ScytherPunk 2077|310/336\n|move|p1b: ScytherPunk 2077|U-turn|p2b: Yurtle the Turtle?\n|debug|Follow Me redirected target of move\n|debug|Base Power: 70\n|-damage|p2b: Yurtle the Turtle?|260/362\n|\n|t:|1719194262\n|switch|p1b: Ditto's Daddy|Mew|312/404|[from] U-turn\n|\n|-heal|p2b: Yurtle the Turtle?|282/362|[from] Grassy Terrain\n|-heal|p2b: Yurtle the Turtle?|304/362|[from] item: Leftovers\n|-heal|p1a: Rillabulu|181/282|[from] Grassy Terrain\n|-heal|p1b: Ditto's Daddy|337/404|[from] Grassy Terrain\n|-sideend|p2: smokeydabearrr|move: Tailwind\n|upkeep\n|turn|5\n|\n|t:|1719194321\n|move|p1b: Ditto's Daddy|Fake Out|p2a: Scott Tennerman\n|-damage|p2a: Scott Tennerman|230/261\n|move|p2b: Yurtle the Turtle?|Follow Me|p2b: Yurtle the Turtle?\n|-singleturn|p2b: Yurtle the Turtle?|move: Follow Me\n|cant|p2a: Scott Tennerman|flinch\n|move|p1a: Rillabulu|Wood Hammer|p2b: Yurtle the Turtle?\n|debug|Follow Me redirected target of move\n|debug|grassy terrain boost\n|-supereffective|p2b: Yurtle the Turtle?\n|-damage|p2b: Yurtle the Turtle?|0 fnt\n|faint|p2b: Yurtle the Turtle?\n|-damage|p1a: Rillabulu|81/282|[from] Recoil\n|\n|-heal|p1a: Rillabulu|98/282|[from] Grassy Terrain\n|-heal|p2a: Scott Tennerman|246/261|[from] Grassy Terrain\n|-heal|p1b: Ditto's Daddy|362/404|[from] Grassy Terrain\n|-fieldend|move: Grassy Terrain\n|upkeep\n|\n|t:|1719194339\n|switch|p2b: PSA 10 Shadowless|Charizard, M|297/297\n|turn|6\n|\n|t:|1719194383\n|switch|p1a: Lakitu|Tornadus, M|362/362\n|detailschange|p2b: PSA 10 Shadowless|Charizard-Mega-Y, M\n|-mega|p2b: PSA 10 Shadowless|Charizard|Charizardite Y\n|-weather|SunnyDay|[from] ability: Drought|[of] p2b: PSA 10 Shadowless\n|-terastallize|p1b: Ditto's Daddy|Dark\n|move|p2a: Scott Tennerman|Tailwind|p2a: Scott Tennerman\n|-sidestart|p2: smokeydabearrr|move: Tailwind\n|move|p2b: PSA 10 Shadowless|Heat Wave|p1b: Ditto's Daddy|[spread] p1a,p1b\n|debug|Spread modifier: 0.75\n|debug|Sunny Day fire boost\n|debug|Light Screen weaken\n|debug|Spread modifier: 0.75\n|debug|Sunny Day fire boost\n|debug|Light Screen weaken\n|-damage|p1a: Lakitu|233/362\n|-damage|p1b: Ditto's Daddy|248/404\n|debug|Covert Cloak prevent secondary\n|move|p1b: Ditto's Daddy|Tailwind|p1b: Ditto's Daddy\n|-sidestart|p1: je64|move: Tailwind\n|\n|-weather|SunnyDay|[upkeep]\n|upkeep\n|turn|7\n|\n|t:|1719194427\n|move|p1a: Lakitu|Rain Dance|p1a: Lakitu\n|-weather|RainDance\n|move|p2a: Scott Tennerman|Dazzling Gleam|p1b: Ditto's Daddy|[spread] p1a,p1b\n|debug|Spread modifier: 0.75\n|debug|Light Screen weaken\n|debug|Spread modifier: 0.75\n|-supereffective|p1b: Ditto's Daddy\n|debug|Light Screen weaken\n|-damage|p1a: Lakitu|181/362\n|-damage|p1b: Ditto's Daddy|155/404\n|move|p2b: PSA 10 Shadowless|Heat Wave|p1b: Ditto's Daddy|[spread] p1a,p1b\n|debug|Spread modifier: 0.75\n|debug|rain fire suppress\n|debug|Light Screen weaken\n|debug|Spread modifier: 0.75\n|debug|rain fire suppress\n|debug|Light Screen weaken\n|-damage|p1a: Lakitu|132/362\n|-damage|p1b: Ditto's Daddy|115/404\n|debug|Covert Cloak prevent secondary\n|-status|p1b: Ditto's Daddy|brn\n|-activate|p1b: Ditto's Daddy|ability: Synchronize\n|debug|natural status immunity\n|debug|immune to status\n|-immune|p2b: PSA 10 Shadowless\n|move|p1b: Ditto's Daddy|Reflect|p1b: Ditto's Daddy\n|-sidestart|p1: je64|Reflect\n|\n|-weather|RainDance|[upkeep]\n|-damage|p1b: Ditto's Daddy|90/404 brn|[from] brn\n|upkeep\n|turn|8\n|\n|t:|1719194473\n|switch|p1b: Seman|Kingdra, M|292/292\n|move|p2b: PSA 10 Shadowless|Protect|p2b: PSA 10 Shadowless\n|-singleturn|p2b: PSA 10 Shadowless|Protect\n|move|p2a: Scott Tennerman|Dazzling Gleam|p1b: Seman|[spread] p1a,p1b\n|debug|Spread modifier: 0.75\n|debug|Light Screen weaken\n|debug|Spread modifier: 0.75\n|-supereffective|p1b: Seman\n|debug|Light Screen weaken\n|-damage|p1a: Lakitu|76/362\n|-damage|p1b: Seman|180/292\n|move|p1a: Lakitu|Bleakwind Storm|p2a: Scott Tennerman|[spread] p2a\n|-activate|p2b: PSA 10 Shadowless|move: Protect\n|debug|Spread modifier: 0.75\n|-supereffective|p2a: Scott Tennerman\n|-damage|p2a: Scott Tennerman|0 fnt\n|faint|p2a: Scott Tennerman\n|\n|-weather|RainDance|[upkeep]\n|upkeep\n|\n|t:|1719194494\n|switch|p2a: Boom Burger|Rillaboom, F|404/404\n|-fieldstart|move: Grassy Terrain|[from] ability: Grassy Surge|[of] p2a: Boom Burger\n|turn|9\n|\n|t:|1719194532\n|switch|p2b: WAKE ME UP INSIDE|Walking Wake|339/339\n|switch|p1a: Ditto's Daddy|Mew, tera:Dark|90/404 brn\n|move|p2a: Boom Burger|Fake Out|p1a: Ditto's Daddy\n|debug|Reflect weaken\n|-damage|p1a: Ditto's Daddy|62/404 brn\n|move|p1b: Seman|Focus Energy|p1b: Seman\n|-start|p1b: Seman|move: Focus Energy\n|\n|-weather|RainDance|[upkeep]\n|-heal|p1b: Seman|198/292|[from] Grassy Terrain\n|-heal|p1a: Ditto's Daddy|87/404 brn|[from] Grassy Terrain\n|-damage|p1a: Ditto's Daddy|62/404 brn|[from] brn\n|-sideend|p1: je64|move: Light Screen\n|-sideend|p2: smokeydabearrr|move: Tailwind\n|-sideend|p1: je64|move: Tailwind\n|upkeep\n|turn|10\n|\n|t:|1719194567\n|move|p1b: Seman|Protect|p1b: Seman\n|-singleturn|p1b: Seman|Protect\n|move|p2a: Boom Burger|Grassy Glide|p1a: Ditto's Daddy\n|debug|grassy terrain boost\n|-crit|p1a: Ditto's Daddy\n|-damage|p1a: Ditto's Daddy|0 fnt\n|faint|p1a: Ditto's Daddy\n|move|p2b: WAKE ME UP INSIDE|Draco Meteor|p1b: Seman\n|-activate|p1b: Seman|move: Protect\n|\n|-weather|RainDance|[upkeep]\n|-heal|p1b: Seman|216/292|[from] Grassy Terrain\n|upkeep\n|\n|t:|1719194584\n|switch|p1a: Lakitu|Tornadus, M|76/362\n|turn|11\n|\n|t:|1719194628\n|-terastallize|p2a: Boom Burger|Grass\n|move|p1a: Lakitu|Tailwind|p1a: Lakitu\n|-sidestart|p1: je64|move: Tailwind\n|move|p2a: Boom Burger|Grassy Glide|p1a: Lakitu\n|debug|grassy terrain boost\n|-resisted|p1a: Lakitu\n|debug|Reflect weaken\n|-damage|p1a: Lakitu|7/362\n|move|p1b: Seman|Draco Meteor|p2b: WAKE ME UP INSIDE\n|-supereffective|p2b: WAKE ME UP INSIDE\n|-crit|p2b: WAKE ME UP INSIDE\n|debug|Sniper boost\n|-damage|p2b: WAKE ME UP INSIDE|0 fnt\n|-unboost|p1b: Seman|spa|2\n|faint|p2b: WAKE ME UP INSIDE\n|-end|p2b: WAKE ME UP INSIDE|Protosynthesis|[silent]\n|\n|-weather|none\n|-heal|p1b: Seman|234/292|[from] Grassy Terrain\n|debug|Pokemon semi-invuln or not grounded; Grassy Terrain skipped\n|upkeep\n|\n|t:|1719194678\n|switch|p2b: PSA 10 Shadowless|Charizard-Mega-Y, M|297/297\n|-weather|SunnyDay|[from] ability: Drought|[of] p2b: PSA 10 Shadowless\n|turn|12\n|\n|t:|1719194704\n|move|p2b: PSA 10 Shadowless|Protect|p2b: PSA 10 Shadowless\n|-singleturn|p2b: PSA 10 Shadowless|Protect\n|move|p1a: Lakitu|Rain Dance|p1a: Lakitu\n|-weather|RainDance\n|move|p2a: Boom Burger|Grassy Glide|p1b: Seman\n|debug|grassy terrain boost\n|debug|Reflect weaken\n|-damage|p1b: Seman|109/292\n|move|p1b: Seman|Draco Meteor|p2a: Boom Burger\n|debug|Negating (sp)atk boost/penalty.\n|-crit|p2a: Boom Burger\n|debug|Sniper boost\n|-damage|p2a: Boom Burger|0 fnt\n|-unboost|p1b: Seman|spa|2\n|faint|p2a: Boom Burger\n|\n|-weather|RainDance|[upkeep]\n|-heal|p1b: Seman|127/292|[from] Grassy Terrain\n|debug|Pokemon semi-invuln or not grounded; Grassy Terrain skipped\n|debug|Pokemon semi-invuln or not grounded; Grassy Terrain skipped\n|upkeep\n|\n|t:|1719194718\n|switch|p2a: Raging B0ner|Raging Bolt|155/454\n|turn|13\n|\n|t:|1719194761\n|move|p2a: Raging B0ner|Thunderclap|p1b: Seman\n|-damage|p1b: Seman|0 fnt\n|faint|p1b: Seman\n|-damage|p2a: Raging B0ner|110/454|[from] item: Life Orb\n|move|p1a: Lakitu|Bleakwind Storm|p2b: PSA 10 Shadowless|[spread] p2a,p2b\n|debug|Spread modifier: 0.75\n|-resisted|p2a: Raging B0ner\n|debug|Spread modifier: 0.75\n|-damage|p2a: Raging B0ner|54/454\n|-damage|p2b: PSA 10 Shadowless|201/297\n|move|p2b: PSA 10 Shadowless|Heat Wave|p1a: Lakitu\n|debug|rain fire suppress\n|-damage|p1a: Lakitu|0 fnt\n|debug|Covert Cloak prevent secondary\n|faint|p1a: Lakitu\n|\n|-weather|RainDance|[upkeep]\n|debug|Pokemon semi-invuln or not grounded; Grassy Terrain skipped\n|-heal|p2a: Raging B0ner|82/454|[from] Grassy Terrain\n|-fieldend|move: Grassy Terrain\n|upkeep\n|\n|t:|1719194781\n|switch|p1b: ScytherPunk 2077|Scizor-Mega, M|310/336\n|switch|p1a: Rillabulu|Tapu Bulu|98/282\n|-fieldstart|move: Grassy Terrain|[from] ability: Grassy Surge|[of] p1a: Rillabulu\n|turn|14\n|\n|t:|1719194798\n|move|p2b: PSA 10 Shadowless|Protect|p2b: PSA 10 Shadowless\n|-singleturn|p2b: PSA 10 Shadowless|Protect\n|move|p1b: ScytherPunk 2077|Bullet Punch|p2a: Raging B0ner\n|debug|Base Power: 40\n|debug|Technician boost\n|-resisted|p2a: Raging B0ner\n|-damage|p2a: Raging B0ner|10/454\n|move|p2a: Raging B0ner|Thunderclap|p1a: Rillabulu\n|-resisted|p1a: Rillabulu\n|-damage|p1a: Rillabulu|6/282\n|-damage|p2a: Raging B0ner|0 fnt|[from] item: Life Orb\n|faint|p2a: Raging B0ner\n|-end|p2a: Raging B0ner|Protosynthesis|[silent]\n|move|p1a: Rillabulu|Stone Edge|p2b: PSA 10 Shadowless\n|-activate|p2b: PSA 10 Shadowless|move: Protect\n|\n|-weather|RainDance|[upkeep]\n|-heal|p1a: Rillabulu|23/282|[from] Grassy Terrain\n|-heal|p1b: ScytherPunk 2077|331/336|[from] Grassy Terrain\n|debug|Pokemon semi-invuln or not grounded; Grassy Terrain skipped\n|-sideend|p1: je64|Reflect\n|-sideend|p1: je64|move: Tailwind\n|upkeep\n|turn|15\n|\n|t:|1719194824\n|move|p1a: Rillabulu|Stone Edge|p2b: PSA 10 Shadowless\n|-supereffective|p2b: PSA 10 Shadowless\n|-damage|p2b: PSA 10 Shadowless|0 fnt\n|faint|p2b: PSA 10 Shadowless\n|\n|win|je64\n|l|☆smokeydabearrr\n|player|p2|\n","uploadtime":1719194829,"views":"49","formatid":"gen9doublescustomgame","rating":null,"private":0,"password":null}