{"id":"gen9doublescustomgame-2004241164","format":"[Gen 9] Doubles Custom Game","players":["smokeydabearrr","je64"],"log":"|j|☆smokeydabearrr\n|j|☆je64\n|t:|1701662295\n|gametype|doubles\n|player|p1|smokeydabearrr|169|\n|player|p2|je64|265|\n|teamsize|p1|6\n|teamsize|p2|6\n|gen|9\n|tier|[Gen 9] Doubles Custom Game\n|clearpoke\n|poke|p1|Torkoal, M|\n|poke|p1|Walking Wake|\n|poke|p1|Flutter Mane|\n|poke|p1|Heatran, F|\n|poke|p1|Iron Bundle|\n|poke|p1|Chi-Yu|\n|poke|p2|Dragonite, F|\n|poke|p2|Cresselia, F|\n|poke|p2|Landorus-Therian, M|\n|poke|p2|Incineroar, F|\n|poke|p2|Basculegion, M|\n|poke|p2|Chien-Pao|\n|teampreview\n|j| Mister Moscow\n|\n|t:|1701662351\n|start\n|switch|p1a: Yurtle The Turtle|Torkoal, M|335/335\n|switch|p1b: WAKE ME UP INSIDE|Walking Wake|339/339\n|switch|p2a: Fastpass|Dragonite, F|355/355\n|switch|p2b: Chairman Mao|Incineroar, F|394/394\n|-ability|p2b: Chairman Mao|Intimidate|boost\n|-unboost|p1a: Yurtle The Turtle|atk|1\n|-unboost|p1b: WAKE ME UP INSIDE|atk|1\n|-weather|SunnyDay|[from] ability: Drought|[of] p1a: Yurtle The Turtle\n|-activate|p1b: WAKE ME UP INSIDE|ability: Protosynthesis\n|-start|p1b: WAKE ME UP INSIDE|protosynthesisspa\n|turn|1\n|\n|t:|1701662401\n|move|p2b: Chairman Mao|Fake Out|p1a: Yurtle The Turtle\n|-damage|p1a: Yurtle The Turtle|303/335\n|move|p1b: WAKE ME UP INSIDE|Hydro Steam|p2a: Fastpass\n|debug|Protosynthesis spa boost\n|debug|Sunny Day Hydro Steam boost\n|-resisted|p2a: Fastpass\n|debug|Multiscale weaken\n|-damage|p2a: Fastpass|261/355\n|move|p2a: Fastpass|Dragon Dance|p2a: Fastpass\n|-boost|p2a: Fastpass|atk|1\n|-boost|p2a: Fastpass|spe|1\n|cant|p1a: Yurtle The Turtle|flinch\n|\n|-weather|SunnyDay|[upkeep]\n|upkeep\n|turn|2\n|\n|t:|1701662462\n|-end|p1b: WAKE ME UP INSIDE|Protosynthesis|[silent]\n|switch|p1b: Gucci Mane|Flutter Mane|251/251\n|-activate|p1b: Gucci Mane|ability: Protosynthesis\n|-start|p1b: Gucci Mane|protosynthesisspa\n|switch|p2b: Nolan's Bane|Cresselia, F|444/444\n|-terastallize|p2a: Fastpass|Normal\n|move|p2a: Fastpass|Extreme Speed|p1b: Gucci Mane\n|-immune|p1b: Gucci Mane\n|move|p1a: Yurtle The Turtle|Will-O-Wisp|p2a: Fastpass\n|-status|p2a: Fastpass|brn\n|\n|-weather|SunnyDay|[upkeep]\n|-damage|p2a: Fastpass|239/355 brn|[from] brn\n|upkeep\n|turn|3\n|\n|t:|1701662510\n|move|p1b: Gucci Mane|Dazzling Gleam|p2b: Nolan's Bane|[spread] p2a,p2b\n|debug|Protosynthesis spa boost\n|debug|Spread modifier: 0.75\n|debug|Protosynthesis spa boost\n|debug|Spread modifier: 0.75\n|-damage|p2a: Fastpass|77/355 brn\n|-damage|p2b: Nolan's Bane|321/444\n|move|p2a: Fastpass|Dragon Dance|p2a: Fastpass\n|-boost|p2a: Fastpass|atk|1\n|-boost|p2a: Fastpass|spe|1\n|move|p2b: Nolan's Bane|Lunar Blessing|p2b: Nolan's Bane|[spread] p2a,p2b\n|-heal|p2a: Fastpass|166/355 brn\n|-curestatus|p2a: Fastpass|brn|[msg]\n|-heal|p2b: Nolan's Bane|432/444\n|move|p1a: Yurtle The Turtle|Stealth Rock|p2b: Nolan's Bane\n|-sidestart|p2: je64|move: Stealth Rock\n|\n|-weather|SunnyDay|[upkeep]\n|-heal|p2b: Nolan's Bane|444/444|[from] item: Leftovers\n|upkeep\n|turn|4\n|\n|t:|1701662541\n|move|p1a: Yurtle The Turtle|Helping Hand|p1b: Gucci Mane\n|-singleturn|p1b: Gucci Mane|Helping Hand|[of] p1a: Yurtle The Turtle\n|move|p2a: Fastpass|Ice Spinner|p1b: Gucci Mane\n|-enditem|p1b: Gucci Mane|Focus Sash\n|-damage|p1b: Gucci Mane|1/251\n|move|p1b: Gucci Mane|Dazzling Gleam|p2b: Nolan's Bane|[spread] p2a,p2b\n|debug|Boosting from Helping Hand: 1.5\n|debug|Protosynthesis spa boost\n|debug|Spread modifier: 0.75\n|debug|Boosting from Helping Hand: 1.5\n|debug|Protosynthesis spa boost\n|debug|Spread modifier: 0.75\n|-damage|p2a: Fastpass|0 fnt\n|-damage|p2b: Nolan's Bane|249/444\n|faint|p2a: Fastpass\n|move|p2b: Nolan's Bane|Calm Mind|p2b: Nolan's Bane\n|-boost|p2b: Nolan's Bane|spa|1\n|-boost|p2b: Nolan's Bane|spd|1\n|\n|-weather|SunnyDay|[upkeep]\n|-heal|p2b: Nolan's Bane|276/444|[from] item: Leftovers\n|upkeep\n|\n|t:|1701662614\n|switch|p2a: Fukushima|Basculegion, M|382/382\n|-damage|p2a: Fukushima|335/382|[from] Stealth Rock\n|turn|5\n|\n|t:|1701662654\n|move|p1a: Yurtle The Turtle|Helping Hand|p1b: Gucci Mane\n|-singleturn|p1b: Gucci Mane|Helping Hand|[of] p1a: Yurtle The Turtle\n|move|p2a: Fukushima|Aqua Jet|p1b: Gucci Mane\n|debug|Sunny Day water suppress\n|-damage|p1b: Gucci Mane|0 fnt\n|faint|p1b: Gucci Mane\n|-end|p1b: Gucci Mane|Protosynthesis|[silent]\n|move|p2b: Nolan's Bane|Calm Mind|p2b: Nolan's Bane\n|-boost|p2b: Nolan's Bane|spa|1\n|-boost|p2b: Nolan's Bane|spd|1\n|\n|-weather|SunnyDay|[upkeep]\n|-heal|p2b: Nolan's Bane|303/444|[from] item: Leftovers\n|upkeep\n|\n|t:|1701662682\n|switch|p1b: Iron Bundle of Joy|Iron Bundle|253/253\n|-enditem|p1b: Iron Bundle of Joy|Booster Energy\n|-activate|p1b: Iron Bundle of Joy|ability: Quark Drive|[fromitem]\n|-start|p1b: Iron Bundle of Joy|quarkdrivespa\n|turn|6\n|\n|t:|1701662701\n|switch|p2a: Chairman Mao|Incineroar, F|394/394\n|-damage|p2a: Chairman Mao|296/394|[from] Stealth Rock\n|-ability|p2a: Chairman Mao|Intimidate|boost\n|-unboost|p1a: Yurtle The Turtle|atk|1\n|-unboost|p1b: Iron Bundle of Joy|atk|1\n|move|p1b: Iron Bundle of Joy|Freeze-Dry|p2a: Chairman Mao\n|debug|Quark Drive spa boost\n|-resisted|p2a: Chairman Mao\n|-crit|p2a: Chairman Mao\n|-damage|p2a: Chairman Mao|169/394\n|debug|Covert Cloak prevent secondary\n|move|p2b: Nolan's Bane|Lunar Blessing|p2b: Nolan's Bane|[spread] p2a,p2b\n|-heal|p2a: Chairman Mao|267/394\n|-heal|p2b: Nolan's Bane|414/444\n|move|p1a: Yurtle The Turtle|Will-O-Wisp|p2b: Nolan's Bane\n|-status|p2b: Nolan's Bane|brn\n|\n|-weather|SunnyDay|[upkeep]\n|-heal|p2b: Nolan's Bane|441/444 brn|[from] item: Leftovers\n|-damage|p2b: Nolan's Bane|414/444 brn|[from] brn\n|upkeep\n|turn|7\n|l|☆je64\n|player|p2|\n|j|☆je64\n|player|p2|je64|265\n|c|☆je64|im back\n|l|☆je64\n|player|p2|\n|j|☆je64\n|player|p2|je64|265\n|\n|t:|1701662846\n|-end|p1b: Iron Bundle of Joy|Quark Drive|[silent]\n|switch|p1b: WAKE ME UP INSIDE|Walking Wake|339/339\n|-activate|p1b: WAKE ME UP INSIDE|ability: Protosynthesis\n|-start|p1b: WAKE ME UP INSIDE|protosynthesisspa\n|move|p2a: Chairman Mao|Fake Out|p1b: WAKE ME UP INSIDE\n|-damage|p1b: WAKE ME UP INSIDE|293/339\n|move|p2b: Nolan's Bane|Calm Mind|p2b: Nolan's Bane\n|-boost|p2b: Nolan's Bane|spa|1\n|-boost|p2b: Nolan's Bane|spd|1\n|move|p1a: Yurtle The Turtle|Heat Wave|p2b: Nolan's Bane|[spread] p2a\n|-miss|p1a: Yurtle The Turtle|p2b: Nolan's Bane\n|debug|Spread modifier: 0.75\n|debug|Sunny Day fire boost\n|-resisted|p2a: Chairman Mao\n|-damage|p2a: Chairman Mao|208/394\n|debug|Covert Cloak prevent secondary\n|\n|-weather|SunnyDay|[upkeep]\n|-heal|p2b: Nolan's Bane|441/444 brn|[from] item: Leftovers\n|-damage|p2b: Nolan's Bane|414/444 brn|[from] brn\n|upkeep\n|turn|8\n|\n|t:|1701662889\n|switch|p2a: Lands R' Us|Landorus-Therian, M|382/382\n|-damage|p2a: Lands R' Us|335/382|[from] Stealth Rock\n|-ability|p2a: Lands R' Us|Intimidate|boost\n|-unboost|p1a: Yurtle The Turtle|atk|1\n|-unboost|p1b: WAKE ME UP INSIDE|atk|1\n|-terastallize|p1b: WAKE ME UP INSIDE|Water\n|move|p1a: Yurtle The Turtle|Helping Hand|p1b: WAKE ME UP INSIDE\n|-singleturn|p1b: WAKE ME UP INSIDE|Helping Hand|[of] p1a: Yurtle The Turtle\n|move|p1b: WAKE ME UP INSIDE|Hydro Steam|p2b: Nolan's Bane\n|debug|Boosting from Helping Hand: 1.5\n|debug|Protosynthesis spa boost\n|debug|Sunny Day Hydro Steam boost\n|-damage|p2b: Nolan's Bane|152/444 brn\n|move|p2b: Nolan's Bane|Calm Mind|p2b: Nolan's Bane\n|-boost|p2b: Nolan's Bane|spa|1\n|-boost|p2b: Nolan's Bane|spd|1\n|\n|-weather|none\n|-end|p1b: WAKE ME UP INSIDE|Protosynthesis\n|-heal|p2b: Nolan's Bane|179/444 brn|[from] item: Leftovers\n|-damage|p2b: Nolan's Bane|152/444 brn|[from] brn\n|upkeep\n|turn|9\n|\n|t:|1701662936\n|switch|p1a: Heater Pan|Heatran, F|323/323\n|move|p1b: WAKE ME UP INSIDE|Hydro Steam|p2b: Nolan's Bane\n|-damage|p2b: Nolan's Bane|76/444 brn\n|move|p2a: Lands R' Us|Stealth Rock|p1b: WAKE ME UP INSIDE\n|-sidestart|p1: smokeydabearrr|move: Stealth Rock\n|move|p2b: Nolan's Bane|Lunar Blessing|p2b: Nolan's Bane|[spread] p2a,p2b\n|-heal|p2a: Lands R' Us|382/382\n|-heal|p2b: Nolan's Bane|187/444 brn\n|-curestatus|p2b: Nolan's Bane|brn|[msg]\n|\n|-heal|p2b: Nolan's Bane|214/444|[from] item: Leftovers\n|upkeep\n|turn|10\n|\n|t:|1701662978\n|switch|p1a: Yurtle The Turtle|Torkoal, M|303/335\n|-damage|p1a: Yurtle The Turtle|220/335|[from] Stealth Rock\n|-weather|SunnyDay|[from] ability: Drought|[of] p1a: Yurtle The Turtle\n|-activate|p1b: WAKE ME UP INSIDE|ability: Protosynthesis\n|-start|p1b: WAKE ME UP INSIDE|protosynthesisspa\n|move|p1b: WAKE ME UP INSIDE|Hydro Steam|p2b: Nolan's Bane\n|debug|Protosynthesis spa boost\n|debug|Sunny Day Hydro Steam boost\n|-damage|p2b: Nolan's Bane|48/444\n|move|p2a: Lands R' Us|Stomping Tantrum|p1b: WAKE ME UP INSIDE\n|-damage|p1b: WAKE ME UP INSIDE|128/339\n|move|p2b: Nolan's Bane|Lunar Blessing|p2b: Nolan's Bane|[spread] p2a,p2b\n|-heal|p2b: Nolan's Bane|159/444\n|\n|-weather|SunnyDay|[upkeep]\n|-heal|p2b: Nolan's Bane|186/444|[from] item: Leftovers\n|upkeep\n|turn|11\n|\n|t:|1701663047\n|switch|p2b: Chi-Chi San|Chien-Pao|301/301\n|-damage|p2b: Chi-Chi San|226/301|[from] Stealth Rock\n|-ability|p2b: Chi-Chi San|Sword of Ruin\n|move|p1a: Yurtle The Turtle|Helping Hand|p1b: WAKE ME UP INSIDE\n|-singleturn|p1b: WAKE ME UP INSIDE|Helping Hand|[of] p1a: Yurtle The Turtle\n|move|p1b: WAKE ME UP INSIDE|Hydro Steam|p2b: Chi-Chi San\n|debug|Boosting from Helping Hand: 1.5\n|debug|Protosynthesis spa boost\n|debug|Sunny Day Hydro Steam boost\n|-damage|p2b: Chi-Chi San|0 fnt\n|faint|p2b: Chi-Chi San\n|move|p2a: Lands R' Us|Stomping Tantrum|p1b: WAKE ME UP INSIDE\n|-damage|p1b: WAKE ME UP INSIDE|0 fnt\n|faint|p1b: WAKE ME UP INSIDE\n|-end|p1b: WAKE ME UP INSIDE|Protosynthesis|[silent]\n|\n|-weather|SunnyDay|[upkeep]\n|upkeep\n|\n|t:|1701663067\n|switch|p2b: Chairman Mao|Incineroar, F|208/394\n|switch|p1b: Fire Orb|Chi-Yu|251/251\n|-damage|p1b: Fire Orb|189/251|[from] Stealth Rock\n|-ability|p1b: Fire Orb|Beads of Ruin\n|-item|p1b: Fire Orb|Air Balloon\n|-damage|p2b: Chairman Mao|110/394|[from] Stealth Rock\n|-ability|p2b: Chairman Mao|Intimidate|boost\n|-unboost|p1a: Yurtle The Turtle|atk|1\n|-unboost|p1b: Fire Orb|atk|1\n|turn|12\n|\n|t:|1701663087\n|move|p1b: Fire Orb|Protect|p1b: Fire Orb\n|-singleturn|p1b: Fire Orb|Protect\n|move|p2b: Chairman Mao|Fake Out|p1b: Fire Orb\n|-activate|p1b: Fire Orb|move: Protect\n|move|p2a: Lands R' Us|Stomping Tantrum|p1b: Fire Orb\n|-activate|p1b: Fire Orb|move: Protect\n|move|p1a: Yurtle The Turtle|Will-O-Wisp|p2a: Lands R' Us\n|-status|p2a: Lands R' Us|brn\n|\n|-weather|SunnyDay|[upkeep]\n|-damage|p2a: Lands R' Us|359/382 brn|[from] brn\n|upkeep\n|turn|13\n|\n|t:|1701663132\n|move|p1a: Yurtle The Turtle|Helping Hand|p1b: Fire Orb\n|-singleturn|p1b: Fire Orb|Helping Hand|[of] p1a: Yurtle The Turtle\n|move|p1b: Fire Orb|Heat Wave|p2b: Chairman Mao|[spread] p2a,p2b\n|debug|Boosting from Helping Hand: 1.5\n|debug|Beads of Ruin SpD drop\n|debug|Spread modifier: 0.75\n|debug|Sunny Day fire boost\n|debug|Boosting from Helping Hand: 1.5\n|debug|Beads of Ruin SpD drop\n|debug|Spread modifier: 0.75\n|debug|Sunny Day fire boost\n|-resisted|p2b: Chairman Mao\n|-damage|p2a: Lands R' Us|0 fnt\n|-damage|p2b: Chairman Mao|0 fnt\n|debug|Covert Cloak prevent secondary\n|faint|p2a: Lands R' Us\n|faint|p2b: Chairman Mao\n|\n|-weather|SunnyDay|[upkeep]\n|upkeep\n|\n|t:|1701663141\n|switch|p2a: Fukushima|Basculegion, M|335/382\n|switch|p2b: Nolan's Bane|Cresselia, F|186/444\n|-damage|p2a: Fukushima|288/382|[from] Stealth Rock\n|-damage|p2b: Nolan's Bane|131/444|[from] Stealth Rock\n|turn|14\n|\n|t:|1701663172\n|move|p1b: Fire Orb|Protect|p1b: Fire Orb\n|-singleturn|p1b: Fire Orb|Protect\n|move|p2a: Fukushima|Last Respects|p1b: Fire Orb\n|-activate|p1b: Fire Orb|move: Protect\n|move|p2b: Nolan's Bane|Lunar Blessing|p2b: Nolan's Bane|[spread] p2a,p2b\n|-heal|p2a: Fukushima|382/382\n|-heal|p2b: Nolan's Bane|242/444\n|move|p1a: Yurtle The Turtle|Heat Wave|p2b: Nolan's Bane|[spread] p2a,p2b\n|debug|Beads of Ruin SpD drop\n|debug|Spread modifier: 0.75\n|debug|Sunny Day fire boost\n|-resisted|p2a: Fukushima\n|debug|Beads of Ruin SpD drop\n|debug|Spread modifier: 0.75\n|debug|Sunny Day fire boost\n|-damage|p2a: Fukushima|283/382\n|-damage|p2b: Nolan's Bane|122/444\n|\n|-weather|SunnyDay|[upkeep]\n|-heal|p2b: Nolan's Bane|149/444|[from] item: Leftovers\n|upkeep\n|turn|15\n|\n|t:|1701663206\n|move|p2a: Fukushima|Last Respects|p1b: Fire Orb\n|-resisted|p1b: Fire Orb\n|-damage|p1b: Fire Orb|0 fnt\n|-enditem|p1b: Fire Orb|Air Balloon\n|faint|p1b: Fire Orb\n|move|p2b: Nolan's Bane|Lunar Blessing|p2b: Nolan's Bane|[spread] p2a,p2b\n|-heal|p2a: Fukushima|378/382\n|-heal|p2b: Nolan's Bane|260/444\n|move|p1a: Yurtle The Turtle|Heat Wave|p2b: Nolan's Bane|[spread] p2a,p2b\n|debug|Spread modifier: 0.75\n|debug|Sunny Day fire boost\n|-resisted|p2a: Fukushima\n|debug|Spread modifier: 0.75\n|debug|Sunny Day fire boost\n|-damage|p2a: Fukushima|315/382\n|-damage|p2b: Nolan's Bane|161/444\n|\n|-weather|SunnyDay|[upkeep]\n|-heal|p2b: Nolan's Bane|188/444|[from] item: Leftovers\n|upkeep\n|\n|t:|1701663236\n|switch|p1b: Iron Bundle of Joy|Iron Bundle|253/253\n|-damage|p1b: Iron Bundle of Joy|190/253|[from] Stealth Rock\n|turn|16\n|\n|t:|1701663256\n|move|p2a: Fukushima|Last Respects|p1b: Iron Bundle of Joy\n|-damage|p1b: Iron Bundle of Joy|0 fnt\n|faint|p1b: Iron Bundle of Joy\n|-end|p1b: Iron Bundle of Joy|Quark Drive|[silent]\n|move|p2b: Nolan's Bane|Calm Mind|p2b: Nolan's Bane\n|-boost|p2b: Nolan's Bane|spa|1\n|-boost|p2b: Nolan's Bane|spd|1\n|move|p1a: Yurtle The Turtle|Heat Wave|p2a: Fukushima|[spread] p2a,p2b\n|debug|Spread modifier: 0.75\n|debug|Sunny Day fire boost\n|-resisted|p2a: Fukushima\n|debug|Spread modifier: 0.75\n|debug|Sunny Day fire boost\n|-damage|p2a: Fukushima|244/382\n|-damage|p2b: Nolan's Bane|128/444\n|\n|-weather|SunnyDay|[upkeep]\n|-heal|p2b: Nolan's Bane|155/444|[from] item: Leftovers\n|upkeep\n|\n|t:|1701663269\n|switch|p1b: Heater Pan|Heatran, F|323/323\n|-damage|p1b: Heater Pan|283/323|[from] Stealth Rock\n|turn|17\n|c|☆smokeydabearrr|ugh\n|\n|t:|1701663295\n|move|p1a: Yurtle The Turtle|Helping Hand|p1b: Heater Pan\n|-singleturn|p1b: Heater Pan|Helping Hand|[of] p1a: Yurtle The Turtle\n|move|p2a: Fukushima|Last Respects|p1b: Heater Pan\n|-damage|p1b: Heater Pan|0 fnt\n|faint|p1b: Heater Pan\n|move|p2b: Nolan's Bane|Lunar Blessing|p2b: Nolan's Bane|[spread] p2a,p2b\n|-heal|p2a: Fukushima|339/382\n|-heal|p2b: Nolan's Bane|266/444\n|\n|-weather|none\n|-heal|p2b: Nolan's Bane|293/444|[from] item: Leftovers\n|upkeep\n|turn|18\n|c|☆smokeydabearrr|gg :(\n|c|☆je64|im so sorry\n|c|☆je64|gg man that was close\n|\n|t:|1701663337\n|move|p2a: Fukushima|Last Respects|p1a: Yurtle The Turtle\n|-damage|p1a: Yurtle The Turtle|0 fnt\n|faint|p1a: Yurtle The Turtle\n|\n|win|je64\n|c| Mister Moscow|that was really close\n|c| Mister Moscow|gg everyone\n|l|☆smokeydabearrr\n","uploadtime":1701663343,"views":"28","formatid":"gen9doublescustomgame","rating":null,"private":0,"password":null}