{"id":"gen9doublescustomgame-2294666612","format":"[Gen 9] Doubles Custom Game","players":["Mango Meloetta","mistermoscow"],"log":"|j|☆Mango Meloetta\n|j|☆mistermoscow\n|t:|1738728448\n|gametype|doubles\n|player|p1|Mango Meloetta|li|\n|player|p2|mistermoscow|alder|\n|teamsize|p1|6\n|teamsize|p2|6\n|gen|9\n|tier|[Gen 9] Doubles Custom Game\n|clearpoke\n|poke|p1|Snorlax, M|\n|poke|p1|Parasect, M|\n|poke|p1|Persian, M|\n|poke|p1|Drowzee, F|\n|poke|p1|Pinsir, M|\n|poke|p1|Electabuzz, M|\n|poke|p2|Nidoking, M|\n|poke|p2|Poliwrath, M|\n|poke|p2|Victreebel, M|\n|poke|p2|Dewgong, M|\n|poke|p2|Gengar, F|\n|poke|p2|Dragonite, M|\n|teampreview\n|\n|t:|1738728483\n|start\n|switch|p1a: Persian|Persian, M|271/271\n|switch|p1b: Drowzee|Drowzee, F|324/324\n|switch|p2a: Victor|Victreebel, M|364/364\n|switch|p2b: Puff Daddy|Dragonite, M|323/323\n|turn|1\n|\n|t:|1738728535\n|move|p1a: Persian|Fake Out|p2b: Puff Daddy\n|debug|Multiscale weaken\n|-damage|p2b: Puff Daddy|300/323\n|cant|p2b: Puff Daddy|flinch\n|move|p2a: Victor|Sleep Powder|p1b: Drowzee\n|-immune|p1b: Drowzee|[from] ability: Insomnia\n|debug|set status [slp] interrupted\n|debug|move failed because it did nothing\n|move|p1b: Drowzee|Dazzling Gleam|p2b: Puff Daddy|[spread] p2a,p2b\n|debug|Spread modifier: 0.75\n|-resisted|p2a: Victor\n|debug|Spread modifier: 0.75\n|-supereffective|p2b: Puff Daddy\n|-damage|p2a: Victor|324/364\n|-damage|p2b: Puff Daddy|180/323\n|\n|upkeep\n|turn|2\n|\n|t:|1738728553\n|move|p1a: Persian|Play Rough|p2b: Puff Daddy\n|-supereffective|p2b: Puff Daddy\n|-damage|p2b: Puff Daddy|28/323\n|move|p2b: Puff Daddy|Dragon Claw|p1b: Drowzee\n|-damage|p1b: Drowzee|11/324\n|move|p2a: Victor|Sleep Powder|p1a: Persian\n|-status|p1a: Persian|slp|[from] move: Sleep Powder\n|move|p1b: Drowzee|Dazzling Gleam|p2b: Puff Daddy|[spread] p2a,p2b\n|debug|Spread modifier: 0.75\n|-resisted|p2a: Victor\n|-crit|p2a: Victor\n|debug|Spread modifier: 0.75\n|-supereffective|p2b: Puff Daddy\n|-damage|p2a: Victor|268/364\n|-damage|p2b: Puff Daddy|0 fnt\n|faint|p2b: Puff Daddy\n|\n|upkeep\n|\n|t:|1738728572\n|switch|p2b: King Nido|Nidoking, M|304/304\n|turn|3\n|\n|t:|1738728584\n|move|p2a: Victor|Protect|p2a: Victor\n|-singleturn|p2a: Victor|Protect\n|move|p2b: King Nido|Sludge Wave|p1a: Persian|[spread] p1a,p1b\n|-activate|p2a: Victor|move: Protect\n|debug|Spread modifier: 0.75\n|debug|Spread modifier: 0.75\n|-damage|p1a: Persian|84/271 slp\n|-damage|p1b: Drowzee|0 fnt\n|faint|p1b: Drowzee\n|cant|p1a: Persian|slp\n|\n|upkeep\n|\n|t:|1738728591\n|switch|p1b: Parasect|Parasect, M|324/324\n|turn|4\n|\n|t:|1738728603\n|switch|p2a: Gang Gang|Gengar, F|262/262\n|move|p2b: King Nido|Sludge Wave|p1a: Persian|[spread] p2a,p1a,p1b\n|debug|Spread modifier: 0.75\n|-resisted|p2a: Gang Gang\n|debug|Spread modifier: 0.75\n|debug|Spread modifier: 0.75\n|-supereffective|p1b: Parasect\n|-damage|p2a: Gang Gang|221/262\n|-damage|p1a: Persian|0 fnt\n|-damage|p1b: Parasect|48/324\n|faint|p1a: Persian\n|move|p1b: Parasect|Leech Seed|p2b: King Nido\n|-start|p2b: King Nido|move: Leech Seed\n|\n|-heal|p1b: Parasect|68/324|[from] item: Leftovers\n|-damage|p2b: King Nido|266/304|[from] Leech Seed|[of] p1b: Parasect\n|-heal|p1b: Parasect|106/324|[silent]\n|upkeep\n|\n|t:|1738728617\n|switch|p1a: Snorlax|Snorlax, M|524/524\n|turn|5\n|\n|t:|1738728634\n|move|p2b: King Nido|Sludge Wave|p1b: Parasect|[spread] p2a,p1a,p1b\n|debug|Spread modifier: 0.75\n|-resisted|p2a: Gang Gang\n|debug|Spread modifier: 0.75\n|debug|Spread modifier: 0.75\n|-supereffective|p1b: Parasect\n|-damage|p2a: Gang Gang|181/262\n|-damage|p1a: Snorlax|428/524\n|-damage|p1b: Parasect|0 fnt\n|faint|p1b: Parasect\n|move|p2a: Gang Gang|Dazzling Gleam|p1a: Snorlax\n|-damage|p1a: Snorlax|352/524\n|move|p1a: Snorlax|Power-Up Punch|p2b: King Nido\n|-resisted|p2b: King Nido\n|-damage|p2b: King Nido|245/304\n|-boost|p1a: Snorlax|atk|1\n|\n|debug|Nothing to leech into\n|upkeep\n|\n|t:|1738728649\n|switch|p1b: Pinsir|Pinsir, M|271/271\n|turn|6\n|\n|t:|1738728665\n|move|p2b: King Nido|Sludge Wave|p1b: Pinsir|[spread] p2a,p1a,p1b\n|debug|Spread modifier: 0.75\n|-resisted|p2a: Gang Gang\n|debug|Spread modifier: 0.75\n|debug|Spread modifier: 0.75\n|-damage|p2a: Gang Gang|136/262\n|-damage|p1a: Snorlax|259/524\n|-damage|p1b: Pinsir|81/271\n|-enditem|p1a: Snorlax|Aguav Berry|[eat]\n|-heal|p1a: Snorlax|433/524|[from] item: Aguav Berry\n|move|p2a: Gang Gang|Icy Wind|p1b: Pinsir|[spread] p1a,p1b\n|debug|Spread modifier: 0.75\n|debug|Spread modifier: 0.75\n|-damage|p1a: Snorlax|398/524\n|-damage|p1b: Pinsir|15/271\n|-unboost|p1a: Snorlax|spe|1\n|-unboost|p1b: Pinsir|spe|1\n|move|p1b: Pinsir|X-Scissor|p2b: King Nido\n|-resisted|p2b: King Nido\n|-damage|p2b: King Nido|110/304\n|move|p1a: Snorlax|Power-Up Punch|p2b: King Nido\n|-resisted|p2b: King Nido\n|-damage|p2b: King Nido|80/304\n|-boost|p1a: Snorlax|atk|1\n|\n|-damage|p2b: King Nido|42/304|[from] Leech Seed|[of] p1b: Pinsir\n|-heal|p1b: Pinsir|53/271|[silent]\n|upkeep\n|turn|7\n|\n|t:|1738728695\n|move|p2a: Gang Gang|Protect|p2a: Gang Gang\n|-singleturn|p2a: Gang Gang|Protect\n|move|p2b: King Nido|Sludge Wave|p1a: Snorlax|[spread] p1a,p1b\n|-activate|p2a: Gang Gang|move: Protect\n|debug|Spread modifier: 0.75\n|debug|Spread modifier: 0.75\n|-damage|p1a: Snorlax|302/524\n|-damage|p1b: Pinsir|0 fnt\n|faint|p1b: Pinsir\n|move|p1a: Snorlax|Covet|p2b: King Nido\n|-damage|p2b: King Nido|0 fnt\n|-item|p1a: Snorlax|Choice Scarf|[from] move: Covet|[of] p2b: King Nido\n|faint|p2b: King Nido\n|\n|upkeep\n|\n|t:|1738728715\n|switch|p1b: Electabuzz|Electabuzz, M|271/271\n|switch|p2b: Polly|Poliwrath, M|321/321\n|turn|8\n|\n|t:|1738728731\n|move|p2a: Gang Gang|Icy Wind|p1a: Snorlax|[spread] p1a\n|-miss|p2a: Gang Gang|p1b: Electabuzz\n|debug|Spread modifier: 0.75\n|-damage|p1a: Snorlax|268/524\n|-unboost|p1a: Snorlax|spe|1\n|move|p1b: Electabuzz|Knock Off|p2a: Gang Gang\n|-supereffective|p2a: Gang Gang\n|-damage|p2a: Gang Gang|0 fnt\n|-enditem|p2a: Gang Gang|Focus Sash|[from] move: Knock Off|[of] p1b: Electabuzz\n|faint|p2a: Gang Gang\n|move|p2b: Polly|Drain Punch|p1a: Snorlax\n|-supereffective|p1a: Snorlax\n|-damage|p1a: Snorlax|0 fnt\n|faint|p1a: Snorlax\n|\n|upkeep\n|\n|t:|1738728749\n|switch|p2a: Victor|Victreebel, M|268/364\n|turn|9\n|\n|t:|1738728760\n|move|p1b: Electabuzz|Protect|p1b: Electabuzz\n|-singleturn|p1b: Electabuzz|Protect\n|move|p2b: Polly|Rock Slide|p1b: Electabuzz\n|-activate|p1b: Electabuzz|move: Protect\n|move|p2a: Victor|Sleep Powder|p1b: Electabuzz\n|-activate|p1b: Electabuzz|move: Protect\n|\n|upkeep\n|turn|10\n|\n|t:|1738728769\n|move|p1b: Electabuzz|Thunder Punch|p2b: Polly\n|-supereffective|p2b: Polly\n|-damage|p2b: Polly|117/321\n|debug|Covert Cloak prevent secondary\n|move|p2b: Polly|Rock Slide|p1b: Electabuzz\n|-damage|p1b: Electabuzz|143/271\n|move|p2a: Victor|Sleep Powder|p1b: Electabuzz|[miss]\n|-miss|p2a: Victor|p1b: Electabuzz\n|\n|upkeep\n|turn|11\n|\n|t:|1738728783\n|move|p2a: Victor|Sucker Punch|p1b: Electabuzz\n|-damage|p1b: Electabuzz|23/271\n|-status|p2a: Victor|par|[from] ability: Static|[of] p1b: Electabuzz\n|-enditem|p2a: Victor|Lum Berry|[eat]\n|-curestatus|p2a: Victor|par|[msg]\n|move|p1b: Electabuzz|Thunder Punch|p2b: Polly\n|-supereffective|p2b: Polly\n|-damage|p2b: Polly|0 fnt\n|debug|Covert Cloak prevent secondary\n|faint|p2b: Polly\n|\n|upkeep\n|\n|t:|1738728792\n|switch|p2b: Dewey|Dewgong, M|384/384\n|turn|12\n|\n|t:|1738728798\n|move|p2b: Dewey|Ice Shard|p1b: Electabuzz\n|-damage|p1b: Electabuzz|0 fnt\n|faint|p1b: Electabuzz\n|\n|win|mistermoscow\n|c|☆mistermoscow|gg\n|c|☆Mango Meloetta|oh shit gg haha\n|c|☆Mango Meloetta|i'll upload this one\n","uploadtime":1738728804,"views":"26","formatid":"gen9doublescustomgame","rating":null,"private":0,"password":null}