{"id":"gen9doublescustomgame-2344425066","format":"[Gen 9] Doubles Custom Game","players":["mistermoscow","je64"],"log":"|j|☆mistermoscow\n|j|☆je64\n|t:|1744847751\n|gametype|doubles\n|player|p1|mistermoscow|alder|\n|player|p2|je64|2|\n|teamsize|p1|6\n|teamsize|p2|6\n|gen|9\n|tier|[Gen 9] Doubles Custom Game\n|clearpoke\n|poke|p1|Nidoking, M|\n|poke|p1|Primeape, M|\n|poke|p1|Exeggutor, M|\n|poke|p1|Mr. Mime, M|\n|poke|p1|Jolteon, M|\n|poke|p1|Dragonite, M|\n|poke|p2|Golbat, M|\n|poke|p2|Chansey, F|\n|poke|p2|Exeggutor, F|\n|poke|p2|Gengar, M|\n|poke|p2|Rhydon, M|\n|poke|p2|Dewgong, F|\n|teampreview\n|\n|t:|1744847803\n|start\n|switch|p1a: Apollo|Primeape, M|271/271\n|switch|p1b: Mimsy|Mr. Mime, M|284/284\n|switch|p2a: Gengar|Gengar, M|261/261\n|switch|p2b: Dude Thong|Dewgong, F|384/384\n|turn|1\n|\n|t:|1744847824\n|move|p2b: Dude Thong|Fake Out|p1b: Mimsy\n|-crit|p1b: Mimsy\n|-damage|p1b: Mimsy|245/284\n|move|p1a: Apollo|Bulk Up|p1a: Apollo\n|-boost|p1a: Apollo|atk|1\n|-boost|p1a: Apollo|def|1\n|cant|p1b: Mimsy|flinch\n|move|p2a: Gengar|Trick Room|p2a: Gengar\n|-fieldstart|move: Trick Room|[of] p2a: Gengar\n|\n|-heal|p1b: Mimsy|262/284|[from] item: Leftovers\n|upkeep\n|turn|2\n|\n|t:|1744847854\n|switch|p1b: King Nido|Nidoking, M|303/303\n|move|p2b: Dude Thong|Flip Turn|p1b: King Nido\n|-supereffective|p1b: King Nido\n|-damage|p1b: King Nido|177/303\n|\n|t:|1744847860\n|switch|p2b: Exeggutor|Exeggutor, F|331/331|[from] Flip Turn\n|move|p1a: Apollo|Bulk Up|p1a: Apollo\n|-boost|p1a: Apollo|atk|1\n|-boost|p1a: Apollo|def|1\n|move|p2a: Gengar|Sludge Bomb|p1a: Apollo\n|-damage|p1a: Apollo|178/271\n|\n|upkeep\n|turn|3\n|\n|t:|1744847886\n|move|p2b: Exeggutor|Expanding Force|p1b: King Nido\n|-supereffective|p1b: King Nido\n|-damage|p1b: King Nido|0 fnt\n|faint|p1b: King Nido\n|move|p1a: Apollo|Rage Fist|p2b: Exeggutor\n|-supereffective|p2b: Exeggutor\n|-damage|p2b: Exeggutor|0 fnt\n|faint|p2b: Exeggutor\n|move|p2a: Gengar|Sludge Bomb|p1a: Apollo\n|-damage|p1a: Apollo|94/271\n|\n|upkeep\n|\n|t:|1744847911\n|switch|p2b: La Don|Rhydon, M|351/351\n|switch|p1b: Puff Daddy|Dragonite, M|355/355\n|turn|4\n|\n|t:|1744847921\n|move|p2b: La Don|Rock Slide|p1b: Puff Daddy|[spread] p1a,p1b\n|debug|Spread modifier: 0.75\n|-resisted|p1a: Apollo\n|debug|Spread modifier: 0.75\n|-supereffective|p1b: Puff Daddy\n|debug|Multiscale weaken\n|-damage|p1a: Apollo|67/271\n|-damage|p1b: Puff Daddy|232/355\n|cant|p1a: Apollo|flinch\n|cant|p1b: Puff Daddy|flinch\n|move|p2a: Gengar|Sludge Bomb|p1a: Apollo\n|-damage|p1a: Apollo|0 fnt\n|faint|p1a: Apollo\n|\n|upkeep\n|\n|t:|1744847939\n|switch|p1a: Mimsy|Mr. Mime, M|262/284\n|turn|5\n|\n|t:|1744847945\n|move|p2b: La Don|Rock Slide|p1a: Mimsy|[spread] p1b\n|-miss|p2b: La Don|p1a: Mimsy\n|debug|Spread modifier: 0.75\n|-supereffective|p1b: Puff Daddy\n|-crit|p1b: Puff Daddy\n|-damage|p1b: Puff Daddy|0 fnt\n|faint|p1b: Puff Daddy\n|move|p1a: Mimsy|Psychic Terrain|p1a: Mimsy\n|-fieldstart|move: Psychic Terrain\n|move|p2a: Gengar|Sludge Bomb|p1a: Mimsy\n|-supereffective|p1a: Mimsy\n|debug|Filter neutralize\n|-damage|p1a: Mimsy|99/284\n|-status|p1a: Mimsy|psn\n|\n|-heal|p1a: Mimsy|116/284 psn|[from] item: Leftovers\n|-damage|p1a: Mimsy|81/284 psn|[from] psn\n|-fieldend|move: Trick Room\n|upkeep\n|\n|t:|1744847993\n|switch|p1b: Eggman|Exeggutor, M|332/332\n|turn|6\n|\n|t:|1744848007\n|move|p1b: Eggman|Protect|p1b: Eggman\n|-singleturn|p1b: Eggman|Protect\n|move|p2a: Gengar|Sludge Bomb|p1b: Eggman\n|-activate|p1b: Eggman|move: Protect\n|move|p1a: Mimsy|Sunny Day|p1a: Mimsy\n|-weather|SunnyDay\n|move|p2b: La Don|Heat Crash|p1b: Eggman\n|-activate|p1b: Eggman|move: Protect\n|\n|-weather|SunnyDay|[upkeep]\n|-heal|p1a: Mimsy|98/284 psn|[from] item: Leftovers\n|-damage|p1a: Mimsy|63/284 psn|[from] psn\n|upkeep\n|turn|7\n|\n|t:|1744848039\n|switch|p2a: Joys hot assistnt|Chansey, F|704/704\n|move|p1b: Eggman|Expanding Force|p2a: Joys hot assistnt|[spread] p2a,p2b\n|debug|psychic terrain boost\n|debug|terrain buff\n|debug|Spread modifier: 0.75\n|debug|psychic terrain boost\n|debug|terrain buff\n|debug|Spread modifier: 0.75\n|-damage|p2a: Joys hot assistnt|512/704\n|-damage|p2b: La Don|120/351\n|-damage|p1b: Eggman|299/332|[from] item: Life Orb\n|move|p1a: Mimsy|Expanding Force|p2a: Joys hot assistnt|[spread] p2a,p2b\n|debug|psychic terrain boost\n|debug|terrain buff\n|debug|Spread modifier: 0.75\n|debug|psychic terrain boost\n|debug|terrain buff\n|debug|Spread modifier: 0.75\n|-damage|p2a: Joys hot assistnt|415/704\n|-damage|p2b: La Don|0 fnt\n|faint|p2b: La Don\n|\n|-weather|SunnyDay|[upkeep]\n|-heal|p1a: Mimsy|80/284 psn|[from] item: Leftovers\n|-damage|p1a: Mimsy|45/284 psn|[from] psn\n|upkeep\n|\n|t:|1744848064\n|switch|p2b: Dude Thong|Dewgong, F|384/384\n|turn|8\n|\n|t:|1744848115\n|move|p1b: Eggman|Expanding Force|p2b: Dude Thong|[spread] p2a,p2b\n|debug|psychic terrain boost\n|debug|terrain buff\n|debug|Spread modifier: 0.75\n|debug|psychic terrain boost\n|debug|terrain buff\n|debug|Spread modifier: 0.75\n|-damage|p2a: Joys hot assistnt|215/704\n|-damage|p2b: Dude Thong|197/384\n|-damage|p1b: Eggman|266/332|[from] item: Life Orb\n|move|p1a: Mimsy|Expanding Force|p2a: Joys hot assistnt|[spread] p2a,p2b\n|debug|psychic terrain boost\n|debug|terrain buff\n|debug|Spread modifier: 0.75\n|debug|psychic terrain boost\n|debug|terrain buff\n|debug|Spread modifier: 0.75\n|-damage|p2a: Joys hot assistnt|110/704\n|-damage|p2b: Dude Thong|89/384\n|move|p2b: Dude Thong|Knock Off|p1a: Mimsy\n|-damage|p1a: Mimsy|0 fnt\n|-enditem|p1a: Mimsy|Leftovers|[from] move: Knock Off|[of] p2b: Dude Thong\n|faint|p1a: Mimsy\n|move|p2a: Joys hot assistnt|Toxic|p1b: Eggman\n|-status|p1b: Eggman|tox\n|\n|-weather|SunnyDay|[upkeep]\n|-damage|p1b: Eggman|246/332 tox|[from] psn\n|upkeep\n|\n|t:|1744848129\n|switch|p1a: Sparky|Jolteon, M|272/272\n|turn|9\n|\n|t:|1744848158\n|move|p1b: Eggman|Giga Drain|p2b: Dude Thong\n|-supereffective|p2b: Dude Thong\n|-crit|p2b: Dude Thong\n|-damage|p2b: Dude Thong|0 fnt\n|-heal|p1b: Eggman|291/332 tox|[from] drain|[of] p2b: Dude Thong\n|faint|p2b: Dude Thong\n|-damage|p1b: Eggman|258/332 tox|[from] item: Life Orb\n|debug|BP: 100\n|move|p1a: Sparky|Weather Ball|p2a: Joys hot assistnt\n|debug|Sunny Day fire boost\n|-damage|p2a: Joys hot assistnt|8/704\n|move|p2a: Joys hot assistnt|Soft-Boiled|p2a: Joys hot assistnt\n|-heal|p2a: Joys hot assistnt|360/704\n|\n|-weather|SunnyDay|[upkeep]\n|-damage|p1b: Eggman|218/332 tox|[from] psn\n|-fieldend|move: Psychic Terrain\n|upkeep\n|\n|t:|1744848227\n|switch|p2b: Ms. Peters|Golbat, M|354/354\n|turn|10\n|\n|t:|1744848259\n|move|p1b: Eggman|Expanding Force|p2b: Ms. Peters\n|-supereffective|p2b: Ms. Peters\n|-damage|p2b: Ms. Peters|81/354\n|-damage|p1b: Eggman|185/332 tox|[from] item: Life Orb\n|move|p1a: Sparky|Electroweb|p2b: Ms. Peters|[spread] p2a,p2b\n|debug|Spread modifier: 0.75\n|debug|Spread modifier: 0.75\n|-supereffective|p2b: Ms. Peters\n|-damage|p2a: Joys hot assistnt|315/704\n|-damage|p2b: Ms. Peters|0 fnt\n|-unboost|p2a: Joys hot assistnt|spe|1\n|faint|p2b: Ms. Peters\n|move|p2a: Joys hot assistnt|Soft-Boiled|p2a: Joys hot assistnt\n|-heal|p2a: Joys hot assistnt|667/704\n|\n|-weather|none\n|-damage|p1b: Eggman|125/332 tox|[from] psn\n|upkeep\n|\n|t:|1744848273\n|switch|p2b: Gengar|Gengar, M|261/261\n|turn|11\n|\n|t:|1744848316\n|move|p1a: Sparky|Electroweb|p2a: Joys hot assistnt|[spread] p2a,p2b\n|debug|Spread modifier: 0.75\n|debug|Spread modifier: 0.75\n|-damage|p2a: Joys hot assistnt|624/704\n|-damage|p2b: Gengar|198/261\n|-unboost|p2a: Joys hot assistnt|spe|1\n|-unboost|p2b: Gengar|spe|1\n|-start|p1a: Sparky|Disable|Electroweb|[from] ability: Cursed Body|[of] p2b: Gengar\n|move|p1b: Eggman|Expanding Force|p2b: Gengar\n|-supereffective|p2b: Gengar\n|-damage|p2b: Gengar|0 fnt\n|-start|p1b: Eggman|Disable|Expanding Force|[from] ability: Cursed Body|[of] p2b: Gengar\n|faint|p2b: Gengar\n|-damage|p1b: Eggman|92/332 tox|[from] item: Life Orb\n|move|p2a: Joys hot assistnt|Toxic|p1a: Sparky\n|-status|p1a: Sparky|tox\n|\n|-damage|p1a: Sparky|255/272 tox|[from] psn\n|-damage|p1b: Eggman|12/332 tox|[from] psn\n|upkeep\n|turn|12\n|\n|t:|1744848343\n|move|p1a: Sparky|Sunny Day|p1a: Sparky\n|-weather|SunnyDay\n|move|p1b: Eggman|Solar Beam||[still]\n|-prepare|p1b: Eggman|Solar Beam\n|-anim|p1b: Eggman|Solar Beam|p2a: Joys hot assistnt\n|-damage|p2a: Joys hot assistnt|425/704\n|-damage|p1b: Eggman|0 fnt|[from] item: Life Orb\n|faint|p1b: Eggman\n|move|p2a: Joys hot assistnt|Soft-Boiled|p2a: Joys hot assistnt\n|-heal|p2a: Joys hot assistnt|704/704\n|\n|-weather|SunnyDay|[upkeep]\n|-damage|p1a: Sparky|221/272 tox|[from] psn\n|upkeep\n|turn|13\n|\n|t:|1744848358\n|debug|BP: 100\n|move|p1a: Sparky|Weather Ball|p2a: Joys hot assistnt\n|debug|Sunny Day fire boost\n|-damage|p2a: Joys hot assistnt|599/704\n|move|p2a: Joys hot assistnt|Seismic Toss|p1a: Sparky\n|-damage|p1a: Sparky|121/272 tox\n|\n|-weather|SunnyDay|[upkeep]\n|-damage|p1a: Sparky|70/272 tox|[from] psn\n|upkeep\n|turn|14\n|\n|t:|1744848373\n|debug|BP: 100\n|move|p1a: Sparky|Weather Ball|p2a: Joys hot assistnt\n|debug|Sunny Day fire boost\n|-damage|p2a: Joys hot assistnt|498/704\n|move|p2a: Joys hot assistnt|Seismic Toss|p1a: Sparky\n|-damage|p1a: Sparky|0 fnt\n|faint|p1a: Sparky\n|\n|win|je64\n","uploadtime":1744848380,"views":"27","formatid":"gen9doublescustomgame","rating":null,"private":0,"password":null}