{"id":"gen9doublescustomgame-2277535891","format":"[Gen 9] Doubles Custom Game","players":["mistermoscow","je64"],"log":"|j|☆mistermoscow\n|j|☆je64\n|t:|1736377141\n|gametype|doubles\n|player|p1|mistermoscow|alder|\n|player|p2|je64|265|\n|teamsize|p1|6\n|teamsize|p2|6\n|gen|9\n|tier|[Gen 9] Doubles Custom Game\n|clearpoke\n|poke|p1|Butterfree, F|\n|poke|p1|Fearow, M|\n|poke|p1|Clefairy, M|\n|poke|p1|Poliwrath, F|\n|poke|p1|Victreebel, M|\n|poke|p1|Snorlax, M|\n|poke|p2|Hitmonchan, M|\n|poke|p2|Gyarados, M|\n|poke|p2|Magmar, M|\n|poke|p2|Electabuzz, F|\n|poke|p2|Articuno|\n|poke|p2|Kadabra, F|\n|teampreview\n|\n|t:|1736377206\n|start\n|switch|p1a: Clifford|Clefairy, M|344/344\n|switch|p1b: Victor|Victreebel, M|333/333\n|switch|p2a: Articu-no-hit-me|Articuno|384/384\n|switch|p2b: K.Dot|Kadabra, F|221/221\n|turn|1\n|\n|t:|1736377232\n|switch|p2b: Jackie|Hitmonchan, M|242/242\n|move|p1b: Victor|Protect|p1b: Victor\n|-singleturn|p1b: Victor|Protect\n|move|p2a: Articu-no-hit-me|Snowscape|p2a: Articu-no-hit-me\n|-weather|Snow\n|move|p1a: Clifford|Minimize|p1a: Clifford\n|-boost|p1a: Clifford|evasion|2\n|\n|-weather|Snow|[upkeep]\n|upkeep\n|turn|2\n|\n|t:|1736377258\n|switch|p1b: Polly|Poliwrath, F|384/384\n|move|p2b: Jackie|Fake Out|p1a: Clifford|[miss]\n|-miss|p2b: Jackie|p1a: Clifford\n|move|p2a: Articu-no-hit-me|Blizzard|p1b: Polly|[spread] p1a,p1b\n|debug|Spread modifier: 0.75\n|debug|Spread modifier: 0.75\n|-resisted|p1b: Polly\n|debug|Friend Guard weaken\n|-damage|p1a: Clifford|269/344\n|-damage|p1b: Polly|346/384\n|move|p1a: Clifford|Calm Mind|p1a: Clifford\n|-boost|p1a: Clifford|spa|1\n|-boost|p1a: Clifford|spd|1\n|\n|-weather|Snow|[upkeep]\n|upkeep\n|turn|3\n|\n|t:|1736377302\n|switch|p2b: Buzz Lightyear|Electabuzz, F|271/271\n|move|p2a: Articu-no-hit-me|Sheer Cold|p1b: Polly|[miss]\n|-miss|p2a: Articu-no-hit-me|p1b: Polly\n|move|p1b: Polly|Coaching|p1a: Clifford\n|-boost|p1a: Clifford|atk|1\n|-boost|p1a: Clifford|def|1\n|move|p1a: Clifford|Stored Power|p2b: Buzz Lightyear\n|debug|BP: 140\n|-damage|p2b: Buzz Lightyear|147/271\n|\n|-weather|Snow|[upkeep]\n|upkeep\n|turn|4\n|\n|t:|1736377366\n|switch|p1b: Snax|Snorlax, M|461/461\n|move|p2b: Buzz Lightyear|Thunderbolt|p1b: Snax\n|debug|Friend Guard weaken\n|-damage|p1b: Snax|352/461\n|move|p2a: Articu-no-hit-me|Blizzard|p1b: Snax|[spread] p1a,p1b\n|debug|Spread modifier: 0.75\n|debug|Spread modifier: 0.75\n|debug|Friend Guard weaken\n|-damage|p1a: Clifford|218/344\n|-damage|p1b: Snax|293/461\n|move|p1a: Clifford|Calm Mind|p1a: Clifford\n|-boost|p1a: Clifford|spa|1\n|-boost|p1a: Clifford|spd|1\n|\n|-weather|Snow|[upkeep]\n|-heal|p1b: Snax|321/461|[from] item: Leftovers\n|upkeep\n|turn|5\n|\n|t:|1736377392\n|move|p1b: Snax|Protect|p1b: Snax\n|-singleturn|p1b: Snax|Protect\n|move|p2b: Buzz Lightyear|Volt Switch|p1b: Snax\n|-activate|p1b: Snax|move: Protect\n|move|p2a: Articu-no-hit-me|Blizzard|p1b: Snax|[spread] p1a\n|-activate|p1b: Snax|move: Protect\n|debug|Spread modifier: 0.75\n|-damage|p1a: Clifford|179/344\n|move|p1a: Clifford|Stored Power|p2a: Articu-no-hit-me\n|debug|Snow Cloak - decreasing accuracy\n|debug|BP: 180\n|-damage|p2a: Articu-no-hit-me|243/384\n|\n|-weather|none\n|-heal|p2a: Articu-no-hit-me|267/384|[from] item: Leftovers\n|-heal|p1b: Snax|349/461|[from] item: Leftovers\n|upkeep\n|turn|6\n|\n|t:|1736377426\n|move|p2b: Buzz Lightyear|Volt Switch|p1b: Snax\n|debug|Friend Guard weaken\n|-damage|p1b: Snax|261/461\n|\n|t:|1736377442\n|switch|p2b: K.Dot|Kadabra, F|221/221|[from] Volt Switch\n|move|p2a: Articu-no-hit-me|Snowscape|p2a: Articu-no-hit-me\n|-weather|Snow\n|move|p1a: Clifford|Stored Power|p2a: Articu-no-hit-me\n|debug|Snow Cloak - decreasing accuracy\n|debug|BP: 180\n|-damage|p2a: Articu-no-hit-me|132/384\n|move|p1b: Snax|Double-Edge|p2a: Articu-no-hit-me\n|debug|Snow Cloak - decreasing accuracy\n|-damage|p2a: Articu-no-hit-me|6/384\n|-damage|p1b: Snax|219/461|[from] Recoil\n|\n|-weather|Snow|[upkeep]\n|-heal|p2a: Articu-no-hit-me|30/384|[from] item: Leftovers\n|-heal|p1b: Snax|247/461|[from] item: Leftovers\n|upkeep\n|turn|7\n|\n|t:|1736377479\n|move|p1a: Clifford|Follow Me|p1a: Clifford\n|-singleturn|p1a: Clifford|move: Follow Me\n|move|p2b: K.Dot|Psychic|p1a: Clifford\n|debug|Follow Me redirected target of move\n|-damage|p1a: Clifford|96/344\n|debug|damage event failed\n|move|p2a: Articu-no-hit-me|Blizzard|p1a: Clifford|[spread] p1a,p1b\n|debug|Spread modifier: 0.75\n|debug|Spread modifier: 0.75\n|debug|Friend Guard weaken\n|-damage|p1a: Clifford|60/344\n|-damage|p1b: Snax|177/461\n|move|p1b: Snax|Darkest Lariat|p2b: K.Dot\n|debug|Negating (sp)def boost/penalty.\n|-supereffective|p2b: K.Dot\n|-damage|p2b: K.Dot|0 fnt\n|faint|p2b: K.Dot\n|\n|-weather|Snow|[upkeep]\n|-heal|p2a: Articu-no-hit-me|54/384|[from] item: Leftovers\n|-heal|p1b: Snax|205/461|[from] item: Leftovers\n|upkeep\n|\n|t:|1736377493\n|switch|p2b: Jackie|Hitmonchan, M|242/242\n|turn|8\n|\n|t:|1736377501\n|move|p1b: Snax|Protect|p1b: Snax\n|-singleturn|p1b: Snax|Protect\n|move|p2b: Jackie|Fake Out|p1b: Snax\n|-activate|p1b: Snax|move: Protect\n|move|p2a: Articu-no-hit-me|Blizzard|p1a: Clifford|[spread] p1a\n|-activate|p1b: Snax|move: Protect\n|debug|Spread modifier: 0.75\n|-damage|p1a: Clifford|26/344\n|move|p1a: Clifford|Stored Power|p2a: Articu-no-hit-me\n|debug|Snow Cloak - decreasing accuracy\n|debug|BP: 180\n|-damage|p2a: Articu-no-hit-me|0 fnt\n|faint|p2a: Articu-no-hit-me\n|\n|-weather|Snow|[upkeep]\n|-heal|p1b: Snax|233/461|[from] item: Leftovers\n|upkeep\n|\n|t:|1736377518\n|switch|p2a: Myagmar|Magmar, M|271/271\n|turn|9\n|\n|t:|1736377548\n|move|p1a: Clifford|Follow Me|p1a: Clifford\n|-singleturn|p1a: Clifford|move: Follow Me\n|move|p2a: Myagmar|Heat Wave|p1b: Snax|[spread] p1b\n|-miss|p2a: Myagmar|p1a: Clifford\n|debug|Spread modifier: 0.75\n|debug|Friend Guard weaken\n|-damage|p1b: Snax|123/461\n|move|p2b: Jackie|Drain Punch|p1a: Clifford|[miss]\n|debug|Follow Me redirected target of move\n|-miss|p2b: Jackie|p1a: Clifford\n|move|p1b: Snax|Earthquake|p2a: Myagmar|[spread] p1a,p2a,p2b\n|debug|Spread modifier: 0.75\n|debug|Spread modifier: 0.75\n|-supereffective|p2a: Myagmar\n|debug|Spread modifier: 0.75\n|-damage|p1a: Clifford|0 fnt\n|-damage|p2a: Myagmar|23/271\n|-damage|p2b: Jackie|140/242\n|faint|p1a: Clifford\n|\n|-weather|Snow|[upkeep]\n|-heal|p1b: Snax|151/461|[from] item: Leftovers\n|upkeep\n|\n|t:|1736377576\n|switch|p1a: Big Bird|Fearow, M|271/271\n|turn|10\n|\n|t:|1736377598\n|switch|p2a: Gyaradance|Gyarados, M|331/331\n|-ability|p2a: Gyaradance|Intimidate|boost\n|-unboost|p1a: Big Bird|atk|1\n|-unboost|p1b: Snax|atk|1\n|move|p1b: Snax|Protect|p1b: Snax\n|-singleturn|p1b: Snax|Protect\n|move|p1a: Big Bird|Drill Peck|p2a: Gyaradance\n|-damage|p2a: Gyaradance|232/331\n|move|p2b: Jackie|Ice Punch|p1a: Big Bird\n|debug|Iron Fist boost\n|debug|Punching Glove boost\n|-supereffective|p1a: Big Bird\n|-damage|p1a: Big Bird|0 fnt\n|debug|Covert Cloak prevent secondary\n|faint|p1a: Big Bird\n|\n|-weather|none\n|-heal|p1b: Snax|179/461|[from] item: Leftovers\n|upkeep\n|\n|t:|1736377616\n|switch|p1a: Polly|Poliwrath, F|346/384\n|turn|11\n|\n|t:|1736377651\n|move|p2a: Gyaradance|Dragon Dance|p2a: Gyaradance\n|-boost|p2a: Gyaradance|atk|1\n|-boost|p2a: Gyaradance|spe|1\n|move|p2b: Jackie|Drain Punch|p1b: Snax\n|debug|Punching Glove boost\n|debug|Iron Fist boost\n|-supereffective|p1b: Snax\n|-damage|p1b: Snax|0 fnt\n|-heal|p2b: Jackie|230/242|[from] drain|[of] p1b: Snax\n|faint|p1b: Snax\n|move|p1a: Polly|Knock Off|p2a: Gyaradance\n|-damage|p2a: Gyaradance|103/331\n|-enditem|p2a: Gyaradance|Sitrus Berry|[from] move: Knock Off|[of] p1a: Polly\n|\n|upkeep\n|\n|t:|1736377666\n|switch|p1b: Victor|Victreebel, M|333/333\n|turn|12\n|\n|t:|1736377678\n|move|p1b: Victor|Protect|p1b: Victor\n|-singleturn|p1b: Victor|Protect\n|move|p2a: Gyaradance|Earthquake|p1b: Victor|[spread] p2b,p1a\n|-activate|p1b: Victor|move: Protect\n|debug|Spread modifier: 0.75\n|debug|Spread modifier: 0.75\n|-damage|p2b: Jackie|71/242\n|-damage|p1a: Polly|208/384\n|move|p2b: Jackie|Ice Punch|p1b: Victor\n|-activate|p1b: Victor|move: Protect\n|move|p1a: Polly|Coaching|p1b: Victor\n|-boost|p1b: Victor|atk|1\n|-boost|p1b: Victor|def|1\n|\n|upkeep\n|turn|13\n|\n|t:|1736377724\n|move|p2a: Gyaradance|Protect|p2a: Gyaradance\n|-singleturn|p2a: Gyaradance|Protect\n|move|p2b: Jackie|Coaching|p2a: Gyaradance\n|-boost|p2a: Gyaradance|atk|1\n|-boost|p2a: Gyaradance|def|1\n|move|p1b: Victor|Leaf Blade|p2b: Jackie\n|-damage|p2b: Jackie|0 fnt\n|faint|p2b: Jackie\n|move|p1a: Polly|Coaching|p1b: Victor\n|-boost|p1b: Victor|atk|1\n|-boost|p1b: Victor|def|1\n|\n|upkeep\n|\n|t:|1736377739\n|switch|p2b: Myagmar|Magmar, M|23/271\n|turn|14\n|\n|t:|1736377770\n|switch|p2b: Buzz Lightyear|Electabuzz, F|147/271\n|move|p1b: Victor|Protect|p1b: Victor\n|-singleturn|p1b: Victor|Protect\n|move|p2a: Gyaradance|Waterfall|p1b: Victor\n|-activate|p1b: Victor|move: Protect\n|move|p1a: Polly|Coaching|p1b: Victor\n|-boost|p1b: Victor|atk|1\n|-boost|p1b: Victor|def|1\n|\n|upkeep\n|turn|15\n|\n|t:|1736377802\n|switch|p2a: Myagmar|Magmar, M|23/271\n|move|p2b: Buzz Lightyear|Follow Me|p2b: Buzz Lightyear\n|-singleturn|p2b: Buzz Lightyear|move: Follow Me\n|move|p1b: Victor|Sucker Punch||[still]\n|debug|Follow Me redirected target of move\n|-fail|p1b: Victor\n|move|p1a: Polly|Knock Off|p2b: Buzz Lightyear\n|debug|Follow Me redirected target of move\n|-damage|p2b: Buzz Lightyear|0 fnt\n|-enditem|p2b: Buzz Lightyear|Magnet|[from] move: Knock Off|[of] p1a: Polly\n|faint|p2b: Buzz Lightyear\n|\n|upkeep\n|\n|t:|1736377811\n|switch|p2b: Gyaradance|Gyarados, M|103/331\n|-ability|p2b: Gyaradance|Intimidate|boost\n|-unboost|p1a: Polly|atk|1\n|-unboost|p1b: Victor|atk|1\n|turn|16\n|\n|t:|1736377831\n|move|p1b: Victor|Sucker Punch|p2a: Myagmar\n|-damage|p2a: Myagmar|0 fnt\n|-status|p1b: Victor|brn|[from] ability: Flame Body|[of] p2a: Myagmar\n|faint|p2a: Myagmar\n|move|p2b: Gyaradance|Waterfall|p1b: Victor\n|-resisted|p1b: Victor\n|-damage|p1b: Victor|296/333 brn\n|move|p1a: Polly|Coaching|p1b: Victor\n|-boost|p1b: Victor|atk|1\n|-boost|p1b: Victor|def|1\n|\n|-heal|p1b: Victor|316/333 brn|[from] item: Black Sludge\n|-damage|p1b: Victor|296/333 brn|[from] brn\n|upkeep\n|turn|17\n|\n|t:|1736377855\n|move|p2b: Gyaradance|Waterfall|p1b: Victor\n|-resisted|p1b: Victor\n|-damage|p1b: Victor|265/333 brn\n|move|p1b: Victor|Sleep Powder|p2b: Gyaradance\n|-status|p2b: Gyaradance|slp|[from] move: Sleep Powder\n|move|p1a: Polly|Coaching|p1b: Victor\n|-boost|p1b: Victor|atk|1\n|-boost|p1b: Victor|def|1\n|\n|-heal|p1b: Victor|285/333 brn|[from] item: Black Sludge\n|-damage|p1b: Victor|265/333 brn|[from] brn\n|upkeep\n|turn|18\n|\n|t:|1736377902\n|cant|p2b: Gyaradance|slp\n|move|p1b: Victor|Leaf Blade|p2b: Gyaradance\n|-damage|p2b: Gyaradance|0 fnt\n|faint|p2b: Gyaradance\n|\n|win|mistermoscow\n","uploadtime":1736377909,"views":"26","formatid":"gen9doublescustomgame","rating":null,"private":0,"password":null}