{"id":"gen9doublescustomgame-2004215647","format":"[Gen 9] Doubles Custom Game","players":["Mister Moscow","smokeydabearrr"],"log":"|j|☆Mister Moscow\n|j|☆smokeydabearrr\n|t:|1701659104\n|gametype|doubles\n|player|p1|Mister Moscow|alder|\n|player|p2|smokeydabearrr|169|\n|teamsize|p1|6\n|teamsize|p2|6\n|gen|9\n|tier|[Gen 9] Doubles Custom Game\n|clearpoke\n|poke|p1|Sableye, F|\n|poke|p1|Darkrai|\n|poke|p1|Great Tusk|\n|poke|p1|Volcarona, F|\n|poke|p1|Sylveon, M|\n|poke|p1|Ogerpon-Wellspring, F|\n|poke|p2|Torkoal, M|\n|poke|p2|Walking Wake|\n|poke|p2|Flutter Mane|\n|poke|p2|Heatran, M|\n|poke|p2|Iron Bundle|\n|poke|p2|Chi-Yu|\n|teampreview\n|j| noli_cannoli10\n|j| Weedichu\n|j| je64\n|c| je64|Heatran finally makes an appearance\n|\n|t:|1701659185\n|start\n|switch|p1a: Raymond|Great Tusk|372/372\n|switch|p1b: Sabrina|Sableye, F|304/304\n|switch|p2a: Yurtle The Turtle|Torkoal, M|335/335\n|switch|p2b: Gucci Mane|Flutter Mane|251/251\n|-weather|SunnyDay|[from] ability: Drought|[of] p2a: Yurtle The Turtle\n|-activate|p2b: Gucci Mane|ability: Protosynthesis\n|-start|p2b: Gucci Mane|protosynthesisspa\n|-activate|p1a: Raymond|ability: Protosynthesis\n|-start|p1a: Raymond|protosynthesisatk\n|turn|1\n|\n|t:|1701659235\n|-terastallize|p1a: Raymond|Steel\n|move|p1b: Sabrina|Protect|p1b: Sabrina\n|-singleturn|p1b: Sabrina|Protect\n|move|p2b: Gucci Mane|Dazzling Gleam|p1a: Raymond|[spread] p1a\n|-activate|p1b: Sabrina|move: Protect\n|debug|Protosynthesis spa boost\n|debug|Spread modifier: 0.75\n|-resisted|p1a: Raymond\n|-damage|p1a: Raymond|309/372\n|move|p1a: Raymond|Earthquake|p2b: Gucci Mane|[spread] p2a,p2b\n|-activate|p1b: Sabrina|move: Protect\n|debug|Protosynthesis atk boost\n|debug|Spread modifier: 0.75\n|-supereffective|p2a: Yurtle The Turtle\n|debug|Protosynthesis atk boost\n|debug|Spread modifier: 0.75\n|-damage|p2a: Yurtle The Turtle|41/335\n|-enditem|p2b: Gucci Mane|Focus Sash\n|-damage|p2b: Gucci Mane|1/251\n|move|p2a: Yurtle The Turtle|Will-O-Wisp|p1a: Raymond|[miss]\n|-miss|p2a: Yurtle The Turtle|p1a: Raymond\n|\n|-weather|SunnyDay|[upkeep]\n|upkeep\n|turn|2\n|\n|t:|1701659300\n|switch|p1b: Pepe Silva|Sylveon, M|331/331\n|switch|p2a: Fire Orb|Chi-Yu|251/251\n|-ability|p2a: Fire Orb|Beads of Ruin\n|-item|p2a: Fire Orb|Air Balloon\n|move|p2b: Gucci Mane|Shadow Ball|p1a: Raymond\n|debug|Protosynthesis spa boost\n|debug|Beads of Ruin SpD drop\n|-damage|p1a: Raymond|101/372\n|move|p1a: Raymond|Rapid Spin|p2a: Fire Orb\n|debug|Protosynthesis atk boost\n|-damage|p2a: Fire Orb|148/251\n|-boost|p1a: Raymond|spe|1\n|-enditem|p2a: Fire Orb|Air Balloon\n|\n|-weather|SunnyDay|[upkeep]\n|upkeep\n|turn|3\n|c| je64|Wow that miss\n|\n|t:|1701659345\n|-end|p1a: Raymond|Protosynthesis|[silent]\n|switch|p1a: Darren|Darkrai|344/344\n|move|p2b: Gucci Mane|Shadow Ball|p1a: Darren\n|debug|Protosynthesis spa boost\n|debug|Beads of Ruin SpD drop\n|-resisted|p1a: Darren\n|-damage|p1a: Darren|182/344\n|move|p2a: Fire Orb|Heat Wave|p1b: Pepe Silva|[spread] p1a,p1b\n|debug|Beads of Ruin SpD drop\n|debug|Spread modifier: 0.75\n|debug|Sunny Day fire boost\n|debug|Beads of Ruin SpD drop\n|debug|Spread modifier: 0.75\n|debug|Sunny Day fire boost\n|-damage|p1a: Darren|0 fnt\n|-damage|p1b: Pepe Silva|132/331\n|faint|p1a: Darren\n|move|p1b: Pepe Silva|Hyper Voice|p2a: Fire Orb|[spread] p2a,p2b\n|debug|Spread modifier: 0.75\n|-crit|p2a: Fire Orb\n|debug|Beads of Ruin SpD drop\n|debug|Spread modifier: 0.75\n|-damage|p2a: Fire Orb|0 fnt\n|-damage|p2b: Gucci Mane|0 fnt\n|faint|p2a: Fire Orb\n|faint|p2b: Gucci Mane\n|-end|p2b: Gucci Mane|Protosynthesis|[silent]\n|\n|-weather|SunnyDay|[upkeep]\n|-heal|p1b: Pepe Silva|152/331|[from] item: Leftovers\n|upkeep\n|c| je64|Crit jesus\n|\n|t:|1701659408\n|switch|p1a: Zora|Ogerpon-Wellspring, F|301/301\n|switch|p2b: WAKE ME UP INSIDE|Walking Wake|339/339\n|switch|p2a: Yurtle The Turtle|Torkoal, M|41/335\n|-activate|p2b: WAKE ME UP INSIDE|ability: Protosynthesis\n|-start|p2b: WAKE ME UP INSIDE|protosynthesisspa\n|turn|4\n|\n|t:|1701659459\n|move|p1b: Pepe Silva|Protect|p1b: Pepe Silva\n|-singleturn|p1b: Pepe Silva|Protect\n|move|p1a: Zora|Power Whip|p2b: WAKE ME UP INSIDE\n|-damage|p2b: WAKE ME UP INSIDE|60/339\n|move|p2b: WAKE ME UP INSIDE|Draco Meteor|p1a: Zora\n|debug|Protosynthesis spa boost\n|-damage|p1a: Zora|0 fnt\n|-unboost|p2b: WAKE ME UP INSIDE|spa|2\n|faint|p1a: Zora\n|move|p2a: Yurtle The Turtle|Heat Wave|p1b: Pepe Silva\n|-activate|p1b: Pepe Silva|move: Protect\n|\n|-weather|SunnyDay|[upkeep]\n|-heal|p1b: Pepe Silva|172/331|[from] item: Leftovers\n|upkeep\n|\n|t:|1701659474\n|switch|p1a: Sabrina|Sableye, F|304/304\n|turn|5\n|\n|t:|1701659496\n|move|p1a: Sabrina|Encore|p2b: WAKE ME UP INSIDE\n|-start|p2b: WAKE ME UP INSIDE|Encore\n|move|p2b: WAKE ME UP INSIDE|Draco Meteor|p1a: Sabrina\n|debug|Negating (sp)atk boost/penalty.\n|debug|Protosynthesis spa boost\n|-crit|p1a: Sabrina\n|-damage|p1a: Sabrina|0 fnt\n|-unboost|p2b: WAKE ME UP INSIDE|spa|2\n|faint|p1a: Sabrina\n|move|p1b: Pepe Silva|Hyper Voice|p2b: WAKE ME UP INSIDE|[spread] p2a,p2b\n|debug|Spread modifier: 0.75\n|-resisted|p2a: Yurtle The Turtle\n|debug|Spread modifier: 0.75\n|-supereffective|p2b: WAKE ME UP INSIDE\n|-damage|p2a: Yurtle The Turtle|0 fnt\n|-damage|p2b: WAKE ME UP INSIDE|0 fnt\n|faint|p2a: Yurtle The Turtle\n|faint|p2b: WAKE ME UP INSIDE\n|-end|p2b: WAKE ME UP INSIDE|Protosynthesis|[silent]\n|\n|-weather|SunnyDay|[upkeep]\n|-heal|p1b: Pepe Silva|192/331|[from] item: Leftovers\n|upkeep\n|\n|t:|1701659530\n|switch|p2b: Iron Bundle of Joy|Iron Bundle|253/253\n|switch|p1a: Mothra|Volcarona, F|311/311\n|switch|p2a: Heater Pan|Heatran, M|323/323\n|-enditem|p2b: Iron Bundle of Joy|Booster Energy\n|-activate|p2b: Iron Bundle of Joy|ability: Quark Drive|[fromitem]\n|-start|p2b: Iron Bundle of Joy|quarkdrivespa\n|turn|6\n|\n|t:|1701659563\n|move|p2b: Iron Bundle of Joy|Blizzard|p1b: Pepe Silva|[spread] p1a,p1b\n|debug|Quark Drive spa boost\n|debug|Spread modifier: 0.75\n|-resisted|p1a: Mothra\n|debug|Quark Drive spa boost\n|debug|Spread modifier: 0.75\n|-damage|p1a: Mothra|212/311\n|-damage|p1b: Pepe Silva|33/331\n|debug|Covert Cloak prevent secondary\n|move|p1a: Mothra|Struggle Bug|p2a: Heater Pan|[spread] p2a,p2b\n|debug|Spread modifier: 0.75\n|-resisted|p2a: Heater Pan\n|-crit|p2a: Heater Pan\n|debug|Spread modifier: 0.75\n|-damage|p2a: Heater Pan|308/323\n|-damage|p2b: Iron Bundle of Joy|141/253\n|-unboost|p2a: Heater Pan|spa|1\n|-unboost|p2b: Iron Bundle of Joy|spa|1\n|move|p2a: Heater Pan|Flash Cannon|p1b: Pepe Silva\n|-supereffective|p1b: Pepe Silva\n|-damage|p1b: Pepe Silva|0 fnt\n|faint|p1b: Pepe Silva\n|\n|-weather|SunnyDay|[upkeep]\n|upkeep\n|\n|t:|1701659577\n|switch|p1b: Raymond|Great Tusk, tera:Steel|101/372\n|-activate|p1b: Raymond|ability: Protosynthesis\n|-start|p1b: Raymond|protosynthesisatk\n|turn|7\n|c| je64|Wow so close\n|\n|t:|1701659705\n|move|p2b: Iron Bundle of Joy|Blizzard|p1b: Raymond|[spread] p1a,p1b\n|debug|Quark Drive spa boost\n|debug|Spread modifier: 0.75\n|-resisted|p1a: Mothra\n|debug|Quark Drive spa boost\n|debug|Spread modifier: 0.75\n|-resisted|p1b: Raymond\n|-damage|p1a: Mothra|149/311\n|-damage|p1b: Raymond|50/372\n|debug|Covert Cloak prevent secondary\n|move|p1a: Mothra|Quiver Dance|p1a: Mothra\n|-boost|p1a: Mothra|spa|1\n|-boost|p1a: Mothra|spd|1\n|-boost|p1a: Mothra|spe|1\n|move|p2a: Heater Pan|Heat Wave|p1b: Raymond|[spread] p1a,p1b\n|debug|Spread modifier: 0.75\n|debug|Sunny Day fire boost\n|debug|Spread modifier: 0.75\n|debug|Sunny Day fire boost\n|-supereffective|p1b: Raymond\n|-damage|p1a: Mothra|67/311\n|-damage|p1b: Raymond|0 fnt\n|debug|Covert Cloak prevent secondary\n|faint|p1b: Raymond\n|-end|p1b: Raymond|Protosynthesis|[silent]\n|\n|-weather|SunnyDay|[upkeep]\n|upkeep\n|turn|8\n|\n|t:|1701659741\n|move|p1a: Mothra|Struggle Bug|p2a: Heater Pan|[spread] p2a,p2b\n|debug|Spread modifier: 0.75\n|-resisted|p2a: Heater Pan\n|debug|Spread modifier: 0.75\n|-damage|p2a: Heater Pan|292/323\n|-damage|p2b: Iron Bundle of Joy|0 fnt\n|-unboost|p2a: Heater Pan|spa|1\n|faint|p2b: Iron Bundle of Joy\n|-end|p2b: Iron Bundle of Joy|Quark Drive|[silent]\n|move|p2a: Heater Pan|Heat Wave|p1a: Mothra\n|debug|Sunny Day fire boost\n|-damage|p1a: Mothra|0 fnt\n|debug|Covert Cloak prevent secondary\n|faint|p1a: Mothra\n|\n|win|smokeydabearrr\n|c|☆smokeydabearrr|gg\n|c|☆Mister Moscow|gg\n","uploadtime":1701659758,"views":"15","formatid":"gen9doublescustomgame","rating":null,"private":0,"password":null}