{"id":"gen9doublescustomgame-2263785896","format":"[Gen 9] Doubles Custom Game","players":["mistermoscow","Mango Meloetta"],"log":"|j|☆mistermoscow\n|j|☆Mango Meloetta\n|t:|1734316914\n|gametype|doubles\n|player|p1|mistermoscow|alder|\n|player|p2|Mango Meloetta|li|\n|teamsize|p1|6\n|teamsize|p2|6\n|gen|9\n|tier|[Gen 9] Doubles Custom Game\n|clearpoke\n|poke|p1|Fearow, M|\n|poke|p1|Butterfree, F|\n|poke|p1|Clefairy, M|\n|poke|p1|Victreebel, M|\n|poke|p1|Poliwrath, F|\n|poke|p1|Snorlax, M|\n|poke|p2|Arcanine, F|\n|poke|p2|Golduck, F|\n|poke|p2|Parasect, F|\n|poke|p2|Dragonair, F|\n|poke|p2|Muk, F|\n|poke|p2|Dewgong, F|\n|teampreview\n|\n|t:|1734316942\n|start\n|switch|p1a: Purple Haze|Butterfree, F|324/324\n|switch|p1b: Clifford|Clefairy, M|344/344\n|switch|p2a: Fire Duck|Golduck, F|302/302\n|switch|p2b: Dewgong|Dewgong, F|358/358\n|turn|1\n|\n|t:|1734316964\n|move|p2b: Dewgong|Fake Out|p1a: Purple Haze\n|debug|Friend Guard weaken\n|-damage|p1a: Purple Haze|295/324\n|debug|Covert Cloak prevent secondary\n|move|p1b: Clifford|Follow Me|p1b: Clifford\n|-singleturn|p1b: Clifford|move: Follow Me\n|move|p2a: Fire Duck|Rain Dance|p2a: Fire Duck\n|-weather|RainDance\n|move|p1a: Purple Haze|Quiver Dance|p1a: Purple Haze\n|-boost|p1a: Purple Haze|spa|1\n|-boost|p1a: Purple Haze|spd|1\n|-boost|p1a: Purple Haze|spe|1\n|\n|-weather|RainDance|[upkeep]\n|upkeep\n|turn|2\n|\n|t:|1734316983\n|move|p1b: Clifford|Follow Me|p1b: Clifford\n|-singleturn|p1b: Clifford|move: Follow Me\n|move|p2a: Fire Duck|Ice Beam|p1b: Clifford\n|debug|Follow Me redirected target of move\n|-damage|p1b: Clifford|252/344\n|-damage|p2a: Fire Duck|272/302|[from] item: Life Orb\n|move|p1a: Purple Haze|Sleep Powder|p2b: Dewgong\n|debug|compoundeyes - enhancing accuracy\n|-status|p2b: Dewgong|slp|[from] move: Sleep Powder\n|cant|p2b: Dewgong|slp\n|\n|-weather|RainDance|[upkeep]\n|debug|hydration\n|-activate|p2b: Dewgong|ability: Hydration\n|-curestatus|p2b: Dewgong|slp|[msg]\n|upkeep\n|turn|3\n|\n|t:|1734317042\n|move|p1b: Clifford|Follow Me|p1b: Clifford\n|-singleturn|p1b: Clifford|move: Follow Me\n|move|p2a: Fire Duck|Ice Beam|p1b: Clifford\n|debug|Follow Me redirected target of move\n|-damage|p1b: Clifford|164/344\n|-damage|p2a: Fire Duck|242/302|[from] item: Life Orb\n|move|p1a: Purple Haze|Sunny Day|p1a: Purple Haze\n|-weather|SunnyDay\n|move|p2b: Dewgong|Liquidation|p1b: Clifford\n|debug|Follow Me redirected target of move\n|debug|Sunny Day water suppress\n|-damage|p1b: Clifford|119/344\n|-unboost|p1b: Clifford|def|1\n|\n|-weather|SunnyDay|[upkeep]\n|upkeep\n|turn|4\n|\n|t:|1734317067\n|switch|p2b: PHFWK|Muk, F|414/414\n|switch|p1b: Victor|Victreebel, M|364/364\n|move|p2a: Fire Duck|Rain Dance|p2a: Fire Duck\n|-weather|RainDance\n|move|p1a: Purple Haze|Sleep Powder|p2a: Fire Duck\n|debug|compoundeyes - enhancing accuracy\n|-status|p2a: Fire Duck|slp|[from] move: Sleep Powder\n|\n|-weather|RainDance|[upkeep]\n|upkeep\n|turn|5\n|\n|t:|1734317092\n|cant|p2a: Fire Duck|slp\n|move|p1a: Purple Haze|Sleep Powder|p2b: PHFWK\n|debug|compoundeyes - enhancing accuracy\n|-status|p2b: PHFWK|slp|[from] move: Sleep Powder\n|move|p1b: Victor|Swords Dance|p1b: Victor\n|-boost|p1b: Victor|atk|2\n|cant|p2b: PHFWK|slp\n|\n|-weather|RainDance|[upkeep]\n|upkeep\n|turn|6\n|\n|t:|1734317106\n|cant|p2a: Fire Duck|slp\n|move|p1a: Purple Haze|Sunny Day|p1a: Purple Haze\n|-weather|SunnyDay\n|move|p1b: Victor|Leaf Blade|p2a: Fire Duck\n|-supereffective|p2a: Fire Duck\n|-damage|p2a: Fire Duck|0 fnt\n|faint|p2a: Fire Duck\n|-curestatus|p2b: PHFWK|slp|[msg]\n|move|p2b: PHFWK|Gunk Shot|p1a: Purple Haze\n|-damage|p1a: Purple Haze|61/324\n|debug|Covert Cloak prevent secondary\n|\n|-weather|SunnyDay|[upkeep]\n|upkeep\n|\n|t:|1734317126\n|switch|p2a: Dewgong|Dewgong, F|358/358\n|turn|7\n|\n|t:|1734317136\n|move|p2a: Dewgong|Fake Out|p1a: Purple Haze\n|-damage|p1a: Purple Haze|22/324\n|debug|Covert Cloak prevent secondary\n|move|p1b: Victor|Leaf Blade|p2a: Dewgong\n|-supereffective|p2a: Dewgong\n|-damage|p2a: Dewgong|0 fnt\n|faint|p2a: Dewgong\n|move|p1a: Purple Haze|Sleep Powder|p2b: PHFWK\n|debug|compoundeyes - enhancing accuracy\n|-status|p2b: PHFWK|slp|[from] move: Sleep Powder\n|cant|p2b: PHFWK|slp\n|\n|-weather|SunnyDay|[upkeep]\n|upkeep\n|\n|t:|1734317159\n|switch|p2a: Water Dog|Arcanine, F|384/384\n|-ability|p2a: Water Dog|Intimidate|boost\n|-unboost|p1a: Purple Haze|atk|1\n|-unboost|p1b: Victor|atk|1\n|turn|8\n|\n|t:|1734317208\n|switch|p1a: Polly|Poliwrath, F|384/384\n|move|p2a: Water Dog|Protect|p2a: Water Dog\n|-singleturn|p2a: Water Dog|Protect\n|move|p1b: Victor|Sleep Powder|p2a: Water Dog\n|-activate|p2a: Water Dog|move: Protect\n|-curestatus|p2b: PHFWK|slp|[msg]\n|move|p2b: PHFWK|Lunge|p1b: Victor\n|-damage|p1b: Victor|231/364\n|-unboost|p1b: Victor|atk|1\n|\n|-weather|SunnyDay|[upkeep]\n|-heal|p1b: Victor|253/364|[from] item: Black Sludge\n|upkeep\n|turn|9\n|\n|t:|1734317243\n|move|p1b: Victor|Sleep Powder|p2a: Water Dog\n|-activate|p2a: Water Dog|item: Safety Goggles|Sleep Powder\n|move|p2a: Water Dog|Flare Blitz|p1b: Victor\n|debug|Sunny Day fire boost\n|-supereffective|p1b: Victor\n|-damage|p1b: Victor|0 fnt\n|faint|p1b: Victor\n|-damage|p2a: Water Dog|301/384|[from] Recoil\n|move|p1a: Polly|Coaching|p1: Victor|[notarget]\n|-fail|p1a: Polly\n|move|p2b: PHFWK|Lunge|p1a: Polly\n|-resisted|p1a: Polly\n|-damage|p1a: Polly|335/384\n|-unboost|p1a: Polly|atk|1\n|\n|-weather|SunnyDay|[upkeep]\n|-heal|p1a: Polly|359/384|[from] item: Leftovers\n|upkeep\n|\n|t:|1734317262\n|switch|p1b: Big Bird|Fearow, M|271/271\n|turn|10\n|\n|t:|1734317283\n|move|p1b: Big Bird|Drill Run|p2b: PHFWK\n|-supereffective|p2b: PHFWK\n|-damage|p2b: PHFWK|226/414\n|move|p2a: Water Dog|Wild Charge|p1a: Polly\n|-supereffective|p1a: Polly\n|-damage|p1a: Polly|199/384\n|-damage|p2a: Water Dog|261/384|[from] Recoil\n|move|p1a: Polly|Knock Off|p2a: Water Dog\n|-damage|p2a: Water Dog|179/384\n|-enditem|p2a: Water Dog|Safety Goggles|[from] move: Knock Off|[of] p1a: Polly\n|move|p2b: PHFWK|Gunk Shot|p1a: Polly|[miss]\n|-miss|p2b: PHFWK|p1a: Polly\n|\n|-weather|none\n|-heal|p1a: Polly|223/384|[from] item: Leftovers\n|-heal|p2b: PHFWK|251/414|[from] item: Black Sludge\n|upkeep\n|turn|11\n|\n|t:|1734317317\n|switch|p1a: Snax|Snorlax, M|524/524\n|move|p1b: Big Bird|Drill Run|p2a: Water Dog\n|-supereffective|p2a: Water Dog\n|-damage|p2a: Water Dog|5/384\n|move|p2a: Water Dog|Flare Blitz|p1b: Big Bird\n|-damage|p1b: Big Bird|52/271\n|-damage|p2a: Water Dog|0 fnt|[from] Recoil\n|faint|p2a: Water Dog\n|move|p2b: PHFWK|Drain Punch|p1a: Snax\n|-supereffective|p1a: Snax\n|-damage|p1a: Snax|372/524\n|-heal|p2b: PHFWK|327/414|[from] drain|[of] p1a: Snax\n|\n|-heal|p2b: PHFWK|352/414|[from] item: Black Sludge\n|upkeep\n|\n|t:|1734317325\n|switch|p2a: Grass Bug|Parasect, F|324/324\n|turn|12\n|\n|t:|1734317343\n|move|p2a: Grass Bug|Protect|p2a: Grass Bug\n|-singleturn|p2a: Grass Bug|Protect\n|move|p1b: Big Bird|Drill Peck|p2a: Grass Bug\n|-activate|p2a: Grass Bug|move: Protect\n|move|p2b: PHFWK|Gunk Shot|p1b: Big Bird|[miss]\n|-miss|p2b: PHFWK|p1b: Big Bird\n|move|p1a: Snax|Earthquake|p2a: Grass Bug|[spread] p2b\n|-activate|p2a: Grass Bug|move: Protect\n|-immune|p1b: Big Bird\n|debug|Spread modifier: 0.75\n|-supereffective|p2b: PHFWK\n|-damage|p2b: PHFWK|198/414\n|\n|-heal|p2b: PHFWK|223/414|[from] item: Black Sludge\n|upkeep\n|turn|13\n|\n|t:|1734317375\n|move|p1b: Big Bird|Drill Run|p2b: PHFWK\n|-supereffective|p2b: PHFWK\n|-damage|p2b: PHFWK|33/414\n|move|p2b: PHFWK|Drain Punch|p1b: Big Bird\n|-damage|p1b: Big Bird|0 fnt\n|-heal|p2b: PHFWK|59/414|[from] drain|[of] p1b: Big Bird\n|faint|p1b: Big Bird\n|move|p1a: Snax|Earthquake|p2b: PHFWK|[spread] p2a,p2b\n|debug|Spread modifier: 0.75\n|-resisted|p2a: Grass Bug\n|debug|Spread modifier: 0.75\n|-supereffective|p2b: PHFWK\n|-damage|p2a: Grass Bug|312/324\n|-damage|p2b: PHFWK|0 fnt\n|faint|p2b: PHFWK\n|move|p2a: Grass Bug|Spore|p1a: Snax\n|-status|p1a: Snax|slp|[from] move: Spore\n|\n|upkeep\n|\n|t:|1734317392\n|switch|p1b: Polly|Poliwrath, F|223/384\n|switch|p2b: Long Boi|Dragonair, F|264/264\n|turn|14\n|\n|t:|1734317404\n|move|p2a: Grass Bug|Rage Powder|p2a: Grass Bug\n|-singleturn|p2a: Grass Bug|move: Rage Powder\n|move|p2b: Long Boi|Dragon Dance|p2b: Long Boi\n|-boost|p2b: Long Boi|atk|1\n|-boost|p2b: Long Boi|spe|1\n|move|p1b: Polly|Ice Punch|p2a: Grass Bug\n|debug|Rage Powder redirected target of move\n|-supereffective|p2a: Grass Bug\n|-damage|p2a: Grass Bug|172/324\n|cant|p1a: Snax|slp\n|\n|-heal|p1b: Polly|247/384|[from] item: Leftovers\n|upkeep\n|turn|15\n|\n|t:|1734317421\n|move|p2a: Grass Bug|Rage Powder|p2a: Grass Bug\n|-singleturn|p2a: Grass Bug|move: Rage Powder\n|move|p2b: Long Boi|Dragon Dance|p2b: Long Boi\n|-boost|p2b: Long Boi|atk|1\n|-boost|p2b: Long Boi|spe|1\n|move|p1b: Polly|Ice Punch|p2a: Grass Bug\n|debug|Rage Powder redirected target of move\n|-supereffective|p2a: Grass Bug\n|-damage|p2a: Grass Bug|28/324\n|-curestatus|p1a: Snax|slp|[msg]\n|move|p1a: Snax|Double-Edge|p2a: Grass Bug\n|debug|Rage Powder redirected target of move\n|-damage|p2a: Grass Bug|0 fnt\n|faint|p2a: Grass Bug\n|-damage|p1a: Snax|363/524|[from] Recoil\n|\n|-heal|p1b: Polly|271/384|[from] item: Leftovers\n|upkeep\n|turn|16\n|\n|t:|1734317448\n|move|p2b: Long Boi|Outrage|p1a: Snax\n|-damage|p1a: Snax|20/524\n|move|p1b: Polly|Ice Punch|p2b: Long Boi\n|-supereffective|p2b: Long Boi\n|-damage|p2b: Long Boi|48/264\n|-enditem|p2b: Long Boi|Iapapa Berry|[eat]\n|-heal|p2b: Long Boi|136/264|[from] item: Iapapa Berry\n|move|p1a: Snax|Double-Edge|p2b: Long Boi\n|-damage|p2b: Long Boi|0 fnt\n|faint|p2b: Long Boi\n|-damage|p1a: Snax|0 fnt|[from] Recoil\n|faint|p1a: Snax\n|\n|win|mistermoscow\n|c|☆Mango Meloetta|ggg\n|c|☆mistermoscow|gg\n|c|☆Mango Meloetta|dang haha\n|c|☆mistermoscow|close one\n|c|☆mistermoscow|i'll upload it\n","uploadtime":1734317466,"views":"64","formatid":"gen9doublescustomgame","rating":null,"private":0,"password":null}