{"id":"gen9doublescustomgame-2017889537","format":"[Gen 9] Doubles Custom Game","players":["smokeydabearrr","mattmandaman"],"log":"|j|☆smokeydabearrr\n|j|☆mattmandaman\n|t:|1703288421\n|gametype|doubles\n|player|p1|smokeydabearrr|101|\n|player|p2|mattmandaman|giovanni|\n|teamsize|p1|6\n|teamsize|p2|6\n|gen|9\n|tier|[Gen 9] Doubles Custom Game\n|clearpoke\n|poke|p1|Houndstone, M|\n|poke|p1|Dudunsparce-*, M|\n|poke|p1|Bellibolt, F|\n|poke|p1|Gastrodon-East, M|\n|poke|p1|Tapu Koko|\n|poke|p1|Iron Bundle|\n|poke|p2|Zeraora|\n|poke|p2|Baxcalibur, F|\n|poke|p2|Porygon2|\n|poke|p2|Rillaboom, F|\n|poke|p2|Zygarde|\n|poke|p2|Tornadus, M|\n|teampreview\n|j| Weedichu\n|\n|t:|1703288475\n|start\n|switch|p1a: 4 Loko Koko|Tapu Koko|281/281\n|switch|p1b: Dun Dun DUNNN|Dudunsparce, M|449/449\n|switch|p2a: Rillaboom|Rillaboom, F|404/404\n|switch|p2b: Zeraora|Zeraora|380/380\n|-fieldstart|move: Electric Terrain|[from] ability: Electric Surge|[of] p1a: 4 Loko Koko\n|-fieldstart|move: Grassy Terrain|[from] ability: Grassy Surge|[of] p2a: Rillaboom\n|turn|1\n|\n|t:|1703288515\n|move|p1a: 4 Loko Koko|Protect|p1a: 4 Loko Koko\n|-singleturn|p1a: 4 Loko Koko|Protect\n|move|p2b: Zeraora|Fake Out|p1b: Dun Dun DUNNN\n|-damage|p1b: Dun Dun DUNNN|417/449\n|move|p2a: Rillaboom|U-turn|p1b: Dun Dun DUNNN\n|-damage|p1b: Dun Dun DUNNN|325/449\n|\n|t:|1703288528\n|switch|p2a: Zygarde|Zygarde|420/420|[from] U-turn\n|-ability|p2a: Zygarde|Aura Break\n|cant|p1b: Dun Dun DUNNN|flinch\n|\n|-heal|p1b: Dun Dun DUNNN|353/449|[from] Grassy Terrain\n|upkeep\n|turn|2\n|j| je64\n|\n|t:|1703288565\n|move|p2a: Zygarde|Protect|p2a: Zygarde\n|-singleturn|p2a: Zygarde|Protect\n|move|p1b: Dun Dun DUNNN|Protect|p1b: Dun Dun DUNNN\n|-singleturn|p1b: Dun Dun DUNNN|Protect\n|move|p2b: Zeraora|Coaching|p2a: Zygarde\n|-boost|p2a: Zygarde|atk|1\n|-boost|p2a: Zygarde|def|1\n|move|p1a: 4 Loko Koko|Dazzling Gleam|p2b: Zeraora|[spread] p2b\n|-activate|p2a: Zygarde|move: Protect\n|debug|Spread modifier: 0.75\n|-damage|p2b: Zeraora|277/380\n|\n|-heal|p2b: Zeraora|300/380|[from] Grassy Terrain\n|-heal|p1b: Dun Dun DUNNN|381/449|[from] Grassy Terrain\n|upkeep\n|turn|3\n|\n|t:|1703288604\n|-terastallize|p2a: Zygarde|Steel\n|move|p2b: Zeraora|Electroweb|p1b: Dun Dun DUNNN|[spread] p1a,p1b\n|debug|Spread modifier: 0.75\n|-resisted|p1a: 4 Loko Koko\n|debug|Spread modifier: 0.75\n|-damage|p1a: 4 Loko Koko|251/281\n|-damage|p1b: Dun Dun DUNNN|330/449\n|-unboost|p1a: 4 Loko Koko|spe|1\n|-unboost|p1b: Dun Dun DUNNN|spe|1\n|move|p1a: 4 Loko Koko|Dazzling Gleam|p2a: Zygarde|[spread] p2a,p2b\n|debug|Spread modifier: 0.75\n|-resisted|p2a: Zygarde\n|debug|Spread modifier: 0.75\n|-damage|p2a: Zygarde|376/420\n|-damage|p2b: Zeraora|192/380\n|move|p2a: Zygarde|Substitute|p2a: Zygarde\n|-start|p2a: Zygarde|Substitute\n|-damage|p2a: Zygarde|271/420\n|debug|doubling secondary chance\n|move|p1b: Dun Dun DUNNN|Body Slam|p2a: Zygarde\n|-resisted|p2a: Zygarde\n|-activate|p2a: Zygarde|move: Substitute|[damage]\n|\n|-heal|p2b: Zeraora|215/380|[from] Grassy Terrain\n|-heal|p1a: 4 Loko Koko|268/281|[from] Grassy Terrain\n|-heal|p2a: Zygarde|297/420|[from] Grassy Terrain\n|-heal|p2a: Zygarde|323/420|[from] item: Leftovers\n|-heal|p1b: Dun Dun DUNNN|358/449|[from] Grassy Terrain\n|upkeep\n|turn|4\n|\n|t:|1703288654\n|switch|p1a: Gastrodomous|Gastrodon-East, M|426/426\n|move|p2b: Zeraora|Coaching|p2a: Zygarde\n|-boost|p2a: Zygarde|atk|1\n|-boost|p2a: Zygarde|def|1\n|move|p2a: Zygarde|Dragon Dance|p2a: Zygarde\n|-boost|p2a: Zygarde|atk|1\n|-boost|p2a: Zygarde|spe|1\n|debug|doubling secondary chance\n|move|p1b: Dun Dun DUNNN|Poison Jab|p2b: Zeraora\n|-damage|p2b: Zeraora|136/380\n|-status|p2b: Zeraora|psn\n|-enditem|p2b: Zeraora|Sitrus Berry|[eat]\n|-heal|p2b: Zeraora|231/380 psn|[from] item: Sitrus Berry\n|\n|-heal|p2b: Zeraora|254/380 psn|[from] Grassy Terrain\n|-heal|p2a: Zygarde|349/420|[from] Grassy Terrain\n|-heal|p2a: Zygarde|375/420|[from] item: Leftovers\n|-heal|p1b: Dun Dun DUNNN|386/449|[from] Grassy Terrain\n|-damage|p2b: Zeraora|207/380 psn|[from] psn\n|upkeep\n|turn|5\n|\n|t:|1703288703\n|move|p1b: Dun Dun DUNNN|Protect|p1b: Dun Dun DUNNN\n|-singleturn|p1b: Dun Dun DUNNN|Protect\n|move|p2b: Zeraora|Coaching|p2a: Zygarde\n|-boost|p2a: Zygarde|atk|1\n|-boost|p2a: Zygarde|def|1\n|move|p2a: Zygarde|Thousand Arrows|p1b: Dun Dun DUNNN|[spread] p1a\n|-activate|p1b: Dun Dun DUNNN|move: Protect\n|debug|Spread modifier: 0.75\n|-damage|p1a: Gastrodomous|0 fnt\n|faint|p1a: Gastrodomous\n|\n|-heal|p2b: Zeraora|230/380 psn|[from] Grassy Terrain\n|-heal|p2a: Zygarde|401/420|[from] Grassy Terrain\n|-heal|p2a: Zygarde|420/420|[from] item: Leftovers\n|-heal|p1b: Dun Dun DUNNN|414/449|[from] Grassy Terrain\n|-damage|p2b: Zeraora|183/380 psn|[from] psn\n|-fieldend|move: Grassy Terrain\n|upkeep\n|\n|t:|1703288749\n|switch|p1a: Belli boiii|Bellibolt, F|410/410\n|turn|6\n|\n|t:|1703288772\n|move|p2b: Zeraora|Coaching|p2a: Zygarde\n|-boost|p2a: Zygarde|atk|1\n|-boost|p2a: Zygarde|def|1\n|move|p2a: Zygarde|Thousand Arrows|p1a: Belli boiii|[spread] p1a,p1b\n|debug|Spread modifier: 0.75\n|-supereffective|p1a: Belli boiii\n|debug|Spread modifier: 0.75\n|-damage|p1a: Belli boiii|0 fnt\n|-damage|p1b: Dun Dun DUNNN|35/449\n|faint|p1a: Belli boiii\n|debug|doubling secondary chance\n|move|p1b: Dun Dun DUNNN|Body Slam|p2a: Zygarde\n|-resisted|p2a: Zygarde\n|-activate|p2a: Zygarde|move: Substitute|[damage]\n|\n|-damage|p2b: Zeraora|136/380 psn|[from] psn\n|upkeep\n|\n|t:|1703288802\n|switch|p1a: 4 Loko Koko|Tapu Koko|268/281\n|-fieldstart|move: Electric Terrain|[from] ability: Electric Surge|[of] p1a: 4 Loko Koko\n|turn|7\n|\n|t:|1703288811\n|move|p1b: Dun Dun DUNNN|Protect|p1b: Dun Dun DUNNN\n|-singleturn|p1b: Dun Dun DUNNN|Protect\n|move|p2b: Zeraora|Electroweb|p1b: Dun Dun DUNNN|[spread] p1a\n|-activate|p1b: Dun Dun DUNNN|move: Protect\n|debug|electric terrain boost\n|debug|Spread modifier: 0.75\n|-resisted|p1a: 4 Loko Koko\n|-damage|p1a: 4 Loko Koko|227/281\n|-unboost|p1a: 4 Loko Koko|spe|1\n|move|p2a: Zygarde|Thousand Arrows|p1a: 4 Loko Koko|[spread] p1a\n|-activate|p1b: Dun Dun DUNNN|move: Protect\n|debug|Spread modifier: 0.75\n|-supereffective|p1a: 4 Loko Koko\n|-damage|p1a: 4 Loko Koko|0 fnt\n|faint|p1a: 4 Loko Koko\n|\n|-damage|p2b: Zeraora|89/380 psn|[from] psn\n|upkeep\n|\n|t:|1703288832\n|switch|p1a: Iron Bunz|Iron Bundle|253/253\n|-activate|p1a: Iron Bunz|ability: Quark Drive\n|-start|p1a: Iron Bunz|quarkdrivespe\n|turn|8\n|debug|Quark Drive spe boost\n|debug|Quark Drive spe boost\n|\n|t:|1703288849\n|switch|p2b: Rillaboom|Rillaboom, F|404/404\n|-fieldstart|move: Grassy Terrain|[from] ability: Grassy Surge|[of] p2b: Rillaboom\n|-end|p1a: Iron Bunz|Quark Drive\n|move|p1a: Iron Bunz|Hydro Pump|p2a: Zygarde|[miss]\n|-miss|p1a: Iron Bunz|p2a: Zygarde\n|move|p2a: Zygarde|Thousand Arrows|p1a: Iron Bunz|[spread] p1a,p1b\n|debug|Spread modifier: 0.75\n|debug|Spread modifier: 0.75\n|-enditem|p1a: Iron Bunz|Focus Sash\n|-damage|p1a: Iron Bunz|1/253\n|-damage|p1b: Dun Dun DUNNN|0 fnt\n|faint|p1b: Dun Dun DUNNN\n|\n|-heal|p1a: Iron Bunz|16/253|[from] Grassy Terrain\n|upkeep\n|\n|t:|1703288860\n|switch|p1b: Undertaker|Houndstone, M|304/304\n|turn|9\n|\n|t:|1703288886\n|move|p1a: Iron Bunz|Protect|p1a: Iron Bunz\n|-singleturn|p1a: Iron Bunz|Protect\n|move|p2b: Rillaboom|Grassy Glide|p1a: Iron Bunz\n|-activate|p1a: Iron Bunz|move: Protect\n|move|p2a: Zygarde|Thousand Arrows|p1a: Iron Bunz|[spread] p1b\n|-activate|p1a: Iron Bunz|move: Protect\n|debug|Spread modifier: 0.75\n|-damage|p1b: Undertaker|0 fnt\n|faint|p1b: Undertaker\n|\n|-heal|p1a: Iron Bunz|31/253|[from] Grassy Terrain\n|upkeep\n|turn|10\n|\n|t:|1703288902\n|move|p2b: Rillaboom|Grassy Glide|p1a: Iron Bunz\n|debug|grassy terrain boost\n|-supereffective|p1a: Iron Bunz\n|-damage|p1a: Iron Bunz|0 fnt\n|faint|p1a: Iron Bunz\n|-end|p1a: Iron Bunz|Quark Drive|[silent]\n|\n|win|mattmandaman\n","uploadtime":1703288907,"views":"59","formatid":"gen9doublescustomgame","rating":null,"private":0,"password":null}