{"id":"gen9doublescustomgame-2356440041","format":"[Gen 9] Doubles Custom Game","players":["mistermoscow","Mango Meloetta"],"log":"|j|☆mistermoscow\n|j|☆Mango Meloetta\n|t:|1746326816\n|gametype|doubles\n|player|p1|mistermoscow|alder|\n|player|p2|Mango Meloetta|ghetsis-gen5bw|\n|teamsize|p1|6\n|teamsize|p2|6\n|gen|9\n|tier|[Gen 9] Doubles Custom Game\n|clearpoke\n|poke|p1|Clefairy, M|\n|poke|p1|Primeape, M|\n|poke|p1|Exeggutor, M|\n|poke|p1|Mr. Mime, F|\n|poke|p1|Jolteon, M|\n|poke|p1|Dragonite, M|\n|poke|p2|Electabuzz, F|\n|poke|p2|Arcanine, M|\n|poke|p2|Weezing, F|\n|poke|p2|Snorlax, M|\n|poke|p2|Persian, F|\n|poke|p2|Pinsir, M|\n|teampreview\n|c|☆Mango Meloetta|yeee\n|c|☆Mango Meloetta|official?\n|c|☆mistermoscow|yeee\n|c|☆Mango Meloetta|yeee\n|\n|t:|1746326856\n|start\n|switch|p1a: Sparky|Jolteon, M|271/271\n|switch|p1b: Mimsy|Mr. Mime, F|284/284\n|switch|p2a: Pinsir|Pinsir, M|271/271\n|switch|p2b: Persian|Persian, F|272/272\n|turn|1\n|\n|t:|1746326905\n|move|p2b: Persian|Fake Out|p1a: Sparky\n|debug|Base Power: 40\n|debug|Technician boost\n|-damage|p1a: Sparky|193/271\n|move|p1b: Mimsy|Fake Out|p2b: Persian\n|-damage|p2b: Persian|250/272\n|cant|p1a: Sparky|flinch\n|move|p2a: Pinsir|X-Scissor|p1b: Mimsy\n|-damage|p1b: Mimsy|94/284\n|\n|upkeep\n|turn|2\n|\n|t:|1746326962\n|switch|p1b: Clifford|Clefairy, M|282/282\n|move|p2b: Persian|U-turn|p1a: Sparky\n|debug|Base Power: 70\n|debug|Friend Guard weaken\n|-damage|p1a: Sparky|151/271\n|\n|t:|1746326967\n|switch|p2b: Weezing|Weezing, F|334/334|[from] U-turn\n|move|p1a: Sparky|Reflect|p1a: Sparky\n|-sidestart|p1: mistermoscow|Reflect\n|move|p2a: Pinsir|X-Scissor|p1b: Clifford\n|-resisted|p1b: Clifford\n|debug|Reflect weaken\n|-damage|p1b: Clifford|234/282\n|\n|upkeep\n|turn|3\n|\n|t:|1746326993\n|switch|p2a: Persian|Persian, F|250/272\n|switch|p1b: Apollo|Primeape, M|271/271\n|move|p1a: Sparky|Light Screen|p1a: Sparky\n|-sidestart|p1: mistermoscow|move: Light Screen\n|move|p2b: Weezing|Poison Gas|p1a: Sparky|[spread] p1b\n|-miss|p2b: Weezing|p1a: Sparky\n|-status|p1b: Apollo|psn\n|\n|-damage|p1b: Apollo|238/271 psn|[from] psn\n|upkeep\n|turn|4\n|\n|t:|1746327018\n|switch|p1a: Clifford|Clefairy, M|234/282\n|move|p2a: Persian|Fake Out|p1b: Apollo\n|debug|Base Power: 40\n|debug|Technician boost\n|debug|Friend Guard weaken\n|debug|Reflect weaken\n|-damage|p1b: Apollo|205/271 psn\n|cant|p1b: Apollo|flinch\n|move|p2b: Weezing|Heat Wave|p1b: Apollo|[spread] p1b\n|-miss|p2b: Weezing|p1a: Clifford\n|debug|Spread modifier: 0.75\n|debug|Friend Guard weaken\n|debug|Light Screen weaken\n|-damage|p1b: Apollo|185/271 psn\n|\n|-damage|p1b: Apollo|152/271 psn|[from] psn\n|upkeep\n|turn|5\n|\n|t:|1746327046\n|switch|p2a: Pinsir|Pinsir, M|271/271\n|move|p1b: Apollo|Bulk Up|p1b: Apollo\n|-boost|p1b: Apollo|atk|1\n|-boost|p1b: Apollo|def|1\n|move|p2b: Weezing|Poison Gas|p1b: Apollo|[spread] \n|-miss|p2b: Weezing|p1a: Clifford\n|-fail|p1b: Apollo|psn\n|debug|move failed because it did nothing\n|move|p1a: Clifford|Heal Pulse|p1b: Apollo\n|-heal|p1b: Apollo|271/271 psn\n|\n|-damage|p1b: Apollo|238/271 psn|[from] psn\n|upkeep\n|turn|6\n|\n|t:|1746327076\n|move|p2a: Pinsir|Knock Off|p1b: Apollo\n|-resisted|p1b: Apollo\n|debug|Friend Guard weaken\n|debug|Reflect weaken\n|-damage|p1b: Apollo|214/271 psn\n|-enditem|p1b: Apollo|Eviolite|[from] move: Knock Off|[of] p2a: Pinsir\n|move|p1b: Apollo|Rage Fist|p2b: Weezing\n|-damage|p2b: Weezing|34/334\n|move|p2b: Weezing|Stockpile|p2b: Weezing\n|-start|p2b: Weezing|stockpile1\n|-boost|p2b: Weezing|def|1\n|-boost|p2b: Weezing|spd|1\n|move|p1a: Clifford|Heal Pulse|p1b: Apollo\n|-heal|p1b: Apollo|271/271 psn\n|\n|-heal|p2b: Weezing|54/334|[from] item: Black Sludge\n|-damage|p1b: Apollo|238/271 psn|[from] psn\n|upkeep\n|turn|7\n|\n|t:|1746327103\n|switch|p2a: Arcanine|Arcanine, M|321/321\n|-ability|p2a: Arcanine|Intimidate|boost\n|-unboost|p1a: Clifford|atk|1\n|-unboost|p1b: Apollo|atk|1\n|-ability|p1b: Apollo|Defiant|boost\n|-boost|p1b: Apollo|atk|2\n|move|p2b: Weezing|Protect|p2b: Weezing\n|-singleturn|p2b: Weezing|Protect\n|move|p1b: Apollo|Rage Fist|p2a: Arcanine\n|-damage|p2a: Arcanine|0 fnt\n|faint|p2a: Arcanine\n|move|p1a: Clifford|Seismic Toss|p2b: Weezing\n|-activate|p2b: Weezing|move: Protect\n|\n|-heal|p2b: Weezing|74/334|[from] item: Black Sludge\n|-damage|p1b: Apollo|205/271 psn|[from] psn\n|upkeep\n|c|☆Mango Meloetta|ooof\n|c|☆Mango Meloetta|defiant lol\n|\n|t:|1746327123\n|switch|p2a: Persian|Persian, F|250/272\n|turn|8\n|\n|t:|1746327141\n|switch|p2b: Electabuzz|Electabuzz, F|334/334\n|move|p2a: Persian|Fake Out|p1b: Apollo\n|debug|Base Power: 40\n|debug|Technician boost\n|debug|Friend Guard weaken\n|debug|Reflect weaken\n|-damage|p1b: Apollo|174/271 psn\n|cant|p1b: Apollo|flinch\n|move|p1a: Clifford|Heal Pulse|p1b: Apollo\n|-heal|p1b: Apollo|271/271 psn\n|\n|-damage|p1b: Apollo|238/271 psn|[from] psn\n|upkeep\n|turn|9\n|\n|t:|1746327227\n|switch|p2a: Snorlax|Snorlax, M|524/524\n|switch|p1a: Sparky|Jolteon, M|151/271\n|move|p2b: Electabuzz|Electroweb|p1a: Sparky|[spread] \n|-heal|p1a: Sparky|218/271|[from] ability: Volt Absorb|[of] p2b: Electabuzz\n|-miss|p2b: Electabuzz|p1b: Apollo\n|move|p1b: Apollo|Rage Fist|p2b: Electabuzz\n|-damage|p2b: Electabuzz|0 fnt\n|faint|p2b: Electabuzz\n|\n|-damage|p1b: Apollo|205/271 psn|[from] psn\n|-sideend|p1: mistermoscow|Reflect\n|upkeep\n|c|☆Mango Meloetta|f\n|\n|t:|1746327238\n|switch|p2b: Persian|Persian, F|250/272\n|turn|10\n|\n|t:|1746327251\n|move|p2b: Persian|Fake Out|p1b: Apollo\n|debug|Base Power: 40\n|debug|Technician boost\n|-damage|p1b: Apollo|142/271 psn\n|move|p1a: Sparky|Reflect|p1a: Sparky\n|-sidestart|p1: mistermoscow|Reflect\n|cant|p1b: Apollo|flinch\n|move|p2a: Snorlax|Belly Drum|p2a: Snorlax\n|-damage|p2a: Snorlax|262/524\n|-setboost|p2a: Snorlax|atk|6|[from] move: Belly Drum\n|-enditem|p2a: Snorlax|Figy Berry|[eat]\n|-heal|p2a: Snorlax|436/524|[from] item: Figy Berry\n|\n|-damage|p1b: Apollo|109/271 psn|[from] psn\n|-sideend|p1: mistermoscow|move: Light Screen\n|upkeep\n|turn|11\n|\n|t:|1746327267\n|move|p2b: Persian|Bite|p1b: Apollo\n|debug|Base Power: 60\n|debug|Technician boost\n|-resisted|p1b: Apollo\n|debug|Reflect weaken\n|-damage|p1b: Apollo|88/271 psn\n|move|p1a: Sparky|Electroweb|p2a: Snorlax|[spread] p2a,p2b\n|debug|Spread modifier: 0.75\n|debug|Spread modifier: 0.75\n|-damage|p2a: Snorlax|390/524\n|-damage|p2b: Persian|178/272\n|-unboost|p2a: Snorlax|spe|1\n|-unboost|p2b: Persian|spe|1\n|move|p1b: Apollo|Drain Punch|p2a: Snorlax\n|-supereffective|p2a: Snorlax\n|-damage|p2a: Snorlax|0 fnt\n|-heal|p1b: Apollo|271/271 psn|[from] drain|[of] p2a: Snorlax\n|faint|p2a: Snorlax\n|\n|-damage|p1b: Apollo|238/271 psn|[from] psn\n|upkeep\n|c|☆Mango Meloetta|damn haha\n|\n|t:|1746327282\n|switch|p2a: Weezing|Weezing, F|74/334\n|turn|12\n|\n|t:|1746327296\n|move|p1a: Sparky|Light Screen|p1a: Sparky\n|-sidestart|p1: mistermoscow|move: Light Screen\n|move|p2b: Persian|Bite|p1a: Sparky\n|debug|Base Power: 60\n|debug|Technician boost\n|debug|Reflect weaken\n|-damage|p1a: Sparky|167/271\n|move|p1b: Apollo|Drain Punch|p2b: Persian\n|-supereffective|p2b: Persian\n|-damage|p2b: Persian|0 fnt\n|-heal|p1b: Apollo|271/271 psn|[from] drain|[of] p2b: Persian\n|faint|p2b: Persian\n|move|p2a: Weezing|Poison Gas|p1b: Apollo|[spread] p1a,p1b\n|-status|p1a: Sparky|psn\n|-fail|p1b: Apollo|psn\n|\n|-heal|p2a: Weezing|94/334|[from] item: Black Sludge\n|-damage|p1a: Sparky|134/271 psn|[from] psn\n|-damage|p1b: Apollo|238/271 psn|[from] psn\n|upkeep\n|\n|t:|1746327300\n|switch|p2b: Pinsir|Pinsir, M|271/271\n|turn|13\n|\n|t:|1746327313\n|move|p1a: Sparky|Electroweb|p2a: Weezing|[spread] p2a,p2b\n|debug|Spread modifier: 0.75\n|debug|Spread modifier: 0.75\n|-damage|p2a: Weezing|49/334\n|-damage|p2b: Pinsir|201/271\n|-unboost|p2a: Weezing|spe|1\n|-unboost|p2b: Pinsir|spe|1\n|move|p1b: Apollo|Rage Fist|p2b: Pinsir\n|-damage|p2b: Pinsir|0 fnt\n|faint|p2b: Pinsir\n|move|p2a: Weezing|Heat Wave|p1b: Apollo|[spread] p1a,p1b\n|debug|Spread modifier: 0.75\n|debug|Light Screen weaken\n|debug|Spread modifier: 0.75\n|debug|Light Screen weaken\n|-damage|p1a: Sparky|99/271 psn\n|-damage|p1b: Apollo|199/271 psn\n|\n|-heal|p2a: Weezing|69/334|[from] item: Black Sludge\n|-damage|p1a: Sparky|66/271 psn|[from] psn\n|-damage|p1b: Apollo|166/271 psn|[from] psn\n|upkeep\n|turn|14\n|\n|t:|1746327352\n|move|p1a: Sparky|Electroweb|p2a: Weezing|[miss]\n|-miss|p1a: Sparky|p2a: Weezing\n|move|p1b: Apollo|Rage Fist|p2a: Weezing\n|-damage|p2a: Weezing|0 fnt\n|faint|p2a: Weezing\n|\n|win|mistermoscow\n|c|☆Mango Meloetta|ahh gg haha\n|c|☆mistermoscow|gg\n|c|☆Mango Meloetta|rematch?\n|c|☆mistermoscow|yee\n","uploadtime":1746327364,"views":"12","formatid":"gen9doublescustomgame","rating":null,"private":0,"password":null}