{"id":"gen9doublescustomgame-2017915638","format":"[Gen 9] Doubles Custom Game","players":["je64","mattmandaman"],"log":"|j|☆je64\n|j|☆mattmandaman\n|t:|1703291270\n|gametype|doubles\n|player|p1|je64|2|\n|player|p2|mattmandaman|giovanni|\n|teamsize|p1|6\n|teamsize|p2|6\n|gen|9\n|tier|[Gen 9] Doubles Custom Game\n|clearpoke\n|poke|p1|Dragonite, M|\n|poke|p1|Cresselia, F|\n|poke|p1|Whimsicott, M|\n|poke|p1|Incineroar, M|\n|poke|p1|Magearna|\n|poke|p1|Landorus, M|\n|poke|p2|Volcanion|\n|poke|p2|Zygarde|\n|poke|p2|Rillaboom, M|\n|poke|p2|Tornadus, M|\n|poke|p2|Dracovish|\n|poke|p2|Porygon2|\n|teampreview\n|j| Weedichu\n|\n|t:|1703291372\n|start\n|switch|p1a: Fastpass|Dragonite, M|386/386\n|switch|p1b: Puff Daddy|Whimsicott, M|262/262\n|switch|p2a: Porygon2|Porygon2|374/374\n|switch|p2b: Volcanion|Volcanion|364/364\n|-ability|p2a: Porygon2|Prankster|[from] ability: Trace|[of] p1b: Puff Daddy\n|turn|1\n|\n|t:|1703291423\n|-terastallize|p1a: Fastpass|Normal\n|move|p1b: Puff Daddy|Tailwind|p1b: Puff Daddy\n|-sidestart|p1: je64|move: Tailwind\n|move|p1a: Fastpass|Dragon Claw|p2b: Volcanion\n|-damage|p2b: Volcanion|237/364\n|move|p2b: Volcanion|Heat Wave|p1a: Fastpass|[spread] p1a,p1b\n|debug|Spread modifier: 0.75\n|debug|Multiscale weaken\n|debug|Spread modifier: 0.75\n|-supereffective|p1b: Puff Daddy\n|-damage|p1a: Fastpass|317/386\n|-enditem|p1b: Puff Daddy|Focus Sash\n|-damage|p1b: Puff Daddy|1/262\n|debug|Covert Cloak prevent secondary\n|move|p2a: Porygon2|Icy Wind|p1a: Fastpass|[spread] p1b\n|-miss|p2a: Porygon2|p1a: Fastpass\n|debug|Spread modifier: 0.75\n|-supereffective|p1b: Puff Daddy\n|-damage|p1b: Puff Daddy|0 fnt\n|faint|p1b: Puff Daddy\n|\n|upkeep\n|\n|t:|1703291465\n|switch|p1b: Lands R Us|Landorus, M|320/320\n|turn|2\n|\n|t:|1703291488\n|move|p1b: Lands R Us|Protect|p1b: Lands R Us\n|-singleturn|p1b: Lands R Us|Protect\n|move|p2b: Volcanion|Protect|p2b: Volcanion\n|-singleturn|p2b: Volcanion|Protect\n|move|p1a: Fastpass|Roost|p1a: Fastpass\n|-heal|p1a: Fastpass|386/386\n|move|p2a: Porygon2|Trick Room|p2a: Porygon2\n|-fieldstart|move: Trick Room|[of] p2a: Porygon2\n|\n|upkeep\n|turn|3\n|\n|t:|1703291525\n|move|p1a: Fastpass|Extreme Speed|p2b: Volcanion\n|-damage|p2b: Volcanion|107/364\n|move|p2b: Volcanion|Steam Eruption|p1b: Lands R Us\n|-supereffective|p1b: Lands R Us\n|-damage|p1b: Lands R Us|0 fnt\n|debug|move failed because it did nothing\n|faint|p1b: Lands R Us\n|move|p2a: Porygon2|Teleport|p2a: Porygon2\n|\n|t:|1703291536\n|switch|p2a: Rillaboom|Rillaboom, M|404/404|[from] Teleport\n|-fieldstart|move: Grassy Terrain|[from] ability: Grassy Surge|[of] p2a: Rillaboom\n|\n|-heal|p2b: Volcanion|129/364|[from] Grassy Terrain\n|upkeep\n|\n|t:|1703291562\n|switch|p1b: Nolan's Bane|Cresselia, F|444/444\n|turn|4\n|\n|t:|1703291584\n|switch|p2b: Porygon2|Porygon2|374/374\n|-ability|p2b: Porygon2|Multiscale|[from] ability: Trace|[of] p1a: Fastpass\n|move|p1a: Fastpass|Extreme Speed|p2b: Porygon2\n|debug|Multiscale weaken\n|-damage|p2b: Porygon2|322/374\n|move|p2a: Rillaboom|Knock Off|p1b: Nolan's Bane\n|-supereffective|p1b: Nolan's Bane\n|-damage|p1b: Nolan's Bane|286/444\n|-enditem|p1b: Nolan's Bane|Safety Goggles|[from] move: Knock Off|[of] p2a: Rillaboom\n|move|p1b: Nolan's Bane|Icy Wind|p2a: Rillaboom|[spread] p2a,p2b\n|debug|Spread modifier: 0.75\n|-supereffective|p2a: Rillaboom\n|debug|Spread modifier: 0.75\n|-damage|p2a: Rillaboom|356/404\n|-damage|p2b: Porygon2|308/374\n|-unboost|p2a: Rillaboom|spe|1\n|-unboost|p2b: Porygon2|spe|1\n|\n|-heal|p2b: Porygon2|331/374|[from] Grassy Terrain\n|-heal|p2a: Rillaboom|381/404|[from] Grassy Terrain\n|debug|Pokemon semi-invuln or not grounded; Grassy Terrain skipped\n|-sideend|p1: je64|move: Tailwind\n|upkeep\n|turn|5\n|\n|t:|1703291629\n|move|p2b: Porygon2|Icy Wind|p1a: Fastpass|[spread] p1a,p1b\n|debug|Spread modifier: 0.75\n|debug|Multiscale weaken\n|debug|Spread modifier: 0.75\n|-damage|p1a: Fastpass|369/386\n|-damage|p1b: Nolan's Bane|259/444\n|debug|Covert Cloak prevent secondary\n|-unboost|p1b: Nolan's Bane|spe|1\n|move|p2a: Rillaboom|U-turn|p1b: Nolan's Bane\n|-supereffective|p1b: Nolan's Bane\n|-crit|p1b: Nolan's Bane\n|-damage|p1b: Nolan's Bane|67/444\n|\n|t:|1703291652\n|switch|p2a: Volcanion|Volcanion|129/364|[from] U-turn\n|move|p1b: Nolan's Bane|Calm Mind|p1b: Nolan's Bane\n|-boost|p1b: Nolan's Bane|spa|1\n|-boost|p1b: Nolan's Bane|spd|1\n|move|p1a: Fastpass|Ice Spinner|p2a: Volcanion\n|-resisted|p2a: Volcanion\n|-damage|p2a: Volcanion|106/364\n|-fieldend|move: Grassy Terrain\n|\n|upkeep\n|turn|6\n|\n|t:|1703291687\n|switch|p2a: Rillaboom|Rillaboom, M|381/404\n|-fieldstart|move: Grassy Terrain|[from] ability: Grassy Surge|[of] p2a: Rillaboom\n|move|p1a: Fastpass|Extreme Speed|p2a: Rillaboom\n|-damage|p2a: Rillaboom|203/404\n|move|p1b: Nolan's Bane|Lunar Blessing|p1b: Nolan's Bane|[spread] p1a,p1b\n|-heal|p1a: Fastpass|386/386\n|-heal|p1b: Nolan's Bane|178/444\n|move|p2b: Porygon2|Teleport|p2b: Porygon2\n|\n|t:|1703291698\n|switch|p2b: Dracovish|Dracovish|322/322|[from] Teleport\n|\n|debug|Pokemon semi-invuln or not grounded; Grassy Terrain skipped\n|-heal|p2a: Rillaboom|228/404|[from] Grassy Terrain\n|-fieldend|move: Trick Room\n|upkeep\n|turn|7\n|\n|t:|1703291728\n|move|p2a: Rillaboom|Fake Out|p1a: Fastpass\n|debug|Multiscale weaken\n|-damage|p1a: Fastpass|360/386\n|debug|Covert Cloak prevent secondary\n|move|p2b: Dracovish|Fishious Rend|p1b: Nolan's Bane\n|debug|Fishious Rend damage boost\n|-damage|p1b: Nolan's Bane|0 fnt\n|faint|p1b: Nolan's Bane\n|move|p1a: Fastpass|Dragon Claw|p2b: Dracovish\n|-supereffective|p2b: Dracovish\n|-damage|p2b: Dracovish|4/322\n|\n|-heal|p2b: Dracovish|24/322|[from] Grassy Terrain\n|-heal|p2a: Rillaboom|253/404|[from] Grassy Terrain\n|-heal|p1a: Fastpass|384/386|[from] Grassy Terrain\n|upkeep\n|\n|t:|1703291764\n|switch|p1b: I Ma-gearna kill u|Magearna|364/364\n|turn|8\n|\n|t:|1703291831\n|switch|p2b: Porygon2|Porygon2|331/374\n|-ability|p2b: Porygon2|Soul-Heart|[from] ability: Trace|[of] p1b: I Ma-gearna kill u\n|move|p1a: Fastpass|Extreme Speed|p2b: Porygon2\n|-damage|p2b: Porygon2|220/374\n|move|p2a: Rillaboom|Knock Off|p1a: Fastpass\n|-damage|p1a: Fastpass|247/386\n|-enditem|p1a: Fastpass|Covert Cloak|[from] move: Knock Off|[of] p2a: Rillaboom\n|move|p1b: I Ma-gearna kill u|Agility|p1b: I Ma-gearna kill u\n|-boost|p1b: I Ma-gearna kill u|spe|2\n|\n|-heal|p2a: Rillaboom|278/404|[from] Grassy Terrain\n|-heal|p1a: Fastpass|271/386|[from] Grassy Terrain\n|-heal|p2b: Porygon2|243/374|[from] Grassy Terrain\n|upkeep\n|turn|9\n|\n|t:|1703291875\n|move|p1a: Fastpass|Extreme Speed|p2b: Porygon2\n|-damage|p2b: Porygon2|129/374\n|move|p1b: I Ma-gearna kill u|Flash Cannon|p2b: Porygon2\n|-damage|p2b: Porygon2|53/374\n|move|p2a: Rillaboom|U-turn|p1b: I Ma-gearna kill u\n|-resisted|p1b: I Ma-gearna kill u\n|-damage|p1b: I Ma-gearna kill u|344/364\n|\n|t:|1703291885\n|switch|p2a: Zygarde|Zygarde|358/358|[from] U-turn\n|-ability|p2a: Zygarde|Aura Break\n|move|p2b: Porygon2|Teleport|p2b: Porygon2\n|\n|t:|1703291890\n|switch|p2b: Tornadus|Tornadus, M|300/300|[from] Teleport\n|\n|-heal|p1b: I Ma-gearna kill u|364/364|[from] Grassy Terrain\n|debug|Pokemon semi-invuln or not grounded; Grassy Terrain skipped\n|-heal|p1a: Fastpass|295/386|[from] Grassy Terrain\n|upkeep\n|turn|10\n|\n|t:|1703291934\n|-terastallize|p2a: Zygarde|Ground\n|move|p1a: Fastpass|Extreme Speed|p2b: Tornadus\n|-damage|p2b: Tornadus|96/300\n|move|p2b: Tornadus|Tailwind|p2b: Tornadus\n|-sidestart|p2: mattmandaman|move: Tailwind\n|move|p2a: Zygarde|Thousand Arrows|p1a: Fastpass|[spread] p1a,p1b\n|debug|Spread modifier: 0.75\n|-crit|p1a: Fastpass\n|debug|Spread modifier: 0.75\n|-supereffective|p1b: I Ma-gearna kill u\n|-crit|p1b: I Ma-gearna kill u\n|-damage|p1a: Fastpass|0 fnt\n|-damage|p1b: I Ma-gearna kill u|0 fnt\n|faint|p1a: Fastpass\n|faint|p1b: I Ma-gearna kill u\n|\n|debug|Pokemon semi-invuln or not grounded; Grassy Terrain skipped\n|-fieldend|move: Grassy Terrain\n|upkeep\n|\n|t:|1703291951\n|switch|p1a: Chairman Mao|Incineroar, M|394/394\n|-ability|p1a: Chairman Mao|Intimidate|boost\n|-unboost|p2a: Zygarde|atk|1\n|-unboost|p2b: Tornadus|atk|1\n|turn|11\n|\n|t:|1703291958\n|move|p1a: Chairman Mao|Fake Out|p2a: Zygarde\n|-damage|p2a: Zygarde|321/358\n|move|p2b: Tornadus|Leer|p1a: Chairman Mao\n|debug|natural prankster immunity\n|-hint|Since gen 7, Dark is immune to Prankster moves.\n|-immune|p1a: Chairman Mao\n|cant|p2a: Zygarde|flinch\n|\n|upkeep\n|turn|12\n|\n|t:|1703291971\n|move|p2b: Tornadus|Bleakwind Storm|p1a: Chairman Mao\n|-damage|p1a: Chairman Mao|211/394\n|move|p2a: Zygarde|Thousand Arrows|p1a: Chairman Mao\n|-supereffective|p1a: Chairman Mao\n|-damage|p1a: Chairman Mao|0 fnt\n|faint|p1a: Chairman Mao\n|\n|win|mattmandaman\n|l|☆je64\n","uploadtime":1703291980,"views":"110","formatid":"gen9doublescustomgame","rating":null,"private":0,"password":null}