{"id":"gen9doublescustomgame-2303431645","format":"[Gen 9] Doubles Custom Game","players":["mattmandaman","mistermoscow"],"log":"|j|☆mattmandaman\n|j|☆mistermoscow\n|t:|1739921008\n|gametype|doubles\n|player|p1|mattmandaman|giovanni|\n|player|p2|mistermoscow|102|\n|teamsize|p1|6\n|teamsize|p2|6\n|gen|9\n|tier|[Gen 9] Doubles Custom Game\n|clearpoke\n|poke|p1|Slowpoke, F|\n|poke|p1|Dodrio, F|\n|poke|p1|Nidoking, M|\n|poke|p1|Starmie|\n|poke|p1|Electrode|\n|poke|p1|Gengar, M|\n|poke|p2|Fearow, M|\n|poke|p2|Nidoking, M|\n|poke|p2|Primeape, M|\n|poke|p2|Dewgong, M|\n|poke|p2|Jolteon, M|\n|poke|p2|Dragonite, M|\n|teampreview\n|\n|t:|1739921065\n|start\n|switch|p1a: Gengar|Gengar, M|262/262\n|switch|p1b: Electrode|Electrode|289/289\n|switch|p2a: King Nido|Nidoking, M|304/304\n|switch|p2b: Sparky|Jolteon, M|272/272\n|-item|p2b: Sparky|Air Balloon\n|turn|1\n|\n|t:|1739921109\n|move|p1a: Gengar|Protect|p1a: Gengar\n|-singleturn|p1a: Gengar|Protect\n|move|p1b: Electrode|Signal Beam|p2b: Sparky\n|-damage|p2b: Sparky|199/272\n|-enditem|p2b: Sparky|Air Balloon\n|move|p2a: King Nido|Earthquake|p1a: Gengar|[spread] p2b,p1b\n|-activate|p1a: Gengar|move: Protect\n|debug|Spread modifier: 0.75\n|-supereffective|p2b: Sparky\n|debug|Spread modifier: 0.75\n|-supereffective|p1b: Electrode\n|-damage|p2b: Sparky|0 fnt\n|-damage|p1b: Electrode|0 fnt\n|faint|p2b: Sparky\n|faint|p1b: Electrode\n|\n|upkeep\n|c|☆mistermoscow|rip jolteon lol\n|\n|t:|1739921139\n|switch|p1b: Slowpoke|Slowpoke, F|384/384\n|switch|p2b: Puff Daddy|Dragonite, M|324/324\n|turn|2\n|\n|t:|1739921177\n|switch|p1a: Dodrio|Dodrio, F|262/262\n|move|p2a: King Nido|Earthquake|p1a: Dodrio|[spread] p1b\n|-immune|p2b: Puff Daddy\n|-immune|p1a: Dodrio\n|debug|Spread modifier: 0.75\n|-damage|p1b: Slowpoke|216/384\n|move|p2b: Puff Daddy|Dragon Claw|p1a: Dodrio\n|-enditem|p1a: Dodrio|Focus Sash\n|-damage|p1a: Dodrio|1/262\n|move|p1b: Slowpoke|Psychic Terrain|p1b: Slowpoke\n|-fieldstart|move: Psychic Terrain\n|\n|upkeep\n|turn|3\n|\n|t:|1739921205\n|switch|p2a: Dewey|Dewgong, M|384/384\n|switch|p2b: Big Bird|Fearow, M|334/334\n|move|p1a: Dodrio|Tailwind|p1a: Dodrio\n|-sidestart|p1: mattmandaman|move: Tailwind\n|move|p1b: Slowpoke|Teleport|p1b: Slowpoke\n|\n|t:|1739921214\n|switch|p1b: Starmie|Starmie|262/262|[from] Teleport\n|\n|upkeep\n|turn|4\n|\n|t:|1739921238\n|move|p1b: Starmie|Expanding Force|p2b: Big Bird|[spread] p2a,p2b\n|debug|psychic terrain boost\n|debug|terrain buff\n|debug|Spread modifier: 0.75\n|debug|psychic terrain boost\n|debug|terrain buff\n|debug|Spread modifier: 0.75\n|-damage|p2a: Dewey|150/384\n|-damage|p2b: Big Bird|0 fnt\n|faint|p2b: Big Bird\n|move|p1a: Dodrio|Drill Peck|p2a: Dewey\n|-crit|p2a: Dewey\n|-damage|p2a: Dewey|0 fnt\n|faint|p2a: Dewey\n|\n|upkeep\n|\n|t:|1739921250\n|switch|p2b: King Nido|Nidoking, M|304/304\n|switch|p2a: Puff Daddy|Dragonite, M|324/324\n|turn|5\n|\n|t:|1739921261\n|move|p1b: Starmie|Expanding Force|p2b: King Nido|[spread] p2a,p2b\n|debug|psychic terrain boost\n|debug|terrain buff\n|debug|Spread modifier: 0.75\n|debug|psychic terrain boost\n|debug|terrain buff\n|debug|Spread modifier: 0.75\n|-supereffective|p2b: King Nido\n|-damage|p2a: Puff Daddy|59/324\n|-damage|p2b: King Nido|0 fnt\n|faint|p2b: King Nido\n|move|p1a: Dodrio|Endeavor|p2a: Puff Daddy\n|-damage|p2a: Puff Daddy|1/324\n|move|p2a: Puff Daddy|Ice Spinner|p1a: Dodrio\n|-supereffective|p1a: Dodrio\n|-damage|p1a: Dodrio|0 fnt\n|-fieldend|move: Psychic Terrain\n|faint|p1a: Dodrio\n|\n|upkeep\n|\n|t:|1739921272\n|switch|p1a: Gengar|Gengar, M|262/262\n|switch|p2b: Apollo|Primeape, M|334/334\n|turn|6\n|\n|t:|1739921291\n|move|p1b: Starmie|Expanding Force|p2a: Puff Daddy\n|-damage|p2a: Puff Daddy|0 fnt\n|faint|p2a: Puff Daddy\n|move|p1a: Gengar|Will-O-Wisp|p2b: Apollo\n|-status|p2b: Apollo|brn\n|move|p2b: Apollo|Rage Fist|p1b: Starmie\n|-supereffective|p1b: Starmie\n|-damage|p1b: Starmie|202/262\n|\n|-damage|p2b: Apollo|314/334 brn|[from] brn\n|-sideend|p1: mattmandaman|move: Tailwind\n|upkeep\n|turn|7\n|\n|t:|1739921306\n|move|p1b: Starmie|Expanding Force|p2b: Apollo\n|-supereffective|p2b: Apollo\n|-damage|p2b: Apollo|14/334 brn\n|move|p1a: Gengar|Psychic|p2b: Apollo\n|-supereffective|p2b: Apollo\n|-damage|p2b: Apollo|0 fnt\n|faint|p2b: Apollo\n|\n|win|mattmandaman\n|c|☆mistermoscow|gg\n|c|☆mattmandaman|gg\n|l|☆mistermoscow\n|player|p2|\n","uploadtime":1739921313,"views":"24","formatid":"gen9doublescustomgame","rating":null,"private":0,"password":null}