{"id":"gen9doublescustomgame-2314082456","format":"[Gen 9] Doubles Custom Game","players":["mistermoscow","je64"],"log":"|j|☆mistermoscow\n|j|☆je64\n|t:|1741304840\n|gametype|doubles\n|player|p1|mistermoscow|alder|\n|player|p2|je64|1|\n|teamsize|p1|6\n|teamsize|p2|6\n|gen|9\n|tier|[Gen 9] Doubles Custom Game\n|clearpoke\n|poke|p1|Clefairy, M|\n|poke|p1|Victreebel, M|\n|poke|p1|Gengar, M|\n|poke|p1|Exeggutor, M|\n|poke|p1|Mr. Mime, M|\n|poke|p1|Jolteon, M|\n|poke|p2|Electabuzz, F|\n|poke|p2|Gyarados, M|\n|poke|p2|Golduck, M|\n|poke|p2|Chansey, F|\n|poke|p2|Dewgong, F|\n|poke|p2|Venomoth, F|\n|teampreview\n|\n|t:|1741304850\n|start\n|switch|p1a: Eggman|Exeggutor, M|332/332\n|switch|p1b: Sparky|Jolteon, M|271/271\n|switch|p2a: Buzz Lightyear|Electabuzz, F|334/334\n|switch|p2b: Lizzo|Chansey, F|704/704\n|turn|1\n|\n|t:|1741304903\n|move|p1b: Sparky|Electroweb|p2a: Buzz Lightyear|[spread] p2a,p2b\n|debug|Spread modifier: 0.75\n|-resisted|p2a: Buzz Lightyear\n|debug|Spread modifier: 0.75\n|-damage|p2a: Buzz Lightyear|310/334\n|-damage|p2b: Lizzo|659/704\n|-unboost|p2a: Buzz Lightyear|spe|1\n|-unboost|p2b: Lizzo|spe|1\n|move|p1a: Eggman|Psychic Terrain|p1a: Eggman\n|-fieldstart|move: Psychic Terrain\n|move|p2a: Buzz Lightyear|Volt Switch|p1a: Eggman\n|-resisted|p1a: Eggman\n|-damage|p1a: Eggman|278/332\n|\n|t:|1741304915\n|switch|p2a: Venomoth|Venomoth, F|281/281|[from] Volt Switch\n|move|p2b: Lizzo|Thunder Wave|p1a: Eggman\n|-status|p1a: Eggman|par\n|\n|-heal|p1a: Eggman|298/332 par|[from] item: Leftovers\n|upkeep\n|turn|2\n|\n|t:|1741304951\n|move|p1b: Sparky|Electroweb|p2b: Lizzo|[spread] p2a,p2b\n|debug|Spread modifier: 0.75\n|debug|Spread modifier: 0.75\n|-damage|p2a: Venomoth|196/281\n|-damage|p2b: Lizzo|620/704\n|-unboost|p2a: Venomoth|spe|1\n|-unboost|p2b: Lizzo|spe|1\n|move|p2a: Venomoth|Bug Buzz|p1a: Eggman\n|-supereffective|p1a: Eggman\n|-damage|p1a: Eggman|0 fnt\n|faint|p1a: Eggman\n|-enditem|p2a: Venomoth|Throat Spray\n|-boost|p2a: Venomoth|spa|1|[from] item: Throat Spray\n|move|p2b: Lizzo|Seismic Toss|p1b: Sparky\n|-damage|p1b: Sparky|171/271\n|\n|upkeep\n|\n|t:|1741304971\n|switch|p1a: Mimsy|Mr. Mime, M|222/222\n|turn|3\n|\n|t:|1741304983\n|move|p2a: Venomoth|Protect|p2a: Venomoth\n|-singleturn|p2a: Venomoth|Protect\n|move|p1b: Sparky|Electroweb|p2b: Lizzo|[spread] p2b\n|-activate|p2a: Venomoth|move: Protect\n|debug|Spread modifier: 0.75\n|-damage|p2b: Lizzo|575/704\n|-unboost|p2b: Lizzo|spe|1\n|move|p1a: Mimsy|Expanding Force|p2b: Lizzo|[spread] p2b\n|-activate|p2a: Venomoth|move: Protect\n|debug|psychic terrain boost\n|debug|terrain buff\n|debug|Spread modifier: 0.75\n|-damage|p2b: Lizzo|464/704\n|move|p2b: Lizzo|Thunder Wave|p1a: Mimsy\n|-status|p1a: Mimsy|par\n|\n|upkeep\n|turn|4\n|\n|t:|1741305013\n|move|p1b: Sparky|Electroweb|p2a: Venomoth|[spread] p2a,p2b\n|debug|Spread modifier: 0.75\n|debug|Spread modifier: 0.75\n|-damage|p2a: Venomoth|118/281\n|-damage|p2b: Lizzo|419/704\n|-unboost|p2a: Venomoth|spe|1\n|-unboost|p2b: Lizzo|spe|1\n|move|p1a: Mimsy|Expanding Force|p2b: Lizzo|[spread] p2a,p2b\n|debug|psychic terrain boost\n|debug|terrain buff\n|debug|Spread modifier: 0.75\n|-supereffective|p2a: Venomoth\n|debug|psychic terrain boost\n|debug|terrain buff\n|debug|Spread modifier: 0.75\n|-damage|p2a: Venomoth|0 fnt\n|-damage|p2b: Lizzo|311/704\n|faint|p2a: Venomoth\n|move|p2b: Lizzo|Rain Dance|p2b: Lizzo\n|-weather|RainDance\n|\n|-weather|RainDance|[upkeep]\n|upkeep\n|\n|t:|1741305072\n|switch|p2a: Golduck|Golduck, M|333/333\n|turn|5\n|\n|t:|1741305084\n|move|p2a: Golduck|Muddy Water|p1b: Sparky|[spread] p1a,p1b\n|debug|Spread modifier: 0.75\n|debug|rain water boost\n|debug|Spread modifier: 0.75\n|debug|rain water boost\n|-damage|p1a: Mimsy|45/222 par\n|-damage|p1b: Sparky|0 fnt\n|debug|Covert Cloak prevent secondary\n|faint|p1b: Sparky\n|-damage|p2a: Golduck|300/333|[from] item: Life Orb\n|move|p1a: Mimsy|Light Screen|p1a: Mimsy\n|-sidestart|p1: mistermoscow|move: Light Screen\n|move|p2b: Lizzo|Soft-Boiled|p2b: Lizzo\n|-heal|p2b: Lizzo|663/704\n|\n|-weather|RainDance|[upkeep]\n|-fieldend|move: Psychic Terrain\n|upkeep\n|\n|t:|1741305096\n|switch|p1b: Clifford|Clefairy, M|282/282\n|turn|6\n|\n|t:|1741305107\n|move|p2a: Golduck|Muddy Water|p1a: Mimsy|[spread] p1a,p1b\n|debug|Spread modifier: 0.75\n|debug|rain water boost\n|debug|Friend Guard weaken\n|debug|Light Screen weaken\n|debug|Spread modifier: 0.75\n|debug|rain water boost\n|debug|Light Screen weaken\n|-damage|p1a: Mimsy|0 fnt\n|-damage|p1b: Clifford|190/282\n|faint|p1a: Mimsy\n|-damage|p2a: Golduck|267/333|[from] item: Life Orb\n|move|p1b: Clifford|Sunny Day|p1b: Clifford\n|-weather|SunnyDay\n|move|p2b: Lizzo|Thunder Wave|p1b: Clifford\n|-status|p1b: Clifford|par\n|\n|-weather|SunnyDay|[upkeep]\n|upkeep\n|\n|t:|1741305117\n|switch|p1a: Victor|Victreebel, M|333/333\n|turn|7\n|\n|t:|1741305142\n|move|p2a: Golduck|Protect|p2a: Golduck\n|-singleturn|p2a: Golduck|Protect\n|move|p1a: Victor|Swords Dance|p1a: Victor\n|-boost|p1a: Victor|atk|2\n|move|p1b: Clifford|Sunny Day||[still]\n|-fail|p1b: Clifford\n|debug|move failed because it did nothing\n|move|p2b: Lizzo|Rain Dance|p2b: Lizzo\n|-weather|RainDance\n|\n|-weather|RainDance|[upkeep]\n|upkeep\n|turn|8\n|\n|t:|1741305193\n|move|p1b: Clifford|Follow Me|p1b: Clifford\n|-singleturn|p1b: Clifford|move: Follow Me\n|move|p2a: Golduck|Muddy Water|p1b: Clifford|[spread] p1b\n|-miss|p2a: Golduck|p1a: Victor\n|debug|Spread modifier: 0.75\n|debug|rain water boost\n|debug|Light Screen weaken\n|-damage|p1b: Clifford|93/282 par\n|-unboost|p1b: Clifford|accuracy|1\n|-damage|p2a: Golduck|234/333|[from] item: Life Orb\n|move|p1a: Victor|Leaf Blade|p2b: Lizzo\n|-damage|p2b: Lizzo|273/704\n|move|p2b: Lizzo|Seismic Toss|p1b: Clifford\n|debug|Follow Me redirected target of move\n|-damage|p1b: Clifford|0 fnt\n|faint|p1b: Clifford\n|\n|-weather|RainDance|[upkeep]\n|upkeep\n|\n|t:|1741305208\n|switch|p1b: Gang Gang|Gengar, M|262/262\n|turn|9\n|\n|t:|1741305458\n|move|p2a: Golduck|Muddy Water|p1a: Victor|[spread] p1a,p1b\n|debug|Spread modifier: 0.75\n|debug|rain water boost\n|-resisted|p1a: Victor\n|debug|Light Screen weaken\n|debug|Spread modifier: 0.75\n|debug|rain water boost\n|debug|Light Screen weaken\n|-damage|p1a: Victor|247/333\n|-damage|p1b: Gang Gang|80/262\n|-unboost|p1b: Gang Gang|accuracy|1\n|-damage|p2a: Golduck|201/333|[from] item: Life Orb\n|move|p1b: Gang Gang|Sunny Day|p1b: Gang Gang\n|-weather|SunnyDay\n|move|p1a: Victor|Leaf Blade|p2b: Lizzo\n|-crit|p2b: Lizzo\n|-damage|p2b: Lizzo|0 fnt\n|faint|p2b: Lizzo\n|\n|-weather|SunnyDay|[upkeep]\n|-heal|p1a: Victor|267/333|[from] item: Black Sludge\n|upkeep\n|\n|t:|1741305484\n|switch|p2b: Gyarados|Gyarados, M|331/331\n|-ability|p2b: Gyarados|Intimidate|boost\n|-unboost|p1a: Victor|atk|1\n|-unboost|p1b: Gang Gang|atk|1\n|turn|10\n|\n|t:|1741305516\n|move|p1a: Victor|Leaf Blade|p2b: Gyarados\n|-damage|p2b: Gyarados|55/331\n|move|p2b: Gyarados|Ice Fang|p1a: Victor\n|-supereffective|p1a: Victor\n|-damage|p1a: Victor|49/333\n|move|p1b: Gang Gang|Shadow Ball|p2a: Golduck\n|-damage|p2a: Golduck|41/333\n|move|p2a: Golduck|Ice Beam|p1b: Gang Gang\n|debug|Light Screen weaken\n|-damage|p1b: Gang Gang|0 fnt\n|debug|move failed because it did nothing\n|faint|p1b: Gang Gang\n|-damage|p2a: Golduck|8/333|[from] item: Life Orb\n|\n|-weather|SunnyDay|[upkeep]\n|-heal|p1a: Victor|69/333|[from] item: Black Sludge\n|upkeep\n|turn|11\n|\n|t:|1741305550\n|move|p1a: Victor|Leaf Blade|p2b: Gyarados\n|-damage|p2b: Gyarados|0 fnt\n|faint|p2b: Gyarados\n|move|p2a: Golduck|Ice Beam|p1a: Victor\n|-supereffective|p1a: Victor\n|debug|Light Screen weaken\n|-damage|p1a: Victor|0 fnt\n|faint|p1a: Victor\n|-damage|p2a: Golduck|0 fnt|[from] item: Life Orb\n|faint|p2a: Golduck\n|\n|win|je64\n","uploadtime":1741305568,"views":"11","formatid":"gen9doublescustomgame","rating":null,"private":0,"password":null}