{"id":"gen9doublescustomgame-2261287846","format":"[Gen 9] Doubles Custom Game","players":["je64","mattmandaman"],"log":"|badge|p2|silver|gen9doublesou|30-3\n|uhtml|medal-msg|<div class=\"broadcast-blue\">Curious what those medals under the avatar are? PS now has Ladder Seasons! For more information, check out the <a href=\"https://www.smogon.com/forums/threads/3740067/\">thread on Smogon.</a></div>\n|j|☆je64\n|j|☆mattmandaman\n|t:|1733957430\n|gametype|doubles\n|player|p1|je64|169|\n|player|p2|mattmandaman|giovanni|\n|teamsize|p1|6\n|teamsize|p2|6\n|gen|9\n|tier|[Gen 9] Doubles Custom Game\n|clearpoke\n|poke|p1|Kadabra, F|\n|poke|p1|Hitmonchan, M|\n|poke|p1|Chansey, F|\n|poke|p1|Electabuzz, F|\n|poke|p1|Magmar, F|\n|poke|p1|Gyarados, F|\n|poke|p2|Cloyster, F|\n|poke|p2|Fearow, F|\n|poke|p2|Electrode|\n|poke|p2|Primeape, F|\n|poke|p2|Pinsir, F|\n|poke|p2|Gengar, M|\n|teampreview\n|c|☆je64|Oh shit it's aweeen\n|c|☆je64|Is this official?\n|c|☆mattmandaman|sure lets do it\n|c|☆je64|shweeet\n|\n|t:|1733957506\n|start\n|switch|p1a: Hitmonchan|Hitmonchan, M|242/242\n|switch|p1b: Kadabra|Kadabra, F|221/221\n|switch|p2a: Fearow|Fearow, F|272/272\n|switch|p2b: Gengar|Gengar, M|262/262\n|turn|1\n|c|☆je64|oh dear, fast pokemon\n|\n|t:|1733957555\n|switch|p1b: Chansey|Chansey, F|641/641\n|move|p2b: Gengar|Protect|p2b: Gengar\n|-singleturn|p2b: Gengar|Protect\n|move|p1a: Hitmonchan|Fake Out|p2a: Fearow\n|-damage|p2a: Fearow|209/272\n|debug|Covert Cloak prevent secondary\n|move|p2a: Fearow|Tailwind|p2a: Fearow\n|-sidestart|p2: mattmandaman|move: Tailwind\n|\n|upkeep\n|turn|2\n|\n|t:|1733957589\n|switch|p2a: Primeape|Primeape, F|272/272\n|switch|p1a: Buzz Lightyear|Electabuzz, F|334/334\n|move|p2b: Gengar|Will-O-Wisp|p1a: Buzz Lightyear\n|-status|p1a: Buzz Lightyear|brn\n|move|p1b: Chansey|Calm Mind|p1b: Chansey\n|-boost|p1b: Chansey|spa|1\n|-boost|p1b: Chansey|spd|1\n|\n|-damage|p1a: Buzz Lightyear|314/334 brn|[from] brn\n|upkeep\n|turn|3\n|\n|t:|1733957625\n|move|p2b: Gengar|Sludge Bomb|p1a: Buzz Lightyear\n|-damage|p1a: Buzz Lightyear|154/334 brn\n|-damage|p2b: Gengar|236/262|[from] item: Life Orb\n|move|p2a: Primeape|Bulk Up|p2a: Primeape\n|-boost|p2a: Primeape|atk|1\n|-boost|p2a: Primeape|def|1\n|move|p1a: Buzz Lightyear|Taunt|p2a: Primeape\n|-start|p2a: Primeape|move: Taunt\n|debug|doubling secondary chance\n|move|p1b: Chansey|Thunderbolt|p2b: Gengar\n|-damage|p2b: Gengar|135/262\n|\n|-damage|p1a: Buzz Lightyear|134/334 brn|[from] brn\n|upkeep\n|turn|4\n|c|☆je64|lame ur faster\n|c|☆mattmandaman|;)\n|\n|t:|1733957660\n|switch|p1a: Gyarados|Gyarados, F|331/331\n|-ability|p1a: Gyarados|Intimidate|boost\n|-unboost|p2a: Primeape|atk|1\n|-ability|p2a: Primeape|Defiant|boost\n|-boost|p2a: Primeape|atk|2\n|-unboost|p2b: Gengar|atk|1\n|move|p2b: Gengar|Sludge Bomb|p1a: Gyarados\n|-damage|p1a: Gyarados|117/331\n|-damage|p2b: Gengar|109/262|[from] item: Life Orb\n|move|p2a: Primeape|Drain Punch|p1b: Chansey\n|-supereffective|p1b: Chansey\n|-damage|p1b: Chansey|0 fnt\n|faint|p1b: Chansey\n|\n|-sideend|p2: mattmandaman|move: Tailwind\n|upkeep\n|c|☆je64|nooooo\n|c|☆je64|god damn\n|c|☆je64|I didn't know about that\n|\n|t:|1733957697\n|switch|p1b: Kadabra|Kadabra, F|221/221\n|turn|5\n|c|☆mattmandaman|glad thats the case lol\n|\n|t:|1733957722\n|move|p2b: Gengar|Sludge Bomb|p1a: Gyarados\n|-damage|p1a: Gyarados|0 fnt\n|debug|move failed because it did nothing\n|faint|p1a: Gyarados\n|-damage|p2b: Gengar|83/262|[from] item: Life Orb\n|move|p1b: Kadabra|Psychic|p2a: Primeape\n|-supereffective|p2a: Primeape\n|-damage|p2a: Primeape|0 fnt\n|faint|p2a: Primeape\n|\n|upkeep\n|\n|t:|1733957747\n|switch|p2a: Fearow|Fearow, F|209/272\n|switch|p1a: Buzz Lightyear|Electabuzz, F|134/334 brn\n|turn|6\n|\n|t:|1733957769\n|move|p2a: Fearow|Drill Run|p1a: Buzz Lightyear\n|-supereffective|p1a: Buzz Lightyear\n|-damage|p1a: Buzz Lightyear|36/334 brn\n|move|p2b: Gengar|Disable|p1b: Kadabra\n|-start|p1b: Kadabra|Disable|Psychic\n|move|p1b: Kadabra|Calm Mind|p1b: Kadabra\n|-boost|p1b: Kadabra|spa|1\n|-boost|p1b: Kadabra|spd|1\n|move|p1a: Buzz Lightyear|Electroweb|p2a: Fearow|[spread] p2a,p2b\n|debug|Spread modifier: 0.75\n|-supereffective|p2a: Fearow\n|debug|Spread modifier: 0.75\n|-damage|p2a: Fearow|77/272\n|-damage|p2b: Gengar|25/262\n|debug|Covert Cloak prevent secondary\n|-unboost|p2b: Gengar|spe|1\n|\n|-damage|p1a: Buzz Lightyear|16/334 brn|[from] brn\n|upkeep\n|turn|7\n|\n|t:|1733957794\n|move|p1a: Buzz Lightyear|Follow Me|p1a: Buzz Lightyear\n|-singleturn|p1a: Buzz Lightyear|move: Follow Me\n|move|p2a: Fearow|Tailwind|p2a: Fearow\n|-sidestart|p2: mattmandaman|move: Tailwind\n|move|p2b: Gengar|Sludge Bomb|p1a: Buzz Lightyear\n|debug|Follow Me redirected target of move\n|-damage|p1a: Buzz Lightyear|0 fnt\n|faint|p1a: Buzz Lightyear\n|-damage|p2b: Gengar|0 fnt|[from] item: Life Orb\n|faint|p2b: Gengar\n|move|p1b: Kadabra|Psyshock|p2a: Fearow\n|-damage|p2a: Fearow|0 fnt\n|faint|p2a: Fearow\n|\n|upkeep\n|\n|t:|1733957814\n|switch|p2a: Cloyster|Cloyster, F|267/267\n|switch|p2b: Pinsir|Pinsir, F|272/272\n|switch|p1a: Hitmonchan|Hitmonchan, M|242/242\n|turn|8\n|\n|t:|1733957836\n|move|p1a: Hitmonchan|Fake Out|p2a: Cloyster\n|-damage|p2a: Cloyster|241/267\n|move|p2b: Pinsir|X-Scissor|p1b: Kadabra\n|-supereffective|p1b: Kadabra\n|-enditem|p1b: Kadabra|Focus Sash\n|-damage|p1b: Kadabra|1/221\n|cant|p2a: Cloyster|flinch\n|move|p1b: Kadabra|Psyshock|p2b: Pinsir\n|-damage|p2b: Pinsir|50/272\n|\n|upkeep\n|turn|9\n|\n|t:|1733957862\n|move|p1b: Kadabra|Protect|p1b: Kadabra\n|-singleturn|p1b: Kadabra|Protect\n|move|p2b: Pinsir|Rock Slide|p1b: Kadabra|[spread] p1a\n|-activate|p1b: Kadabra|move: Protect\n|debug|Spread modifier: 0.75\n|-resisted|p1a: Hitmonchan\n|-damage|p1a: Hitmonchan|199/242\n|move|p2a: Cloyster|Icicle Spear|p1a: Hitmonchan\n|-damage|p1a: Hitmonchan|154/242\n|-damage|p1a: Hitmonchan|105/242\n|-damage|p1a: Hitmonchan|53/242\n|-damage|p1a: Hitmonchan|5/242\n|-damage|p1a: Hitmonchan|0 fnt\n|faint|p1a: Hitmonchan\n|-hitcount|p1: Hitmonchan|5\n|\n|-end|p1b: Kadabra|Disable\n|upkeep\n|c|☆je64|damn\n|\n|t:|1733957880\n|switch|p1a: Butt Lightyear|Magmar, F|271/271\n|turn|10\n|\n|t:|1733957927\n|move|p1a: Butt Lightyear|Follow Me|p1a: Butt Lightyear\n|-singleturn|p1a: Butt Lightyear|move: Follow Me\n|move|p2b: Pinsir|Rock Slide|p1a: Butt Lightyear|[spread] p1a\n|-miss|p2b: Pinsir|p1b: Kadabra\n|debug|Spread modifier: 0.75\n|-supereffective|p1a: Butt Lightyear\n|-damage|p1a: Butt Lightyear|29/271\n|move|p2a: Cloyster|Waterfall|p1a: Butt Lightyear\n|debug|Follow Me redirected target of move\n|-supereffective|p1a: Butt Lightyear\n|-damage|p1a: Butt Lightyear|0 fnt\n|-status|p2a: Cloyster|brn|[from] ability: Flame Body|[of] p1a: Butt Lightyear\n|faint|p1a: Butt Lightyear\n|move|p1b: Kadabra|Psychic|p2a: Cloyster\n|-damage|p2a: Cloyster|0 fnt\n|faint|p2a: Cloyster\n|\n|-sideend|p2: mattmandaman|move: Tailwind\n|upkeep\n|\n|t:|1733957944\n|switch|p2a: Electrode|Electrode|324/324\n|turn|11\n|c|☆je64|that's a min-speed electrode right?\n|c|☆mattmandaman|not exactly lol\n|\n|t:|1733957973\n|move|p2a: Electrode|Electroweb|p1b: Kadabra\n|-damage|p1b: Kadabra|0 fnt\n|faint|p1b: Kadabra\n|\n|win|mattmandaman\n|c|☆je64|damn haha\n","uploadtime":1733957997,"views":"29","formatid":"gen9doublescustomgame","rating":null,"private":0,"password":null}