{"id":"gen9doublescustomgame-2337063293","format":"[Gen 9] Doubles Custom Game","players":["Mango Meloetta","mistermoscow"],"log":"|j|☆Mango Meloetta\n|j|☆mistermoscow\n|t:|1743994462\n|gametype|doubles\n|player|p1|Mango Meloetta|li|\n|player|p2|mistermoscow|alder|\n|teamsize|p1|6\n|teamsize|p2|6\n|gen|9\n|tier|[Gen 9] Doubles Custom Game\n|clearpoke\n|poke|p1|Pinsir, F|\n|poke|p1|Poliwrath, M|\n|poke|p1|Electabuzz, M|\n|poke|p1|Golduck, M|\n|poke|p1|Snorlax, F|\n|poke|p1|Weezing, M|\n|poke|p2|Nidoking, M|\n|poke|p2|Machoke, M|\n|poke|p2|Dewgong, M|\n|poke|p2|Exeggutor, M|\n|poke|p2|Mr. Mime, M|\n|poke|p2|Jolteon, M|\n|teampreview\n|c|☆Mango Meloetta|official?\n|c|☆mistermoscow|yoooooo\n|c|☆mistermoscow|yeee\n|c|☆Mango Meloetta|its been awhile since ive pokemon'd haha\n|\n|t:|1743994500\n|start\n|switch|p1a: Poliwrath|Poliwrath, M|383/383\n|switch|p1b: Snorlax|Snorlax, F|524/524\n|switch|p2a: Dewey|Dewgong, M|384/384\n|switch|p2b: Sparky|Jolteon, M|271/271\n|turn|1\n|\n|t:|1743994540\n|move|p2b: Sparky|Reflect|p2b: Sparky\n|-sidestart|p2: mistermoscow|Reflect\n|move|p2a: Dewey|Flip Turn|p1b: Snorlax\n|-damage|p1b: Snorlax|418/524\n|\n|t:|1743994544\n|switch|p2a: Randy|Machoke, M|302/302|[from] Flip Turn\n|move|p1a: Poliwrath|Icy Wind|p2a: Randy|[spread] p2a,p2b\n|debug|Spread modifier: 0.75\n|debug|Spread modifier: 0.75\n|-damage|p2a: Randy|287/302\n|-damage|p2b: Sparky|246/271\n|-unboost|p2a: Randy|spe|1\n|-unboost|p2b: Sparky|spe|1\n|move|p1b: Snorlax|Double-Edge|p2b: Sparky\n|debug|Reflect weaken\n|-damage|p2b: Sparky|48/271\n|-damage|p1b: Snorlax|353/524|[from] Recoil\n|\n|upkeep\n|turn|2\n|\n|t:|1743994581\n|move|p2b: Sparky|Light Screen|p2b: Sparky\n|-sidestart|p2: mistermoscow|move: Light Screen\n|move|p1a: Poliwrath|Icy Wind|p2a: Randy|[spread] p2a,p2b\n|debug|Spread modifier: 0.75\n|debug|Light Screen weaken\n|debug|Spread modifier: 0.75\n|debug|Light Screen weaken\n|-damage|p2a: Randy|277/302\n|-damage|p2b: Sparky|32/271\n|-unboost|p2a: Randy|spe|1\n|-unboost|p2b: Sparky|spe|1\n|move|p1b: Snorlax|Body Slam|p2b: Sparky\n|debug|Reflect weaken\n|-damage|p2b: Sparky|0 fnt\n|faint|p2b: Sparky\n|move|p2a: Randy|Fissure|p1b: Snorlax\n|-damage|p1b: Snorlax|0 fnt\n|faint|p1b: Snorlax\n|-ohko\n|\n|upkeep\n|\n|t:|1743994598\n|switch|p2b: Dewey|Dewgong, M|384/384\n|switch|p1b: Weezing|Weezing, M|334/334\n|turn|3\n|\n|t:|1743994618\n|move|p2b: Dewey|Fake Out|p1b: Weezing\n|-damage|p1b: Weezing|312/334\n|cant|p1b: Weezing|flinch\n|move|p2a: Randy|Fissure|p1a: Poliwrath\n|-damage|p1a: Poliwrath|0 fnt\n|faint|p1a: Poliwrath\n|-ohko\n|\n|-heal|p1b: Weezing|332/334|[from] item: Leftovers\n|upkeep\n|c|☆Mango Meloetta|damn fissure haha\n|\n|t:|1743994650\n|switch|p1a: Golduck|Golduck, M|301/301\n|-ability|p1a: Golduck|Cloud Nine\n|turn|4\n|\n|t:|1743994659\n|move|p1a: Golduck|Protect|p1a: Golduck\n|-singleturn|p1a: Golduck|Protect\n|move|p1b: Weezing|Protect|p1b: Weezing\n|-singleturn|p1b: Weezing|Protect\n|move|p2a: Randy|Protect|p2a: Randy\n|-singleturn|p2a: Randy|Protect\n|move|p2b: Dewey|Knock Off|p1a: Golduck\n|-activate|p1a: Golduck|move: Protect\n|\n|-heal|p1b: Weezing|334/334|[from] item: Leftovers\n|upkeep\n|turn|5\n|\n|t:|1743994674\n|move|p1a: Golduck|Psychic|p2a: Randy\n|-supereffective|p2a: Randy\n|debug|Light Screen weaken\n|-damage|p2a: Randy|201/302\n|-unboost|p2a: Randy|spd|1\n|move|p2b: Dewey|Knock Off|p1b: Weezing\n|-damage|p1b: Weezing|272/334\n|-enditem|p1b: Weezing|Leftovers|[from] move: Knock Off|[of] p2b: Dewey\n|move|p1b: Weezing|Taunt|p2b: Dewey\n|-start|p2b: Dewey|move: Taunt\n|move|p2a: Randy|Fissure|p1a: Golduck\n|-enditem|p1a: Golduck|Focus Sash\n|-damage|p1a: Golduck|1/301\n|\n|upkeep\n|turn|6\n|\n|t:|1743994697\n|move|p1a: Golduck|Protect|p1a: Golduck\n|-singleturn|p1a: Golduck|Protect\n|move|p2a: Randy|Bullet Punch|p1a: Golduck\n|-activate|p1a: Golduck|move: Protect\n|move|p2b: Dewey|Flip Turn|p1b: Weezing\n|-damage|p1b: Weezing|218/334\n|\n|t:|1743994705\n|switch|p2b: Mimsy|Mr. Mime, M|221/221|[from] Flip Turn\n|move|p1b: Weezing|Toxic|p2a: Randy\n|-status|p2a: Randy|tox\n|\n|-damage|p2a: Randy|183/302 tox|[from] psn\n|upkeep\n|turn|7\n|\n|t:|1743994737\n|move|p2a: Randy|Bullet Punch|p1a: Golduck\n|-resisted|p1a: Golduck\n|-damage|p1a: Golduck|0 fnt\n|faint|p1a: Golduck\n|move|p2b: Mimsy|Psychic Terrain|p2b: Mimsy\n|-fieldstart|move: Psychic Terrain\n|move|p1b: Weezing|Toxic|p2b: Mimsy\n|-status|p2b: Mimsy|tox\n|\n|-damage|p2b: Mimsy|208/221 tox|[from] psn\n|-damage|p2a: Randy|147/302 tox|[from] psn\n|upkeep\n|\n|t:|1743994745\n|switch|p1a: Electabuzz|Electabuzz, M|334/334\n|turn|8\n|\n|t:|1743994783\n|move|p1b: Weezing|Protect|p1b: Weezing\n|-singleturn|p1b: Weezing|Protect\n|move|p1a: Electabuzz|Electroweb|p2b: Mimsy|[spread] p2a,p2b\n|debug|Spread modifier: 0.75\n|debug|Light Screen weaken\n|debug|Spread modifier: 0.75\n|debug|Light Screen weaken\n|-damage|p2a: Randy|118/302 tox\n|-damage|p2b: Mimsy|184/221 tox\n|-unboost|p2a: Randy|spe|1\n|-unboost|p2b: Mimsy|spe|1\n|move|p2b: Mimsy|Expanding Force|p1a: Electabuzz|[spread] p1a\n|-activate|p1b: Weezing|move: Protect\n|debug|psychic terrain boost\n|debug|terrain buff\n|debug|Spread modifier: 0.75\n|-damage|p1a: Electabuzz|201/334\n|move|p2a: Randy|Fissure|p1a: Electabuzz\n|-damage|p1a: Electabuzz|0 fnt\n|faint|p1a: Electabuzz\n|-ohko\n|\n|-damage|p2b: Mimsy|158/221 tox|[from] psn\n|-damage|p2a: Randy|64/302 tox|[from] psn\n|-sideend|p2: mistermoscow|Reflect\n|upkeep\n|\n|t:|1743994795\n|switch|p1a: Pinsir|Pinsir, F|271/271\n|-ability|p1a: Pinsir|Mold Breaker\n|turn|9\n|\n|t:|1743994845\n|move|p2b: Mimsy|Follow Me|p2b: Mimsy\n|-singleturn|p2b: Mimsy|move: Follow Me\n|move|p1a: Pinsir|X-Scissor|p2b: Mimsy\n|debug|Follow Me redirected target of move\n|debug|ModifyDamage handler suppressed by Mold Breaker\n|-damage|p2b: Mimsy|0 fnt\n|faint|p2b: Mimsy\n|move|p1b: Weezing|Sludge Bomb|p2a: Randy\n|debug|Light Screen weaken\n|-damage|p2a: Randy|1/302 tox\n|move|p2a: Randy|Fissure|p1a: Pinsir\n|-damage|p1a: Pinsir|0 fnt\n|faint|p1a: Pinsir\n|-ohko\n|\n|-damage|p2a: Randy|0 fnt|[from] psn\n|faint|p2a: Randy\n|-sideend|p2: mistermoscow|move: Light Screen\n|upkeep\n|\n|t:|1743994863\n|switch|p2b: Dewey|Dewgong, M|384/384\n|switch|p2a: Eggman|Exeggutor, M|394/394\n|turn|10\n|\n|t:|1743994871\n|move|p2b: Dewey|Fake Out|p1b: Weezing\n|-hint|Psychic Terrain doesn't affect Pokémon immune to Ground.\n|-damage|p1b: Weezing|193/334\n|cant|p1b: Weezing|flinch\n|move|p2a: Eggman|Expanding Force|p1b: Weezing\n|debug|psychic terrain boost\n|debug|terrain buff\n|-supereffective|p1b: Weezing\n|-damage|p1b: Weezing|0 fnt\n|faint|p1b: Weezing\n|-damage|p2a: Eggman|355/394|[from] item: Life Orb\n|\n|win|mistermoscow\n|c|☆mistermoscow|gg\n|c|☆Mango Meloetta|ggg rematch?\n|c|☆mistermoscow|yee\n","uploadtime":1743994880,"views":"29","formatid":"gen9doublescustomgame","rating":null,"private":0,"password":null}