{"id":"gen9doublescustomgame-2119289407","format":"[Gen 9] Doubles Custom Game","players":["mistermoscow","je64"],"log":"|j|☆mistermoscow\n|j|☆je64\n|t:|1715034105\n|gametype|doubles\n|player|p1|mistermoscow|101|\n|player|p2|je64|170|\n|teamsize|p1|6\n|teamsize|p2|6\n|gen|9\n|tier|[Gen 9] Doubles Custom Game\n|clearpoke\n|poke|p1|Roaring Moon|\n|poke|p1|Incineroar, F|\n|poke|p1|Ninetales-Alola, F|\n|poke|p1|Landorus, M|\n|poke|p1|Ogerpon-Wellspring, F|\n|poke|p1|Gholdengo|\n|poke|p2|Salamence, M|\n|poke|p2|Ursaluna-Bloodmoon, M|\n|poke|p2|Chi-Yu|\n|poke|p2|Flutter Mane|\n|poke|p2|Great Tusk|\n|poke|p2|Baxcalibur, F|\n|teampreview\n|j| mattmandaman\n|\n|t:|1715034169\n|start\n|switch|p1a: Cindy|Incineroar, F|363/363\n|switch|p1b: Goldi|Gholdengo|347/347\n|switch|p2a: Shi-Yu In Hell|Chi-Yu|252/252\n|switch|p2b: Salamence|Salamence, M|331/331\n|-ability|p2b: Salamence|Intimidate|boost\n|-unboost|p1a: Cindy|atk|1\n|-unboost|p1b: Goldi|atk|1\n|-ability|p2a: Shi-Yu In Hell|Beads of Ruin\n|-ability|p1a: Cindy|Intimidate|boost\n|-unboost|p2a: Shi-Yu In Hell|atk|1\n|-unboost|p2b: Salamence|atk|1\n|turn|1\n|\n|t:|1715034209\n|switch|p1b: Moonie|Roaring Moon|360/360\n|-enditem|p1b: Moonie|Booster Energy\n|-activate|p1b: Moonie|ability: Protosynthesis|[fromitem]\n|-start|p1b: Moonie|protosynthesisspe\n|debug|Protosynthesis spe boost\n|move|p1a: Cindy|Fake Out|p2a: Shi-Yu In Hell\n|-damage|p2a: Shi-Yu In Hell|215/252\n|debug|Protosynthesis spe boost\n|cant|p2a: Shi-Yu In Hell|flinch\n|debug|Protosynthesis spe boost\n|move|p2b: Salamence|Tailwind|p2b: Salamence\n|-sidestart|p2: je64|move: Tailwind\n|\n|debug|Protosynthesis spe boost\n|upkeep\n|turn|2\n|debug|Protosynthesis spe boost\n|debug|Protosynthesis spe boost\n|\n|t:|1715034244\n|detailschange|p2b: Salamence|Salamence-Mega, M\n|-mega|p2b: Salamence|Salamence|Salamencite\n|debug|Protosynthesis spe boost\n|debug|Protosynthesis spe boost\n|move|p2b: Salamence|Hyper Voice|p1b: Moonie|[spread] p1a,p1b\n|debug|Beads of Ruin SpD drop\n|debug|Spread modifier: 0.75\n|debug|Beads of Ruin SpD drop\n|debug|Spread modifier: 0.75\n|-damage|p1a: Cindy|191/363\n|-damage|p1b: Moonie|192/360\n|debug|Protosynthesis spe boost\n|debug|Protosynthesis spe boost\n|move|p2a: Shi-Yu In Hell|Heat Wave|p1a: Cindy|[spread] p1a,p1b\n|debug|Beads of Ruin SpD drop\n|debug|Spread modifier: 0.75\n|-resisted|p1a: Cindy\n|debug|Beads of Ruin SpD drop\n|debug|Spread modifier: 0.75\n|-resisted|p1b: Moonie\n|-damage|p1a: Cindy|49/363\n|-damage|p1b: Moonie|74/360\n|debug|Protosynthesis spe boost\n|debug|Protosynthesis spe boost\n|move|p1b: Moonie|Tailwind|p1b: Moonie\n|-sidestart|p1: mistermoscow|move: Tailwind\n|debug|Protosynthesis spe boost\n|move|p1a: Cindy|Parting Shot|p2a: Shi-Yu In Hell\n|-unboost|p2a: Shi-Yu In Hell|atk|1\n|-unboost|p2a: Shi-Yu In Hell|spa|1\n|debug|Protosynthesis spe boost\n|\n|t:|1715034256\n|switch|p1a: Princess Buttercup|Ninetales-Alola, F|350/350|[from] Parting Shot\n|-weather|Snow|[from] ability: Snow Warning|[of] p1a: Princess Buttercup\n|\n|debug|Protosynthesis spe boost\n|-weather|Snow|[upkeep]\n|upkeep\n|turn|3\n|debug|Protosynthesis spe boost\n|debug|Protosynthesis spe boost\n|\n|t:|1715034278\n|debug|Protosynthesis spe boost\n|debug|Protosynthesis spe boost\n|move|p1b: Moonie|Breaking Swipe|p2a: Shi-Yu In Hell|[spread] p2a,p2b\n|debug|Spread modifier: 0.75\n|debug|Spread modifier: 0.75\n|-supereffective|p2b: Salamence\n|-damage|p2a: Shi-Yu In Hell|122/252\n|-damage|p2b: Salamence|185/331\n|-unboost|p2a: Shi-Yu In Hell|atk|1\n|-unboost|p2b: Salamence|atk|1\n|debug|Protosynthesis spe boost\n|move|p2b: Salamence|Hyper Voice|p1a: Princess Buttercup|[spread] p1a,p1b\n|debug|Beads of Ruin SpD drop\n|debug|Spread modifier: 0.75\n|debug|Beads of Ruin SpD drop\n|debug|Spread modifier: 0.75\n|-damage|p1a: Princess Buttercup|179/350\n|-damage|p1b: Moonie|0 fnt\n|faint|p1b: Moonie\n|-end|p1b: Moonie|Protosynthesis|[silent]\n|move|p1a: Princess Buttercup|Aurora Veil|p1a: Princess Buttercup\n|-sidestart|p1: mistermoscow|move: Aurora Veil\n|move|p2a: Shi-Yu In Hell|Heat Wave|p1a: Princess Buttercup\n|debug|Beads of Ruin SpD drop\n|-supereffective|p1a: Princess Buttercup\n|debug|Aurora Veil weaken\n|-damage|p1a: Princess Buttercup|0 fnt\n|faint|p1a: Princess Buttercup\n|\n|-weather|Snow|[upkeep]\n|upkeep\n|\n|t:|1715034319\n|switch|p1b: Goldi|Gholdengo|347/347\n|switch|p1a: God|Landorus, M|319/319\n|turn|4\n|\n|t:|1715034427\n|switch|p2a: Gucci Mane|Flutter Mane|252/252\n|move|p2b: Salamence|Hyper Voice|p1a: God|[spread] p1a,p1b\n|debug|Spread modifier: 0.75\n|debug|Aurora Veil weaken\n|debug|Spread modifier: 0.75\n|-resisted|p1b: Goldi\n|debug|Aurora Veil weaken\n|-damage|p1a: God|230/319\n|-damage|p1b: Goldi|301/347\n|move|p1a: God|Sandsear Storm|p2a: Gucci Mane|[spread] p2a\n|-immune|p2b: Salamence\n|debug|Spread modifier: 0.75\n|-damage|p2a: Gucci Mane|91/252\n|move|p1b: Goldi|Dazzling Gleam|p2a: Gucci Mane|[spread] p2a,p2b\n|debug|Spread modifier: 0.75\n|debug|Spread modifier: 0.75\n|-supereffective|p2b: Salamence\n|-damage|p2a: Gucci Mane|33/252\n|-damage|p2b: Salamence|17/331\n|\n|-weather|Snow|[upkeep]\n|-heal|p1b: Goldi|322/347|[from] item: Leftovers\n|-sideend|p2: je64|move: Tailwind\n|upkeep\n|turn|5\n|\n|t:|1715034456\n|move|p2a: Gucci Mane|Protect|p2a: Gucci Mane\n|-singleturn|p2a: Gucci Mane|Protect\n|move|p1a: God|Nasty Plot|p1a: God\n|-boost|p1a: God|spa|2\n|move|p1b: Goldi|Dazzling Gleam|p2a: Gucci Mane|[spread] p2b\n|-activate|p2a: Gucci Mane|move: Protect\n|debug|Spread modifier: 0.75\n|-supereffective|p2b: Salamence\n|-damage|p2b: Salamence|0 fnt\n|faint|p2b: Salamence\n|\n|-weather|Snow|[upkeep]\n|-heal|p1b: Goldi|343/347|[from] item: Leftovers\n|-sideend|p1: mistermoscow|move: Tailwind\n|upkeep\n|\n|t:|1715034490\n|switch|p2b: Great Tusk|Great Tusk|434/434\n|turn|6\n|\n|t:|1715034523\n|-terastallize|p1b: Goldi|Fairy\n|move|p1a: God|Protect|p1a: God\n|-singleturn|p1a: God|Protect\n|move|p2a: Gucci Mane|Shadow Ball|p1b: Goldi\n|debug|Aurora Veil weaken\n|-damage|p1b: Goldi|246/347\n|-unboost|p1b: Goldi|spd|1\n|move|p1b: Goldi|Dazzling Gleam|p2b: Great Tusk|[spread] p2a,p2b\n|debug|Spread modifier: 0.75\n|debug|Spread modifier: 0.75\n|-supereffective|p2b: Great Tusk\n|-damage|p2a: Gucci Mane|0 fnt\n|-damage|p2b: Great Tusk|54/434\n|faint|p2a: Gucci Mane\n|-end|p2a: Gucci Mane|Protosynthesis|[silent]\n|move|p2b: Great Tusk|Ice Spinner|p1a: God\n|-activate|p1a: God|move: Protect\n|\n|-weather|none\n|-heal|p1b: Goldi|267/347|[from] item: Leftovers\n|upkeep\n|\n|t:|1715034568\n|switch|p2a: Yāoguài 妖怪|Ursaluna-Bloodmoon, M|430/430\n|turn|7\n|\n|t:|1715034621\n|-terastallize|p2a: Yāoguài 妖怪|Normal\n|move|p1a: God|Sandsear Storm|p2a: Yāoguài 妖怪|[spread] p2a,p2b\n|debug|Spread modifier: 0.75\n|debug|Spread modifier: 0.75\n|-damage|p2a: Yāoguài 妖怪|0 fnt\n|-damage|p2b: Great Tusk|0 fnt\n|faint|p2a: Yāoguài 妖怪\n|faint|p2b: Great Tusk\n|-end|p2b: Great Tusk|Protosynthesis|[silent]\n|move|p1b: Goldi|Make It Rain|p2: Yāoguài 妖怪|[notarget]\n|-fail|p1b: Goldi\n|\n|-heal|p1b: Goldi|288/347|[from] item: Leftovers\n|upkeep\n|\n|t:|1715034634\n|switch|p2b: Baxcalibur|Baxcalibur, F|371/371\n|switch|p2a: Shi-Yu In Hell|Chi-Yu|122/252\n|-ability|p2a: Shi-Yu In Hell|Beads of Ruin\n|turn|8\n|\n|t:|1715034717\n|switch|p1b: Cindy|Incineroar, F|49/363\n|-ability|p1b: Cindy|Intimidate|boost\n|-unboost|p2a: Shi-Yu In Hell|atk|1\n|-fail|p2b: Baxcalibur|unboost|[from] item: Clear Amulet|[of] p2b: Baxcalibur\n|move|p2b: Baxcalibur|Protect|p2b: Baxcalibur\n|-singleturn|p2b: Baxcalibur|Protect\n|move|p1a: God|Sandsear Storm|p2a: Shi-Yu In Hell|[spread] p2a\n|-activate|p2b: Baxcalibur|move: Protect\n|debug|Spread modifier: 0.75\n|-supereffective|p2a: Shi-Yu In Hell\n|-damage|p2a: Shi-Yu In Hell|0 fnt\n|faint|p2a: Shi-Yu In Hell\n|\n|upkeep\n|turn|9\n|\n|t:|1715034736\n|move|p2b: Baxcalibur|Protect||[still]\n|debug|Success chance: 33%\n|-fail|p2b: Baxcalibur\n|move|p1b: Cindy|Fake Out|p2b: Baxcalibur\n|-damage|p2b: Baxcalibur|316/371\n|move|p1a: God|Sandsear Storm|p2b: Baxcalibur\n|-damage|p2b: Baxcalibur|0 fnt\n|faint|p2b: Baxcalibur\n|\n|win|mistermoscow\n","uploadtime":1715034744,"views":"27","formatid":"gen9doublescustomgame","rating":null,"private":0,"password":null}