{"id":"gen9doublescustomgame-2259314677","format":"[Gen 9] Doubles Custom Game","players":["mistermoscow","mattmandaman"],"log":"|badge|p2|bronze|gen9doublesou|100-3\n|uhtml|medal-msg|<div class=\"broadcast-blue\">Curious what those medals under the avatar are? PS now has Ladder Seasons! For more information, check out the <a href=\"https://www.smogon.com/forums/threads/3740067/\">thread on Smogon.</a></div>\n|j|☆mistermoscow\n|j|☆mattmandaman\n|t:|1733698203\n|gametype|doubles\n|player|p1|mistermoscow|alder|\n|player|p2|mattmandaman|giovanni|\n|teamsize|p1|6\n|teamsize|p2|6\n|gen|9\n|tier|[Gen 9] Doubles Custom Game\n|clearpoke\n|poke|p1|Poliwrath, F|\n|poke|p1|Tentacruel, F|\n|poke|p1|Clefairy, M|\n|poke|p1|Nidoqueen, F|\n|poke|p1|Victreebel, M|\n|poke|p1|Snorlax, M|\n|poke|p2|Porygon|\n|poke|p2|Marowak, M|\n|poke|p2|Pikachu, F|\n|poke|p2|Butterfree, F|\n|poke|p2|Cloyster, F|\n|poke|p2|Clefairy, F|\n|teampreview\n|c|☆mistermoscow|since when do u have porygon?\n|c|☆mattmandaman|since day 1 lol\n|c|☆mistermoscow|oh lol\n|c|☆mistermoscow|woops haha\n|\n|t:|1733698297\n|start\n|switch|p1a: Polly|Poliwrath, F|384/384\n|switch|p1b: Clifford|Clefairy, M|282/282\n|switch|p2a: Pikachu|Pikachu, F|211/211\n|switch|p2b: Cloyster|Cloyster, F|242/242\n|turn|1\n|\n|t:|1733698332\n|move|p2a: Pikachu|Fake Out|p1a: Polly\n|-damage|p1a: Polly|343/384\n|-damage|p2a: Pikachu|176/211|[from] item: Rocky Helmet|[of] p1a: Polly\n|move|p2b: Cloyster|Icicle Spear|p1b: Clifford\n|-damage|p1b: Clifford|243/282\n|-damage|p1b: Clifford|203/282\n|-damage|p1b: Clifford|164/282\n|-damage|p1b: Clifford|128/282\n|-damage|p1b: Clifford|92/282\n|-hitcount|p1b: Clifford|5\n|-damage|p2b: Cloyster|218/242|[from] item: Life Orb\n|cant|p1a: Polly|flinch\n|move|p1b: Clifford|Minimize|p1b: Clifford\n|-boost|p1b: Clifford|evasion|2\n|\n|upkeep\n|turn|2\n|\n|t:|1733698363\n|move|p2a: Pikachu|Volt Switch|p1a: Polly\n|-supereffective|p1a: Polly\n|-damage|p1a: Polly|139/384\n|\n|t:|1733698379\n|switch|p2a: Butterfree|Butterfree, F|262/262|[from] Volt Switch\n|move|p2b: Cloyster|Icicle Spear|p1b: Clifford|[miss]\n|-miss|p2b: Cloyster|p1b: Clifford\n|move|p1a: Polly|Bulk Up|p1a: Polly\n|-boost|p1a: Polly|atk|1\n|-boost|p1a: Polly|def|1\n|move|p1b: Clifford|Baton Pass|p1b: Clifford\n|\n|t:|1733698404\n|switch|p1b: Victor|Victreebel, M|364/364|[from] Baton Pass\n|\n|upkeep\n|turn|3\n|\n|t:|1733698432\n|switch|p2b: Porygon|Porygon|334/334\n|-ability|p2b: Porygon|Download|boost\n|-boost|p2b: Porygon|spa|1\n|switch|p1a: Clifford|Clefairy, M|92/282\n|move|p2a: Butterfree|Hurricane|p1a: Clifford\n|debug|compoundeyes - enhancing accuracy\n|-damage|p1a: Clifford|0 fnt\n|faint|p1a: Clifford\n|move|p1b: Victor|Sleep Powder|p2b: Porygon|[miss]\n|-miss|p1b: Victor|p2b: Porygon\n|\n|upkeep\n|\n|t:|1733698451\n|switch|p1a: Crude Dude|Tentacruel, F|364/364\n|turn|4\n|\n|t:|1733698473\n|move|p2a: Butterfree|Hurricane|p1b: Victor|[miss]\n|debug|compoundeyes - enhancing accuracy\n|-miss|p2a: Butterfree|p1b: Victor\n|move|p1a: Crude Dude|Icy Wind|p2a: Butterfree|[spread] p2a,p2b\n|debug|Spread modifier: 0.75\n|-supereffective|p2a: Butterfree\n|debug|Spread modifier: 0.75\n|-damage|p2a: Butterfree|200/262\n|-damage|p2b: Porygon|315/334\n|-unboost|p2a: Butterfree|spe|1\n|-unboost|p2b: Porygon|spe|1\n|move|p1b: Victor|Swords Dance|p1b: Victor\n|-boost|p1b: Victor|atk|2\n|move|p2b: Porygon|Ice Beam|p1b: Victor\n|-supereffective|p1b: Victor\n|-damage|p1b: Victor|136/364\n|-enditem|p1b: Victor|Aguav Berry|[eat]\n|-heal|p1b: Victor|257/364|[from] item: Aguav Berry\n|\n|upkeep\n|turn|5\n|\n|t:|1733698513\n|switch|p1a: Snax|Snorlax, M|524/524\n|move|p1b: Victor|Sleep Powder|p2a: Butterfree\n|-status|p2a: Butterfree|slp|[from] move: Sleep Powder\n|cant|p2a: Butterfree|slp\n|move|p2b: Porygon|Ice Beam|p1b: Victor|[miss]\n|-miss|p2b: Porygon|p1b: Victor\n|\n|upkeep\n|turn|6\n|\n|t:|1733698526\n|move|p1b: Victor|Sleep Powder|p2b: Porygon\n|-status|p2b: Porygon|slp|[from] move: Sleep Powder\n|cant|p2a: Butterfree|slp\n|move|p1a: Snax|Psych Up|p1b: Victor\n|-copyboost|p1a: Snax|p1b: Victor|[from] move: Psych Up\n|cant|p2b: Porygon|slp\n|\n|upkeep\n|turn|7\n|\n|t:|1733698566\n|move|p1b: Victor|Leaf Blade|p2b: Porygon\n|-damage|p2b: Porygon|162/334 slp\n|-curestatus|p2a: Butterfree|slp|[msg]\n|move|p2a: Butterfree|Sleep Powder|p1a: Snax\n|debug|compoundeyes - enhancing accuracy\n|-status|p1a: Snax|slp|[from] move: Sleep Powder\n|cant|p1a: Snax|slp\n|-curestatus|p2b: Porygon|slp|[msg]\n|move|p2b: Porygon|Ice Beam|p1b: Victor|[miss]\n|-miss|p2b: Porygon|p1b: Victor\n|\n|upkeep\n|turn|8\n|\n|t:|1733698593\n|move|p1b: Victor|Sleep Powder|p2a: Butterfree\n|-status|p2a: Butterfree|slp|[from] move: Sleep Powder\n|cant|p2a: Butterfree|slp\n|-curestatus|p1a: Snax|slp|[msg]\n|move|p1a: Snax|Crunch|p2b: Porygon\n|-damage|p2b: Porygon|61/334\n|move|p2b: Porygon|Ice Beam|p1b: Victor|[miss]\n|-miss|p2b: Porygon|p1b: Victor\n|\n|upkeep\n|turn|9\n|c|☆mattmandaman|this is beyond lame\n|c|☆mistermoscow|lol\n|\n|t:|1733698615\n|move|p1b: Victor|Sleep Powder|p2b: Porygon\n|-status|p2b: Porygon|slp|[from] move: Sleep Powder\n|-curestatus|p2a: Butterfree|slp|[msg]\n|move|p2a: Butterfree|Hurricane|p1b: Victor|[miss]\n|debug|compoundeyes - enhancing accuracy\n|-miss|p2a: Butterfree|p1b: Victor\n|move|p1a: Snax|Double-Edge|p2a: Butterfree\n|-damage|p2a: Butterfree|0 fnt\n|faint|p2a: Butterfree\n|-damage|p1a: Snax|458/524|[from] Recoil\n|cant|p2b: Porygon|slp\n|\n|-heal|p1a: Snax|490/524|[from] item: Leftovers\n|upkeep\n|\n|t:|1733698635\n|switch|p2a: Cloyster|Cloyster, F|218/242\n|turn|10\n|\n|t:|1733698650\n|move|p2a: Cloyster|Protect|p2a: Cloyster\n|-singleturn|p2a: Cloyster|Protect\n|move|p1b: Victor|Sleep Powder|p2a: Cloyster\n|-activate|p2a: Cloyster|move: Protect\n|move|p1a: Snax|Double-Edge|p2a: Cloyster\n|-activate|p2a: Cloyster|move: Protect\n|cant|p2b: Porygon|slp\n|\n|-heal|p1a: Snax|522/524|[from] item: Leftovers\n|upkeep\n|turn|11\n|\n|t:|1733698684\n|move|p2a: Cloyster|Icicle Spear|p1b: Victor|[miss]\n|-miss|p2a: Cloyster|p1b: Victor\n|move|p1b: Victor|Sleep Powder|p2a: Cloyster|[miss]\n|-miss|p1b: Victor|p2a: Cloyster\n|move|p1a: Snax|Double-Edge|p2a: Cloyster\n|-damage|p2a: Cloyster|23/242\n|-damage|p1a: Snax|458/524|[from] Recoil\n|-curestatus|p2b: Porygon|slp|[msg]\n|move|p2b: Porygon|Teleport|p2b: Porygon\n|\n|t:|1733698698\n|switch|p2b: Marowak|Marowak, M|324/324|[from] Teleport\n|\n|-heal|p1a: Snax|490/524|[from] item: Leftovers\n|upkeep\n|turn|12\n|\n|t:|1733698711\n|move|p2a: Cloyster|Icicle Spear|p1b: Victor|[miss]\n|-miss|p2a: Cloyster|p1b: Victor\n|move|p1b: Victor|Leaf Blade|p2a: Cloyster\n|-supereffective|p2a: Cloyster\n|-damage|p2a: Cloyster|0 fnt\n|faint|p2a: Cloyster\n|move|p2b: Marowak|Bonemerang|p1a: Snax\n|-damage|p1a: Snax|366/524\n|-damage|p1a: Snax|222/524\n|-hitcount|p1a: Snax|2\n|move|p1a: Snax|Double-Edge|p2b: Marowak\n|-damage|p2b: Marowak|20/324\n|-damage|p1a: Snax|122/524|[from] Recoil\n|\n|-heal|p1a: Snax|154/524|[from] item: Leftovers\n|upkeep\n|c|☆mattmandaman|like\n|c|☆mattmandaman|it was only one boost\n|c|☆mistermoscow|lol yeah minimize is fun\n|\n|t:|1733698744\n|switch|p2a: Pikachu|Pikachu, F|176/211\n|turn|13\n|\n|t:|1733698768\n|move|p2a: Pikachu|Protect|p2a: Pikachu\n|-singleturn|p2a: Pikachu|Protect\n|move|p1b: Victor|Sleep Powder|p2b: Marowak\n|-status|p2b: Marowak|slp|[from] move: Sleep Powder\n|cant|p2b: Marowak|slp\n|move|p1a: Snax|Double-Edge|p2a: Pikachu\n|-activate|p2a: Pikachu|move: Protect\n|\n|-heal|p1a: Snax|186/524|[from] item: Leftovers\n|upkeep\n|turn|14\n|\n|t:|1733698785\n|switch|p2a: Porygon|Porygon|61/334\n|-ability|p2a: Porygon|Download|boost\n|-boost|p2a: Porygon|atk|1\n|move|p1b: Victor|Leaf Blade|p2b: Marowak\n|-supereffective|p2b: Marowak\n|-damage|p2b: Marowak|0 fnt\n|faint|p2b: Marowak\n|move|p1a: Snax|Double-Edge|p2a: Porygon\n|-damage|p2a: Porygon|0 fnt\n|faint|p2a: Porygon\n|-damage|p1a: Snax|166/524|[from] Recoil\n|\n|-heal|p1a: Snax|198/524|[from] item: Leftovers\n|upkeep\n|\n|t:|1733698788\n|switch|p2b: Clefairy|Clefairy, F|344/344\n|switch|p2a: Pikachu|Pikachu, F|176/211\n|turn|15\n|\n|t:|1733698805\n|move|p2a: Pikachu|Fake Out|p1b: Victor\n|-damage|p1b: Victor|208/364\n|cant|p1b: Victor|flinch\n|move|p1a: Snax|Double-Edge|p2a: Pikachu\n|debug|Friend Guard weaken\n|-damage|p2a: Pikachu|0 fnt\n|faint|p2a: Pikachu\n|-damage|p1a: Snax|140/524|[from] Recoil\n|move|p2b: Clefairy|Moonblast|p1a: Snax\n|-damage|p1a: Snax|76/524\n|\n|-heal|p1a: Snax|108/524|[from] item: Leftovers\n|upkeep\n|turn|16\n|\n|t:|1733698829\n|move|p1b: Victor|Sleep Powder|p2b: Clefairy\n|-status|p2b: Clefairy|slp|[from] move: Sleep Powder\n|move|p1a: Snax|Zen Headbutt|p2b: Clefairy\n|-damage|p2b: Clefairy|203/344 slp\n|cant|p2b: Clefairy|slp\n|\n|-heal|p1a: Snax|140/524|[from] item: Leftovers\n|upkeep\n|turn|17\n|\n|t:|1733698840\n|move|p1b: Victor|Leaf Blade|p2b: Clefairy\n|-crit|p2b: Clefairy\n|-damage|p2b: Clefairy|0 fnt\n|faint|p2b: Clefairy\n|\n|win|mistermoscow\n|c|☆mistermoscow|gg\n","uploadtime":1733698847,"views":"43","formatid":"gen9doublescustomgame","rating":null,"private":0,"password":null}