{"id":"gen9doublescustomgame-2254011409","format":"[Gen 9] Doubles Custom Game","players":["smokeydabearrr","Noli_cannoli"],"log":"|j|☆smokeydabearrr\n|j|☆Noli_cannoli\n|t:|1732979737\n|gametype|doubles\n|player|p1|smokeydabearrr|101|\n|player|p2|Noli_cannoli|169|\n|teamsize|p1|6\n|teamsize|p2|6\n|gen|9\n|tier|[Gen 9] Doubles Custom Game\n|clearpoke\n|poke|p1|Charizard, M|\n|poke|p1|Blastoise, F|\n|poke|p1|Whimsicott, F|\n|poke|p1|Cresselia, F|\n|poke|p1|Raging Bolt|\n|poke|p1|Walking Wake|\n|poke|p2|Smeargle, M|\n|poke|p2|Magearna|\n|poke|p2|Melmetal|\n|poke|p2|Hatterene, F|\n|poke|p2|Urshifu-*, F|\n|poke|p2|Enamorus-Therian, F|\n|teampreview\n|j| mistermoscow\n|j| je64\n|j| Mattmandaman\n|\n|t:|1732979828\n|start\n|switch|p1a: PSA 10 Shadowless|Charizard, M|297/297\n|switch|p1b: Scott Tennerman|Whimsicott, F|261/261\n|switch|p2a: Show me your legs|Hatterene, F|318/318\n|switch|p2b: Usher foo|Urshifu-Rapid-Strike, F|404/404\n|turn|1\n|j| Mango Meloetta\n|\n|t:|1732979955\n|switch|p1a: Yurtle the Turtle?|Blastoise, F|362/362\n|move|p2b: Usher foo|Aqua Jet|p1a: Yurtle the Turtle?\n|-resisted|p1a: Yurtle the Turtle?\n|-damage|p1a: Yurtle the Turtle?|338/362\n|move|p1b: Scott Tennerman|Tailwind|p1b: Scott Tennerman\n|-sidestart|p1: smokeydabearrr|move: Tailwind\n|move|p2a: Show me your legs|Trick Room|p2a: Show me your legs\n|-fieldstart|move: Trick Room|[of] p2a: Show me your legs\n|\n|-heal|p1a: Yurtle the Turtle?|360/362|[from] item: Leftovers\n|upkeep\n|turn|2\n|\n|t:|1732980035\n|switch|p2b: Smearin' deez|Smeargle, M|314/314\n|move|p1a: Yurtle the Turtle?|Fake Out|p2a: Show me your legs\n|-damage|p2a: Show me your legs|288/318\n|debug|Covert Cloak prevent secondary\n|move|p2a: Show me your legs|Psyshock|p1a: Yurtle the Turtle?\n|-damage|p1a: Yurtle the Turtle?|251/362\n|move|p1b: Scott Tennerman|Dazzling Gleam|p2a: Show me your legs|[spread] p2a,p2b\n|debug|Spread modifier: 0.75\n|debug|Spread modifier: 0.75\n|-damage|p2a: Show me your legs|209/318\n|-damage|p2b: Smearin' deez|152/314\n|\n|-heal|p1a: Yurtle the Turtle?|273/362|[from] item: Leftovers\n|-ability|p2b: Smearin' deez|Moody|boost\n|-boost|p2b: Smearin' deez|atk|2\n|-unboost|p2b: Smearin' deez|spe|1\n|upkeep\n|turn|3\n|\n|t:|1732980135\n|move|p2a: Show me your legs|Protect|p2a: Show me your legs\n|-singleturn|p2a: Show me your legs|Protect\n|move|p2b: Smearin' deez|Fake Out|p1b: Scott Tennerman\n|-damage|p1b: Scott Tennerman|222/261\n|move|p1a: Yurtle the Turtle?|Life Dew|p1a: Yurtle the Turtle?|[spread] p1a,p1b\n|-heal|p1a: Yurtle the Turtle?|362/362\n|-heal|p1b: Scott Tennerman|261/261\n|cant|p1b: Scott Tennerman|flinch\n|\n|-ability|p2b: Smearin' deez|Moody|boost\n|-boost|p2b: Smearin' deez|atk|2\n|-unboost|p2b: Smearin' deez|spe|1\n|upkeep\n|turn|4\n|\n|t:|1732980186\n|move|p1a: Yurtle the Turtle?|Helping Hand|p1b: Scott Tennerman\n|-singleturn|p1b: Scott Tennerman|Helping Hand|[of] p1a: Yurtle the Turtle?\n|move|p2b: Smearin' deez|Spore|p1a: Yurtle the Turtle?\n|-status|p1a: Yurtle the Turtle?|slp|[from] move: Spore\n|move|p2a: Show me your legs|Psyshock|p1a: Yurtle the Turtle?\n|-damage|p1a: Yurtle the Turtle?|253/362 slp\n|move|p1b: Scott Tennerman|Dazzling Gleam|p2b: Smearin' deez|[spread] p2a,p2b\n|debug|Boosting from Helping Hand: 1.5\n|debug|Spread modifier: 0.75\n|debug|Boosting from Helping Hand: 1.5\n|debug|Spread modifier: 0.75\n|-damage|p2a: Show me your legs|83/318\n|-damage|p2b: Smearin' deez|0 fnt\n|faint|p2b: Smearin' deez\n|\n|-heal|p1a: Yurtle the Turtle?|275/362 slp|[from] item: Leftovers\n|-sideend|p1: smokeydabearrr|move: Tailwind\n|upkeep\n|\n|t:|1732980210\n|switch|p2b: Too turtley?|Enamorus-Therian, F|352/352\n|turn|5\n|\n|t:|1732980253\n|move|p2a: Show me your legs|Protect|p2a: Show me your legs\n|-singleturn|p2a: Show me your legs|Protect\n|move|p2b: Too turtley?|Calm Mind|p2b: Too turtley?\n|-boost|p2b: Too turtley?|spa|1\n|-boost|p2b: Too turtley?|spd|1\n|cant|p1a: Yurtle the Turtle?|slp\n|move|p1b: Scott Tennerman|Dazzling Gleam|p2b: Too turtley?|[spread] p2b\n|-activate|p2a: Show me your legs|move: Protect\n|debug|Spread modifier: 0.75\n|-damage|p2b: Too turtley?|300/352\n|\n|-heal|p1a: Yurtle the Turtle?|297/362 slp|[from] item: Leftovers\n|-fieldend|move: Trick Room\n|upkeep\n|turn|6\n|\n|t:|1732980341\n|switch|p1a: PSA 10 Shadowless|Charizard, M|297/297\n|move|p1b: Scott Tennerman|Dazzling Gleam|p2a: Show me your legs|[spread] p2a,p2b\n|debug|Spread modifier: 0.75\n|debug|Spread modifier: 0.75\n|-damage|p2a: Show me your legs|5/318\n|-damage|p2b: Too turtley?|248/352\n|move|p2b: Too turtley?|Springtide Storm|p1a: PSA 10 Shadowless|[spread] p1a,p1b\n|debug|Spread modifier: 0.75\n|-resisted|p1a: PSA 10 Shadowless\n|-crit|p1a: PSA 10 Shadowless\n|debug|Spread modifier: 0.75\n|-damage|p1a: PSA 10 Shadowless|66/297\n|-enditem|p1b: Scott Tennerman|Focus Sash\n|-damage|p1b: Scott Tennerman|1/261\n|-unboost|p1b: Scott Tennerman|atk|1\n|-damage|p2b: Too turtley?|213/352|[from] item: Life Orb\n|move|p2a: Show me your legs|Trick Room|p2a: Show me your legs\n|-fieldstart|move: Trick Room|[of] p2a: Show me your legs\n|\n|upkeep\n|turn|7\n|\n|t:|1732980434\n|detailschange|p1a: PSA 10 Shadowless|Charizard-Mega-Y, M\n|-mega|p1a: PSA 10 Shadowless|Charizard|Charizardite Y\n|-weather|SunnyDay|[from] ability: Drought|[of] p1a: PSA 10 Shadowless\n|move|p1a: PSA 10 Shadowless|Protect|p1a: PSA 10 Shadowless\n|-singleturn|p1a: PSA 10 Shadowless|Protect\n|move|p1b: Scott Tennerman|Taunt|p2b: Too turtley?\n|-start|p2b: Too turtley?|move: Taunt\n|move|p2a: Show me your legs|Psyshock|p1a: PSA 10 Shadowless\n|-activate|p1a: PSA 10 Shadowless|move: Protect\n|move|p2b: Too turtley?|Draining Kiss|p1b: Scott Tennerman\n|-damage|p1b: Scott Tennerman|0 fnt\n|-heal|p2b: Too turtley?|214/352|[from] drain|[of] p1b: Scott Tennerman\n|faint|p1b: Scott Tennerman\n|-damage|p2b: Too turtley?|179/352|[from] item: Life Orb\n|\n|-weather|SunnyDay|[upkeep]\n|upkeep\n|\n|t:|1732980486\n|switch|p1b: Raging B0ner|Raging Bolt|454/454\n|-activate|p1b: Raging B0ner|ability: Protosynthesis\n|-start|p1b: Raging B0ner|protosynthesisspa\n|turn|8\n|\n|t:|1732980513\n|switch|p1a: Yurtle the Turtle?|Blastoise, F|297/362 slp\n|-terastallize|p1b: Raging B0ner|Electric\n|move|p1b: Raging B0ner|Thunderclap|p2b: Too turtley?\n|debug|Protosynthesis spa boost\n|-supereffective|p2b: Too turtley?\n|-damage|p2b: Too turtley?|0 fnt\n|faint|p2b: Too turtley?\n|move|p2a: Show me your legs|Dazzling Gleam|p1b: Raging B0ner|[spread] p1a,p1b\n|debug|Spread modifier: 0.75\n|debug|Spread modifier: 0.75\n|-damage|p1a: Yurtle the Turtle?|179/362 slp\n|-damage|p1b: Raging B0ner|369/454\n|\n|-weather|SunnyDay|[upkeep]\n|-heal|p1a: Yurtle the Turtle?|201/362 slp|[from] item: Leftovers\n|upkeep\n|\n|t:|1732980563\n|switch|p2b: Usher foo|Urshifu-Rapid-Strike, F|404/404\n|turn|9\n|\n|t:|1732980588\n|switch|p2a: Metal gyatt|Magearna|364/364\n|-curestatus|p1a: Yurtle the Turtle?|slp|[msg]\n|move|p1a: Yurtle the Turtle?|Fake Out|p2a: Metal gyatt\n|-resisted|p2a: Metal gyatt\n|-damage|p2a: Metal gyatt|352/364\n|move|p1b: Raging B0ner|Thunderclap|p2b: Usher foo\n|debug|Protosynthesis spa boost\n|-supereffective|p2b: Usher foo\n|-damage|p2b: Usher foo|0 fnt\n|faint|p2b: Usher foo\n|-ability|p2a: Metal gyatt|Soul-Heart|boost\n|-boost|p2a: Metal gyatt|spa|1\n|\n|-weather|SunnyDay|[upkeep]\n|-heal|p2a: Metal gyatt|364/364|[from] item: Leftovers\n|-heal|p1a: Yurtle the Turtle?|223/362|[from] item: Leftovers\n|upkeep\n|\n|t:|1732980605\n|switch|p2b: More metal gyatt|Melmetal|443/443\n|turn|10\n|\n|t:|1732980675\n|move|p1b: Raging B0ner|Thunderclap|p2a: Metal gyatt\n|debug|Protosynthesis spa boost\n|-damage|p2a: Metal gyatt|142/364\n|move|p2b: More metal gyatt|Ice Punch|p1b: Raging B0ner\n|debug|Iron Fist boost\n|-damage|p1b: Raging B0ner|251/454\n|move|p2a: Metal gyatt|Dazzling Gleam|p1b: Raging B0ner|[spread] p1a,p1b\n|debug|Spread modifier: 0.75\n|debug|Spread modifier: 0.75\n|-damage|p1a: Yurtle the Turtle?|42/362\n|-damage|p1b: Raging B0ner|110/454\n|move|p1a: Yurtle the Turtle?|Life Dew|p1a: Yurtle the Turtle?|[spread] p1a,p1b\n|-heal|p1a: Yurtle the Turtle?|133/362\n|-heal|p1b: Raging B0ner|224/454\n|\n|-weather|SunnyDay|[upkeep]\n|-heal|p2a: Metal gyatt|164/364|[from] item: Leftovers\n|-heal|p1a: Yurtle the Turtle?|155/362|[from] item: Leftovers\n|-fieldend|move: Trick Room\n|upkeep\n|turn|11\n|\n|t:|1732980716\n|move|p1a: Yurtle the Turtle?|Helping Hand|p1b: Raging B0ner\n|-singleturn|p1b: Raging B0ner|Helping Hand|[of] p1a: Yurtle the Turtle?\n|move|p1b: Raging B0ner|Electroweb|p2a: Metal gyatt|[spread] p2a,p2b\n|debug|Boosting from Helping Hand: 1.5\n|debug|Protosynthesis spa boost\n|debug|Spread modifier: 0.75\n|debug|Boosting from Helping Hand: 1.5\n|debug|Protosynthesis spa boost\n|debug|Spread modifier: 0.75\n|-damage|p2a: Metal gyatt|0 fnt\n|-damage|p2b: More metal gyatt|277/443\n|-unboost|p2b: More metal gyatt|spe|1\n|faint|p2a: Metal gyatt\n|move|p2b: More metal gyatt|Ice Punch|p1b: Raging B0ner\n|debug|Iron Fist boost\n|-damage|p1b: Raging B0ner|98/454\n|debug|artificial status immunity\n|debug|immune to status\n|debug|move failed because it did nothing\n|\n|-weather|none\n|-end|p1b: Raging B0ner|Protosynthesis\n|-heal|p1a: Yurtle the Turtle?|177/362|[from] item: Leftovers\n|upkeep\n|\n|t:|1732980729\n|switch|p2a: Show me your legs|Hatterene, F|5/318\n|turn|12\n|\n|t:|1732980752\n|move|p1a: Yurtle the Turtle?|Life Dew|p1a: Yurtle the Turtle?|[spread] p1a,p1b\n|-heal|p1a: Yurtle the Turtle?|268/362\n|-heal|p1b: Raging B0ner|212/454\n|move|p1b: Raging B0ner|Electroweb|p2a: Show me your legs|[spread] p2a,p2b\n|debug|Spread modifier: 0.75\n|debug|Spread modifier: 0.75\n|-damage|p2a: Show me your legs|0 fnt\n|-damage|p2b: More metal gyatt|187/443\n|debug|Covert Cloak prevent secondary\n|-unboost|p2b: More metal gyatt|spe|1\n|faint|p2a: Show me your legs\n|move|p2b: More metal gyatt|Thunder Punch|p1a: Yurtle the Turtle?\n|debug|Iron Fist boost\n|-supereffective|p1a: Yurtle the Turtle?\n|-damage|p1a: Yurtle the Turtle?|90/362\n|\n|-heal|p1a: Yurtle the Turtle?|112/362|[from] item: Leftovers\n|upkeep\n|turn|13\n|\n|t:|1732980782\n|move|p1a: Yurtle the Turtle?|Helping Hand|p1b: Raging B0ner\n|-singleturn|p1b: Raging B0ner|Helping Hand|[of] p1a: Yurtle the Turtle?\n|move|p1b: Raging B0ner|Electroweb|p2b: More metal gyatt\n|debug|Boosting from Helping Hand: 1.5\n|-damage|p2b: More metal gyatt|13/443\n|-unboost|p2b: More metal gyatt|spe|1\n|move|p2b: More metal gyatt|Thunder Punch|p1a: Yurtle the Turtle?\n|debug|Iron Fist boost\n|-supereffective|p1a: Yurtle the Turtle?\n|-damage|p1a: Yurtle the Turtle?|0 fnt\n|faint|p1a: Yurtle the Turtle?\n|\n|upkeep\n|\n|t:|1732980791\n|switch|p1a: PSA 10 Shadowless|Charizard-Mega-Y, M|66/297\n|-weather|SunnyDay|[from] ability: Drought|[of] p1a: PSA 10 Shadowless\n|-activate|p1b: Raging B0ner|ability: Protosynthesis\n|-start|p1b: Raging B0ner|protosynthesisspa\n|turn|14\n|\n|t:|1732980805\n|move|p1a: PSA 10 Shadowless|Heat Wave|p2b: More metal gyatt\n|debug|Sunny Day fire boost\n|-supereffective|p2b: More metal gyatt\n|-damage|p2b: More metal gyatt|0 fnt\n|faint|p2b: More metal gyatt\n|\n|win|smokeydabearrr\n","uploadtime":1732980812,"views":"20","formatid":"gen9doublescustomgame","rating":null,"private":0,"password":null}