{"id":"gen9doublescustomgame-2265590734","format":"[Gen 9] Doubles Custom Game","players":["mistermoscow","Mattmandaman"],"log":"|badge|p2|gold|gen9doublesou|3-3\n|uhtml|medal-msg|<div class=\"broadcast-blue\">Curious what those medals under the avatar are? PS now has Ladder Seasons! For more information, check out the <a href=\"https://www.smogon.com/forums/threads/3740067/\">thread on Smogon.</a></div>\n|j|☆mistermoscow\n|j|☆Mattmandaman\n|t:|1734557793\n|gametype|doubles\n|player|p1|mistermoscow|alder|\n|player|p2|Mattmandaman|giovanni|\n|teamsize|p1|6\n|teamsize|p2|6\n|gen|9\n|tier|[Gen 9] Doubles Custom Game\n|clearpoke\n|poke|p1|Butterfree, F|\n|poke|p1|Clefairy, M|\n|poke|p1|Poliwrath, F|\n|poke|p1|Ditto|\n|poke|p1|Porygon|\n|poke|p1|Snorlax, M|\n|poke|p2|Nidoqueen, F|\n|poke|p2|Gengar, M|\n|poke|p2|Dodrio, F|\n|poke|p2|Marowak, M|\n|poke|p2|Primeape, F|\n|poke|p2|Electrode|\n|teampreview\n|\n|t:|1734557874\n|start\n|switch|p1a: Pogo Jr|Porygon|271/271\n|switch|p1b: Purple Haze|Butterfree, F|262/262\n|switch|p2a: Nidoqueen|Nidoqueen, F|343/343\n|switch|p2b: Gengar|Gengar, M|262/262\n|-ability|p1a: Pogo Jr|Download|boost\n|-boost|p1a: Pogo Jr|atk|1\n|turn|1\n|\n|t:|1734557902\n|move|p1b: Purple Haze|Protect|p1b: Purple Haze\n|-singleturn|p1b: Purple Haze|Protect\n|move|p2b: Gengar|Icy Wind|p1b: Purple Haze|[spread] p1a\n|-activate|p1b: Purple Haze|move: Protect\n|debug|Spread modifier: 0.75\n|-damage|p1a: Pogo Jr|240/271\n|-unboost|p1a: Pogo Jr|spe|1\n|move|p2a: Nidoqueen|Sludge Wave|p1b: Purple Haze|[spread] p2b,p1a\n|-activate|p1b: Purple Haze|move: Protect\n|debug|Spread modifier: 0.75\n|-resisted|p2b: Gengar\n|debug|Spread modifier: 0.75\n|-damage|p2b: Gengar|213/262\n|-damage|p1a: Pogo Jr|133/271\n|move|p1a: Pogo Jr|Trick Room|p1a: Pogo Jr\n|-fieldstart|move: Trick Room|[of] p1a: Pogo Jr\n|\n|upkeep\n|turn|2\n|\n|t:|1734557927\n|move|p1a: Pogo Jr|Psychic|p2a: Nidoqueen\n|-supereffective|p2a: Nidoqueen\n|-damage|p2a: Nidoqueen|189/343\n|move|p2a: Nidoqueen|Sludge Wave|p1b: Purple Haze|[spread] p2b,p1a,p1b\n|debug|Spread modifier: 0.75\n|-resisted|p2b: Gengar\n|debug|Spread modifier: 0.75\n|debug|Spread modifier: 0.75\n|-damage|p2b: Gengar|161/262\n|-damage|p1a: Pogo Jr|36/271\n|-damage|p1b: Purple Haze|66/262\n|move|p1b: Purple Haze|Sleep Powder|p2b: Gengar\n|debug|compoundeyes - enhancing accuracy\n|-status|p2b: Gengar|slp|[from] move: Sleep Powder\n|cant|p2b: Gengar|slp\n|\n|upkeep\n|turn|3\n|\n|t:|1734557949\n|switch|p1b: Imp|Ditto|300/300\n|-transform|p1b: Imp|p2a: Nidoqueen|[from] ability: Imposter\n|move|p2a: Nidoqueen|Protect|p2a: Nidoqueen\n|-singleturn|p2a: Nidoqueen|Protect\n|move|p1a: Pogo Jr|Recover|p1a: Pogo Jr\n|-heal|p1a: Pogo Jr|172/271\n|cant|p2b: Gengar|slp\n|\n|upkeep\n|turn|4\n|\n|t:|1734557977\n|switch|p2a: Dodrio|Dodrio, F|262/262\n|move|p1a: Pogo Jr|Psychic|p2b: Gengar\n|-supereffective|p2b: Gengar\n|-damage|p2b: Gengar|0 fnt\n|faint|p2b: Gengar\n|move|p1b: Imp|Earth Power|p2a: Dodrio\n|-immune|p2a: Dodrio\n|\n|upkeep\n|\n|t:|1734557995\n|switch|p2b: Marowak|Marowak, M|262/262\n|turn|5\n|\n|t:|1734558016\n|move|p1a: Pogo Jr|Recover|p1a: Pogo Jr\n|-heal|p1a: Pogo Jr|271/271\n|move|p2b: Marowak|Earthquake|p1a: Pogo Jr|[spread] p1a,p1b\n|-immune|p2a: Dodrio\n|debug|Spread modifier: 0.75\n|debug|Spread modifier: 0.75\n|-supereffective|p1b: Imp\n|-damage|p1a: Pogo Jr|129/271\n|-enditem|p1b: Imp|Focus Sash\n|-damage|p1b: Imp|1/300\n|move|p1b: Imp|Sludge Wave|p2a: Dodrio|[spread] p1a,p2a,p2b\n|debug|Spread modifier: 0.75\n|debug|Spread modifier: 0.75\n|debug|Spread modifier: 0.75\n|-resisted|p2b: Marowak\n|-damage|p1a: Pogo Jr|45/271\n|-damage|p2a: Dodrio|63/262\n|-damage|p2b: Marowak|182/262\n|move|p2a: Dodrio|Tailwind|p2a: Dodrio\n|-sidestart|p2: Mattmandaman|move: Tailwind\n|\n|-fieldend|move: Trick Room\n|upkeep\n|turn|6\n|\n|t:|1734558055\n|switch|p1a: Polly|Poliwrath, F|353/353\n|move|p1b: Imp|Protect|p1b: Imp\n|-singleturn|p1b: Imp|Protect\n|move|p2a: Dodrio|Brave Bird|p1b: Imp\n|-activate|p1b: Imp|move: Protect\n|move|p2b: Marowak|Earthquake|p1a: Polly|[spread] p1a\n|-activate|p1b: Imp|move: Protect\n|-immune|p2a: Dodrio\n|debug|Spread modifier: 0.75\n|-damage|p1a: Polly|185/353\n|\n|upkeep\n|turn|7\n|\n|t:|1734558107\n|switch|p1b: Snax|Snorlax, M|524/524\n|move|p2a: Dodrio|Brave Bird|p1a: Polly\n|-supereffective|p1a: Polly\n|-damage|p1a: Polly|0 fnt\n|faint|p1a: Polly\n|-damage|p2a: Dodrio|2/262|[from] Recoil\n|move|p2b: Marowak|Earthquake|p1b: Snax|[spread] p1b\n|-immune|p2a: Dodrio\n|debug|Spread modifier: 0.75\n|-damage|p1b: Snax|340/524\n|\n|upkeep\n|\n|t:|1734558148\n|switch|p1a: Clifford|Clefairy, M|282/282\n|turn|8\n|\n|t:|1734558161\n|move|p2a: Dodrio|Endeavor|p1b: Snax\n|-damage|p1b: Snax|2/524\n|move|p2b: Marowak|Earthquake|p1a: Clifford|[spread] p1a,p1b\n|-immune|p2a: Dodrio\n|debug|Spread modifier: 0.75\n|debug|Spread modifier: 0.75\n|debug|Friend Guard weaken\n|-damage|p1a: Clifford|134/282\n|-damage|p1b: Snax|0 fnt\n|faint|p1b: Snax\n|move|p1a: Clifford|Heal Pulse|p1: Snax|[notarget]\n|-fail|p1a: Clifford\n|\n|-sideend|p2: Mattmandaman|move: Tailwind\n|upkeep\n|-message|mistermoscow forfeited.\n|\n|win|Mattmandaman\n","uploadtime":1734558177,"views":"33","formatid":"gen9doublescustomgame","rating":null,"private":0,"password":null}