{"id":"gen9doublescustomgame-2268129486","format":"[Gen 9] Doubles Custom Game","players":["mistermoscow","je64"],"log":"|j|☆mistermoscow\n|j|☆je64\n|t:|1734936884\n|gametype|doubles\n|player|p1|mistermoscow|alder|\n|player|p2|je64|2|\n|teamsize|p1|6\n|teamsize|p2|6\n|gen|9\n|tier|[Gen 9] Doubles Custom Game\n|clearpoke\n|poke|p1|Butterfree, F|\n|poke|p1|Clefairy, M|\n|poke|p1|Poliwrath, F|\n|poke|p1|Victreebel, M|\n|poke|p1|Porygon|\n|poke|p1|Snorlax, M|\n|poke|p2|Kadabra, M|\n|poke|p2|Gyarados, F|\n|poke|p2|Hitmonchan, M|\n|poke|p2|Electabuzz, F|\n|poke|p2|Chansey, F|\n|poke|p2|Articuno|\n|teampreview\n|\n|t:|1734937032\n|start\n|switch|p1a: Purple Haze|Butterfree, F|262/262\n|switch|p1b: Victor|Victreebel, M|301/301\n|switch|p2a: Hitmonchan|Hitmonchan, M|242/242\n|switch|p2b: Articuno|Articuno|384/384\n|turn|1\n|\n|t:|1734937061\n|switch|p1a: Pogo Jr|Porygon|271/271\n|-ability|p1a: Pogo Jr|Download|boost\n|-boost|p1a: Pogo Jr|atk|1\n|move|p2a: Hitmonchan|Fake Out|p1a: Pogo Jr\n|-damage|p1a: Pogo Jr|238/271\n|move|p1b: Victor|Swords Dance|p1b: Victor\n|-boost|p1b: Victor|atk|2\n|move|p2b: Articuno|Snowscape|p2b: Articuno\n|-weather|Snow\n|\n|-weather|Snow|[upkeep]\n|upkeep\n|turn|2\n|\n|t:|1734937087\n|switch|p2a: Gyarados|Gyarados, F|331/331\n|-ability|p2a: Gyarados|Intimidate|boost\n|-unboost|p1a: Pogo Jr|atk|1\n|-unboost|p1b: Victor|atk|1\n|move|p1b: Victor|Protect|p1b: Victor\n|-singleturn|p1b: Victor|Protect\n|move|p2b: Articuno|Blizzard|p1a: Pogo Jr|[spread] p1a\n|-activate|p1b: Victor|move: Protect\n|debug|Spread modifier: 0.75\n|-damage|p1a: Pogo Jr|171/271\n|move|p1a: Pogo Jr|Icy Wind|p2b: Articuno|[spread] p2a\n|debug|Snow Cloak - decreasing accuracy\n|-miss|p1a: Pogo Jr|p2b: Articuno\n|debug|Spread modifier: 0.75\n|-damage|p2a: Gyarados|292/331\n|-unboost|p2a: Gyarados|spe|1\n|\n|-weather|Snow|[upkeep]\n|upkeep\n|turn|3\n|\n|t:|1734937157\n|switch|p2a: Chansey|Chansey, F|641/641\n|move|p1b: Victor|Swords Dance|p1b: Victor\n|-boost|p1b: Victor|atk|2\n|move|p2b: Articuno|Blizzard|p1a: Pogo Jr|[spread] p1a,p1b\n|debug|Spread modifier: 0.75\n|debug|Spread modifier: 0.75\n|-supereffective|p1b: Victor\n|-damage|p1a: Pogo Jr|105/271\n|-damage|p1b: Victor|35/301\n|move|p1a: Pogo Jr|Icy Wind|p2a: Chansey|[spread] p2a\n|debug|Snow Cloak - decreasing accuracy\n|-miss|p1a: Pogo Jr|p2b: Articuno\n|debug|Spread modifier: 0.75\n|-damage|p2a: Chansey|621/641\n|-unboost|p2a: Chansey|spe|1\n|\n|-weather|Snow|[upkeep]\n|upkeep\n|turn|4\n|\n|t:|1734937190\n|switch|p1a: Purple Haze|Butterfree, F|262/262\n|switch|p2a: Gyarados|Gyarados, F|292/331\n|-ability|p2a: Gyarados|Intimidate|boost\n|-unboost|p1a: Purple Haze|atk|1\n|-unboost|p1b: Victor|atk|1\n|move|p1b: Victor|Protect|p1b: Victor\n|-singleturn|p1b: Victor|Protect\n|move|p2b: Articuno|Tailwind|p2b: Articuno\n|-sidestart|p2: je64|move: Tailwind\n|\n|-weather|Snow|[upkeep]\n|upkeep\n|turn|5\n|\n|t:|1734937225\n|switch|p1a: Polly|Poliwrath, F|384/384\n|move|p1b: Victor|Sucker Punch||[still]\n|-fail|p1b: Victor\n|move|p2a: Gyarados|Dragon Dance|p2a: Gyarados\n|-boost|p2a: Gyarados|atk|1\n|-boost|p2a: Gyarados|spe|1\n|move|p2b: Articuno|Blizzard|p1a: Polly|[spread] p1a,p1b\n|debug|Spread modifier: 0.75\n|-resisted|p1a: Polly\n|debug|Spread modifier: 0.75\n|-supereffective|p1b: Victor\n|-damage|p1a: Polly|331/384\n|-damage|p1b: Victor|0 fnt\n|faint|p1b: Victor\n|\n|-weather|none\n|-heal|p1a: Polly|355/384|[from] item: Leftovers\n|upkeep\n|\n|t:|1734937250\n|switch|p1b: Snax|Snorlax, M|524/524\n|turn|6\n|\n|t:|1734937281\n|move|p2a: Gyarados|Waterfall|p1b: Snax\n|-damage|p1b: Snax|320/524\n|move|p2b: Articuno|Snowscape|p2b: Articuno\n|-weather|Snow\n|move|p1a: Polly|Coaching|p1b: Snax\n|-boost|p1b: Snax|atk|1\n|-boost|p1b: Snax|def|1\n|move|p1b: Snax|Return|p2a: Gyarados\n|-damage|p2a: Gyarados|73/331\n|-enditem|p2a: Gyarados|Sitrus Berry|[eat]\n|-heal|p2a: Gyarados|155/331|[from] item: Sitrus Berry\n|\n|-weather|Snow|[upkeep]\n|-heal|p1a: Polly|379/384|[from] item: Leftovers\n|upkeep\n|turn|7\n|\n|t:|1734937314\n|move|p2a: Gyarados|Waterfall|p1b: Snax\n|-damage|p1b: Snax|181/524\n|move|p2b: Articuno|Blizzard|p1a: Polly|[spread] p1a,p1b\n|debug|Spread modifier: 0.75\n|-resisted|p1a: Polly\n|debug|Spread modifier: 0.75\n|-damage|p1a: Polly|327/384\n|-damage|p1b: Snax|123/524\n|move|p1a: Polly|Coaching|p1b: Snax\n|-boost|p1b: Snax|atk|1\n|-boost|p1b: Snax|def|1\n|move|p1b: Snax|Return|p2a: Gyarados\n|-damage|p2a: Gyarados|0 fnt\n|faint|p2a: Gyarados\n|\n|-weather|Snow|[upkeep]\n|-heal|p1a: Polly|351/384|[from] item: Leftovers\n|-sideend|p2: je64|move: Tailwind\n|upkeep\n|\n|t:|1734937331\n|switch|p2a: K.Dot|Kadabra, M|221/221\n|turn|8\n|\n|t:|1734937377\n|move|p2a: K.Dot|Psychic|p1b: Snax\n|-damage|p1b: Snax|6/524\n|debug|damage event failed\n|move|p2b: Articuno|Tailwind|p2b: Articuno\n|-sidestart|p2: je64|move: Tailwind\n|move|p1a: Polly|Drain Punch|p2b: Articuno\n|debug|Snow Cloak - decreasing accuracy\n|-damage|p2b: Articuno|321/384\n|-heal|p1a: Polly|383/384|[from] drain|[of] p2b: Articuno\n|move|p1b: Snax|Return|p2a: K.Dot\n|-damage|p2a: K.Dot|0 fnt\n|faint|p2a: K.Dot\n|\n|-weather|Snow|[upkeep]\n|-heal|p1a: Polly|384/384|[from] item: Leftovers\n|upkeep\n|\n|t:|1734937397\n|switch|p2a: Buzz Lightyear|Electabuzz, F|271/271\n|turn|9\n|\n|t:|1734937418\n|move|p2a: Buzz Lightyear|Thunderbolt|p1a: Polly\n|-supereffective|p1a: Polly\n|-damage|p1a: Polly|70/384\n|move|p2b: Articuno|Blizzard|p1b: Snax|[spread] p1a,p1b\n|debug|Spread modifier: 0.75\n|-resisted|p1a: Polly\n|debug|Spread modifier: 0.75\n|-damage|p1a: Polly|24/384\n|-damage|p1b: Snax|0 fnt\n|faint|p1b: Snax\n|move|p1a: Polly|Drain Punch|p2a: Buzz Lightyear\n|-damage|p2a: Buzz Lightyear|73/271\n|-heal|p1a: Polly|123/384|[from] drain|[of] p2a: Buzz Lightyear\n|\n|-weather|Snow|[upkeep]\n|-heal|p1a: Polly|147/384|[from] item: Leftovers\n|upkeep\n|\n|t:|1734937439\n|switch|p1b: Clifford|Clefairy, M|344/344\n|turn|10\n|\n|t:|1734937460\n|move|p1a: Polly|Protect|p1a: Polly\n|-singleturn|p1a: Polly|Protect\n|move|p2a: Buzz Lightyear|Electroweb|p1a: Polly|[spread] p1b\n|-activate|p1a: Polly|move: Protect\n|debug|Spread modifier: 0.75\n|-damage|p1b: Clifford|283/344\n|-unboost|p1b: Clifford|spe|1\n|move|p2b: Articuno|Blizzard|p1b: Clifford|[spread] p1b\n|-activate|p1a: Polly|move: Protect\n|debug|Spread modifier: 0.75\n|-damage|p1b: Clifford|201/344\n|move|p1b: Clifford|Reflect|p1b: Clifford\n|-sidestart|p1: mistermoscow|Reflect\n|\n|-weather|none\n|-heal|p1a: Polly|171/384|[from] item: Leftovers\n|upkeep\n|turn|11\n|\n|t:|1734937510\n|switch|p1b: Pogo Jr|Porygon|105/271\n|-ability|p1b: Pogo Jr|Download|boost\n|-boost|p1b: Pogo Jr|atk|1\n|move|p2a: Buzz Lightyear|Volt Switch|p1a: Polly\n|-supereffective|p1a: Polly\n|-damage|p1a: Polly|0 fnt\n|faint|p1a: Polly\n|\n|t:|1734937521\n|switch|p2a: Hitmonchan|Hitmonchan, M|242/242|[from] Volt Switch\n|move|p2b: Articuno|Snowscape|p2b: Articuno\n|-weather|Snow\n|\n|-weather|Snow|[upkeep]\n|-sideend|p2: je64|move: Tailwind\n|upkeep\n|\n|t:|1734937533\n|switch|p1a: Clifford|Clefairy, M|201/344\n|turn|12\n|\n|t:|1734937545\n|move|p1b: Pogo Jr|Protect|p1b: Pogo Jr\n|-singleturn|p1b: Pogo Jr|Protect\n|move|p1a: Clifford|Protect|p1a: Clifford\n|-singleturn|p1a: Clifford|Protect\n|move|p2a: Hitmonchan|Fake Out|p1a: Clifford\n|-activate|p1a: Clifford|move: Protect\n|move|p2b: Articuno|Blizzard|p1a: Clifford|[spread] \n|-activate|p1a: Clifford|move: Protect\n|-activate|p1b: Pogo Jr|move: Protect\n|\n|-weather|Snow|[upkeep]\n|upkeep\n|turn|13\n|\n|t:|1734937569\n|move|p1a: Clifford|Follow Me|p1a: Clifford\n|-singleturn|p1a: Clifford|move: Follow Me\n|move|p2a: Hitmonchan|Knock Off|p1a: Clifford\n|debug|Follow Me redirected target of move\n|-resisted|p1a: Clifford\n|debug|Reflect weaken\n|-damage|p1a: Clifford|171/344\n|-enditem|p1a: Clifford|Eviolite|[from] move: Knock Off|[of] p2a: Hitmonchan\n|move|p2b: Articuno|Blizzard|p1a: Clifford|[spread] p1a,p1b\n|debug|Spread modifier: 0.75\n|debug|Spread modifier: 0.75\n|debug|Friend Guard weaken\n|-damage|p1a: Clifford|62/344\n|-damage|p1b: Pogo Jr|55/271\n|move|p1b: Pogo Jr|Psychic|p2a: Hitmonchan\n|-supereffective|p2a: Hitmonchan\n|-damage|p2a: Hitmonchan|134/242\n|-unboost|p2a: Hitmonchan|spd|1\n|\n|-weather|Snow|[upkeep]\n|upkeep\n|turn|14\n|\n|t:|1734937615\n|move|p1a: Clifford|Follow Me|p1a: Clifford\n|-singleturn|p1a: Clifford|move: Follow Me\n|move|p2a: Hitmonchan|Drain Punch|p1a: Clifford\n|debug|Follow Me redirected target of move\n|debug|Iron Fist boost\n|-resisted|p1a: Clifford\n|debug|Reflect weaken\n|-damage|p1a: Clifford|5/344\n|-heal|p2a: Hitmonchan|163/242|[from] drain|[of] p1a: Clifford\n|move|p2b: Articuno|Tailwind|p2b: Articuno\n|-sidestart|p2: je64|move: Tailwind\n|move|p1b: Pogo Jr|Psychic|p2a: Hitmonchan\n|-supereffective|p2a: Hitmonchan\n|-damage|p2a: Hitmonchan|7/242\n|\n|-weather|Snow|[upkeep]\n|-sideend|p1: mistermoscow|Reflect\n|upkeep\n|turn|15\n|\n|t:|1734937655\n|switch|p2b: Chansey|Chansey, F|621/641\n|switch|p1a: Purple Haze|Butterfree, F|262/262\n|move|p1b: Pogo Jr|Protect|p1b: Pogo Jr\n|-singleturn|p1b: Pogo Jr|Protect\n|move|p2a: Hitmonchan|Drain Punch|p1b: Pogo Jr\n|-activate|p1b: Pogo Jr|move: Protect\n|\n|-weather|none\n|upkeep\n|turn|16\n|\n|t:|1734937723\n|move|p2a: Hitmonchan|Ice Punch|p1a: Purple Haze\n|debug|Iron Fist boost\n|-supereffective|p1a: Purple Haze\n|-damage|p1a: Purple Haze|0 fnt\n|faint|p1a: Purple Haze\n|move|p2b: Chansey|Seismic Toss|p1b: Pogo Jr\n|-damage|p1b: Pogo Jr|0 fnt\n|faint|p1b: Pogo Jr\n|\n|upkeep\n|\n|t:|1734937734\n|switch|p1b: Clifford|Clefairy, M|5/344\n|turn|17\n|\n|t:|1734937768\n|move|p1b: Clifford|Follow Me|p1b: Clifford\n|-singleturn|p1b: Clifford|move: Follow Me\n|move|p2a: Hitmonchan|Drain Punch|p1b: Clifford\n|debug|Follow Me redirected target of move\n|debug|Iron Fist boost\n|-resisted|p1b: Clifford\n|-damage|p1b: Clifford|0 fnt\n|-heal|p2a: Hitmonchan|10/242|[from] drain|[of] p1b: Clifford\n|faint|p1b: Clifford\n|\n|win|je64\n","uploadtime":1734937775,"views":"44","formatid":"gen9doublescustomgame","rating":null,"private":0,"password":null}