{"id":"gen9doublescustomgame-2283248806","format":"[Gen 9] Doubles Custom Game","players":["mistermoscow","je64"],"log":"|j|☆mistermoscow\n|j|☆je64\n|t:|1737169124\n|gametype|doubles\n|player|p1|mistermoscow|alder|\n|player|p2|je64|170|\n|teamsize|p1|6\n|teamsize|p2|6\n|gen|9\n|tier|[Gen 9] Doubles Custom Game\n|clearpoke\n|poke|p1|Clefairy, M|\n|poke|p1|Gengar, M|\n|poke|p1|Kingler, M|\n|poke|p1|Ditto|\n|poke|p1|Jolteon, M|\n|poke|p1|Dragonite, M|\n|poke|p2|Dugtrio, F|\n|poke|p2|Dugtrio, M|\n|poke|p2|Hitmonchan, M|\n|poke|p2|Hitmonchan, M|\n|poke|p2|Chansey, F|\n|poke|p2|Chansey, F|\n|teampreview\n|\n|t:|1737169241\n|start\n|switch|p1a: Spook|Gengar, M|261/261\n|switch|p1b: Mister Snips|Kingler, M|252/252\n|switch|p2a: Jackie|Hitmonchan, M|242/242\n|switch|p2b: Chan|Hitmonchan, M|242/242\n|turn|1\n|\n|t:|1737169270\n|switch|p1b: Imp|Ditto|300/300\n|-transform|p1b: Imp|p2a: Jackie|[from] ability: Imposter\n|move|p2a: Jackie|Fake Out|p1b: Imp\n|-damage|p1b: Imp|246/300\n|debug|Covert Cloak prevent secondary\n|move|p1a: Spook|Will-O-Wisp|p2a: Jackie\n|-status|p2a: Jackie|brn\n|move|p2b: Chan|Coaching|p2a: Jackie\n|-boost|p2a: Jackie|atk|1\n|-boost|p2a: Jackie|def|1\n|\n|-damage|p2a: Jackie|227/242 brn|[from] brn\n|upkeep\n|turn|2\n|\n|t:|1737169321\n|switch|p2b: Jonah Hill|Chansey, F|704/704\n|move|p1b: Imp|Fake Out|p2b: Jonah Hill\n|-damage|p2b: Jonah Hill|646/704\n|move|p1a: Spook|Haze|p1a: Spook\n|-clearallboost\n|move|p2a: Jackie|Drain Punch|p1b: Imp\n|debug|Punching Glove boost\n|debug|Iron Fist boost\n|-damage|p1b: Imp|153/300\n|-heal|p2a: Jackie|242/242 brn|[from] drain|[of] p1b: Imp\n|\n|-damage|p2a: Jackie|227/242 brn|[from] brn\n|upkeep\n|turn|3\n|\n|t:|1737169341\n|move|p1a: Spook|Sludge Bomb|p2b: Jonah Hill\n|-damage|p2b: Jonah Hill|543/704\n|move|p2a: Jackie|Drain Punch|p1b: Imp\n|debug|Punching Glove boost\n|debug|Iron Fist boost\n|-damage|p1b: Imp|49/300\n|-heal|p2a: Jackie|242/242 brn|[from] drain|[of] p1b: Imp\n|move|p1b: Imp|Drain Punch|p2b: Jonah Hill\n|debug|Iron Fist boost\n|-supereffective|p2b: Jonah Hill\n|-damage|p2b: Jonah Hill|123/704\n|-heal|p1b: Imp|259/300|[from] drain|[of] p2b: Jonah Hill\n|move|p2b: Jonah Hill|Stealth Rock|p1a: Spook\n|-sidestart|p1: mistermoscow|move: Stealth Rock\n|\n|-damage|p2a: Jackie|227/242 brn|[from] brn\n|upkeep\n|turn|4\n|\n|t:|1737169391\n|switch|p2b: Fissure Bro L|Dugtrio, M, shiny|212/212\n|move|p1a: Spook|Sludge Bomb|p2a: Jackie\n|-damage|p2a: Jackie|88/242 brn\n|move|p2a: Jackie|Ice Punch|p1a: Spook\n|debug|Punching Glove boost\n|debug|Iron Fist boost\n|-damage|p1a: Spook|182/261\n|-start|p2a: Jackie|Disable|Ice Punch|[from] ability: Cursed Body|[of] p1a: Spook\n|move|p1b: Imp|Drain Punch|p2b: Fissure Bro L\n|debug|Iron Fist boost\n|-damage|p2b: Fissure Bro L|0 fnt\n|-heal|p1b: Imp|300/300|[from] drain|[of] p2b: Fissure Bro L\n|faint|p2b: Fissure Bro L\n|\n|-damage|p2a: Jackie|73/242 brn|[from] brn\n|upkeep\n|\n|t:|1737169405\n|switch|p2b: Fissure Bro M|Dugtrio, F, shiny|212/212\n|debug|natural status immunity\n|turn|5\n|\n|t:|1737169507\n|switch|p2a: Chan|Hitmonchan, M|242/242\n|move|p2b: Fissure Bro M|High Horsepower|p1a: Spook\n|-supereffective|p1a: Spook\n|-damage|p1a: Spook|0 fnt\n|faint|p1a: Spook\n|move|p1b: Imp|Drain Punch|p2b: Fissure Bro M\n|debug|Iron Fist boost\n|-enditem|p2b: Fissure Bro M|Focus Sash\n|-damage|p2b: Fissure Bro M|1/212\n|\n|upkeep\n|\n|t:|1737169522\n|switch|p1a: Puff|Dragonite, M|355/355\n|-damage|p1a: Puff|267/355|[from] Stealth Rock\n|turn|6\n|\n|t:|1737169540\n|move|p1a: Puff|Extreme Speed|p2b: Fissure Bro M\n|-damage|p2b: Fissure Bro M|0 fnt\n|faint|p2b: Fissure Bro M\n|move|p2a: Chan|Ice Punch|p1a: Puff\n|debug|Iron Fist boost\n|-supereffective|p1a: Puff\n|-damage|p1a: Puff|0 fnt\n|faint|p1a: Puff\n|move|p1b: Imp|Drain Punch|p2a: Chan\n|debug|Iron Fist boost\n|-damage|p2a: Chan|70/242\n|\n|upkeep\n|\n|t:|1737169574\n|switch|p2b: Lizzo|Chansey, F|704/704\n|switch|p1a: Clifford|Clefairy, M|344/344\n|-damage|p1a: Clifford|301/344|[from] Stealth Rock\n|turn|7\n|\n|t:|1737169629\n|move|p1b: Imp|Drain Punch|p2b: Lizzo\n|debug|Iron Fist boost\n|-supereffective|p2b: Lizzo\n|-damage|p2b: Lizzo|318/704\n|move|p2a: Chan|Coaching|p2b: Lizzo\n|-boost|p2b: Lizzo|atk|1\n|-boost|p2b: Lizzo|def|1\n|move|p2b: Lizzo|Soft-Boiled|p2b: Lizzo\n|-heal|p2b: Lizzo|670/704\n|move|p1a: Clifford|Reflect|p1a: Clifford\n|-sidestart|p1: mistermoscow|Reflect\n|\n|upkeep\n|turn|8\n|\n|t:|1737169661\n|switch|p1b: Mister Snips|Kingler, M|252/252\n|-damage|p1b: Mister Snips|221/252|[from] Stealth Rock\n|move|p2a: Chan|Coaching|p2b: Lizzo\n|-boost|p2b: Lizzo|atk|1\n|-boost|p2b: Lizzo|def|1\n|move|p2b: Lizzo|Toxic|p1a: Clifford\n|-status|p1a: Clifford|tox\n|move|p1a: Clifford|Moonblast|p2a: Chan\n|-supereffective|p2a: Chan\n|-damage|p2a: Chan|0 fnt\n|faint|p2a: Chan\n|\n|-damage|p1a: Clifford|280/344 tox|[from] psn\n|upkeep\n|\n|t:|1737169675\n|switch|p2a: Jackie|Hitmonchan, M|73/242 brn\n|turn|9\n|\n|t:|1737169683\n|switch|p1b: Imp|Ditto|300/300\n|-damage|p1b: Imp|263/300|[from] Stealth Rock\n|-transform|p1b: Imp|p2a: Jackie|[from] ability: Imposter\n|move|p2a: Jackie|Coaching|p2b: Lizzo\n|-boost|p2b: Lizzo|atk|1\n|-boost|p2b: Lizzo|def|1\n|move|p2b: Lizzo|Toxic|p1b: Imp\n|-status|p1b: Imp|tox\n|move|p1a: Clifford|Rain Dance|p1a: Clifford\n|-weather|RainDance\n|\n|-weather|RainDance|[upkeep]\n|-damage|p1b: Imp|245/300 tox|[from] psn\n|-damage|p1a: Clifford|238/344 tox|[from] psn\n|-damage|p2a: Jackie|58/242 brn|[from] brn\n|upkeep\n|turn|10\n|\n|t:|1737169706\n|move|p1b: Imp|Fake Out|p2b: Lizzo\n|-damage|p2b: Lizzo|646/704\n|move|p2a: Jackie|Coaching|p2b: Lizzo\n|-boost|p2b: Lizzo|atk|1\n|-boost|p2b: Lizzo|def|1\n|cant|p2b: Lizzo|flinch\n|move|p1a: Clifford|Moonblast|p2a: Jackie\n|-supereffective|p2a: Jackie\n|-damage|p2a: Jackie|0 fnt\n|faint|p2a: Jackie\n|\n|-weather|RainDance|[upkeep]\n|-damage|p1b: Imp|209/300 tox|[from] psn\n|-damage|p1a: Clifford|175/344 tox|[from] psn\n|upkeep\n|\n|t:|1737169719\n|switch|p2a: Jonah Hill|Chansey, F|123/704\n|turn|11\n|\n|t:|1737169748\n|move|p1b: Imp|Drain Punch|p2a: Jonah Hill\n|debug|Iron Fist boost\n|-supereffective|p2a: Jonah Hill\n|-damage|p2a: Jonah Hill|0 fnt\n|-heal|p1b: Imp|271/300 tox|[from] drain|[of] p2a: Jonah Hill\n|faint|p2a: Jonah Hill\n|move|p2b: Lizzo|Heal Pulse|p2: Jonah Hill|[notarget]\n|-fail|p2b: Lizzo\n|move|p1a: Clifford|Moonblast|p2b: Lizzo\n|-damage|p2b: Lizzo|601/704\n|\n|-weather|RainDance|[upkeep]\n|-damage|p1b: Imp|217/300 tox|[from] psn\n|-damage|p1a: Clifford|91/344 tox|[from] psn\n|-sideend|p1: mistermoscow|Reflect\n|upkeep\n|turn|12\n|\n|t:|1737169770\n|move|p1b: Imp|Drain Punch|p2b: Lizzo\n|debug|Iron Fist boost\n|-supereffective|p2b: Lizzo\n|-damage|p2b: Lizzo|473/704\n|-heal|p1b: Imp|281/300 tox|[from] drain|[of] p2b: Lizzo\n|move|p2b: Lizzo|Seismic Toss|p1a: Clifford\n|-damage|p1a: Clifford|0 fnt\n|faint|p1a: Clifford\n|\n|-weather|RainDance|[upkeep]\n|-damage|p1b: Imp|209/300 tox|[from] psn\n|upkeep\n|\n|t:|1737169783\n|switch|p1a: Sparky|Jolteon, M|271/271\n|-damage|p1a: Sparky|238/271|[from] Stealth Rock\n|-item|p1a: Sparky|Air Balloon\n|turn|13\n|\n|t:|1737169858\n|move|p1a: Sparky|Electroweb|p2b: Lizzo|[miss]\n|-miss|p1a: Sparky|p2b: Lizzo\n|move|p1b: Imp|Drain Punch|p2b: Lizzo\n|debug|Iron Fist boost\n|-supereffective|p2b: Lizzo\n|-damage|p2b: Lizzo|335/704\n|-heal|p1b: Imp|278/300 tox|[from] drain|[of] p2b: Lizzo\n|move|p2b: Lizzo|Soft-Boiled|p2b: Lizzo\n|-heal|p2b: Lizzo|687/704\n|\n|-weather|none\n|-damage|p1b: Imp|188/300 tox|[from] psn\n|upkeep\n|turn|14\n|\n|t:|1737169881\n|switch|p1a: Mister Snips|Kingler, M|221/252\n|-damage|p1a: Mister Snips|190/252|[from] Stealth Rock\n|move|p1b: Imp|Coaching|p1a: Mister Snips\n|-boost|p1a: Mister Snips|atk|1\n|-boost|p1a: Mister Snips|def|1\n|move|p2b: Lizzo|Toxic|p1a: Mister Snips\n|-status|p1a: Mister Snips|tox\n|\n|-damage|p1b: Imp|80/300 tox|[from] psn\n|-damage|p1a: Mister Snips|175/252 tox|[from] psn\n|upkeep\n|turn|15\n|\n|t:|1737169906\n|move|p1b: Imp|Drain Punch|p2b: Lizzo\n|debug|Iron Fist boost\n|-supereffective|p2b: Lizzo\n|-damage|p2b: Lizzo|549/704\n|-heal|p1b: Imp|149/300 tox|[from] drain|[of] p2b: Lizzo\n|move|p1a: Mister Snips|Hone Claws|p1a: Mister Snips\n|-boost|p1a: Mister Snips|atk|1\n|-boost|p1a: Mister Snips|accuracy|1\n|move|p2b: Lizzo|Seismic Toss|p1a: Mister Snips\n|-damage|p1a: Mister Snips|75/252 tox\n|\n|-damage|p1b: Imp|23/300 tox|[from] psn\n|-damage|p1a: Mister Snips|45/252 tox|[from] psn\n|upkeep\n|turn|16\n|\n|t:|1737169927\n|move|p1b: Imp|Coaching|p1a: Mister Snips\n|-boost|p1a: Mister Snips|atk|1\n|-boost|p1a: Mister Snips|def|1\n|move|p1a: Mister Snips|Liquidation|p2b: Lizzo\n|-damage|p2b: Lizzo|224/704\n|move|p2b: Lizzo|Soft-Boiled|p2b: Lizzo\n|-heal|p2b: Lizzo|576/704\n|\n|-damage|p1b: Imp|0 fnt|[from] psn\n|faint|p1b: Imp\n|-damage|p1a: Mister Snips|0 fnt|[from] psn\n|faint|p1a: Mister Snips\n|upkeep\n|\n|t:|1737169939\n|switch|p1b: Sparky|Jolteon, M|238/271\n|-damage|p1b: Sparky|205/271|[from] Stealth Rock\n|-item|p1b: Sparky|Air Balloon\n|turn|17\n|\n|t:|1737169949\n|move|p1b: Sparky|Volt Switch|p2b: Lizzo\n|-damage|p2b: Lizzo|498/704\n|move|p2b: Lizzo|Toxic|p1b: Sparky\n|-status|p1b: Sparky|tox\n|\n|-damage|p1b: Sparky|189/271 tox|[from] psn\n|upkeep\n|turn|18\n|\n|t:|1737169957\n|move|p1b: Sparky|Volt Switch|p2b: Lizzo\n|-damage|p2b: Lizzo|423/704\n|move|p2b: Lizzo|Soft-Boiled|p2b: Lizzo\n|-heal|p2b: Lizzo|704/704\n|\n|-damage|p1b: Sparky|157/271 tox|[from] psn\n|upkeep\n|turn|19\n|\n|t:|1737169966\n|move|p1b: Sparky|Volt Switch|p2b: Lizzo\n|-damage|p2b: Lizzo|635/704\n|move|p2b: Lizzo|Seismic Toss|p1b: Sparky\n|-damage|p1b: Sparky|57/271 tox\n|-enditem|p1b: Sparky|Air Balloon\n|\n|-damage|p1b: Sparky|9/271 tox|[from] psn\n|upkeep\n|turn|20\n|\n|t:|1737169978\n|move|p1b: Sparky|Volt Switch|p2b: Lizzo\n|-crit|p2b: Lizzo\n|-damage|p2b: Lizzo|524/704\n|move|p2b: Lizzo|Soft-Boiled|p2b: Lizzo\n|-heal|p2b: Lizzo|704/704\n|\n|-damage|p1b: Sparky|0 fnt|[from] psn\n|faint|p1b: Sparky\n|\n|win|je64\n|upkeep\n","uploadtime":1737169988,"views":"43","formatid":"gen9doublescustomgame","rating":null,"private":0,"password":null}