{"id":"gen9doublescustomgame-2319977313","format":"[Gen 9] Doubles Custom Game","players":["Mango Meloetta","mattmandaman"],"log":"|j|☆Mango Meloetta\n|j|☆mattmandaman\n|t:|1742010505\n|gametype|doubles\n|player|p1|Mango Meloetta|li|\n|player|p2|mattmandaman|giovanni|\n|teamsize|p1|6\n|teamsize|p2|6\n|gen|9\n|tier|[Gen 9] Doubles Custom Game\n|clearpoke\n|poke|p1|Pinsir, M|\n|poke|p1|Poliwrath, M|\n|poke|p1|Electabuzz, F|\n|poke|p1|Golduck, M|\n|poke|p1|Snorlax, M|\n|poke|p1|Weezing, F|\n|poke|p2|Gengar, F|\n|poke|p2|Starmie|\n|poke|p2|Chansey, F|\n|poke|p2|Nidoking, M|\n|poke|p2|Snorlax, M|\n|poke|p2|Pinsir, M|\n|teampreview\n|j| mistermoscow\n|j| je64\n|\n|t:|1742010617\n|start\n|switch|p1a: Snorlax|Snorlax, M|524/524\n|switch|p1b: Electabuzz|Electabuzz, F|334/334\n|switch|p2a: Gengar|Gengar, F|262/262\n|switch|p2b: Chansey|Chansey, F|704/704\n|turn|1\n|\n|t:|1742010636\n|move|p2a: Gengar|Will-O-Wisp|p1a: Snorlax\n|-status|p1a: Snorlax|brn\n|move|p1b: Electabuzz|Electroweb|p2b: Chansey|[spread] p2a,p2b\n|debug|Spread modifier: 0.75\n|debug|Spread modifier: 0.75\n|-damage|p2a: Gengar|199/262\n|-damage|p2b: Chansey|676/704\n|-unboost|p2a: Gengar|spe|1\n|-unboost|p2b: Chansey|spe|1\n|move|p1a: Snorlax|Yawn|p2b: Chansey\n|-start|p2b: Chansey|move: Yawn|[of] p1a: Snorlax\n|move|p2b: Chansey|Teleport|p2b: Chansey\n|\n|t:|1742010657\n|switch|p2b: Nidoking|Nidoking, M|304/304|[from] Teleport\n|\n|-damage|p1a: Snorlax|492/524 brn|[from] brn\n|upkeep\n|turn|2\n|\n|t:|1742010681\n|move|p1b: Electabuzz|Follow Me|p1b: Electabuzz\n|-singleturn|p1b: Electabuzz|move: Follow Me\n|move|p2b: Nidoking|Earth Power|p1b: Electabuzz\n|debug|Follow Me redirected target of move\n|-supereffective|p1b: Electabuzz\n|-damage|p1b: Electabuzz|80/334\n|move|p2a: Gengar|Psychic|p1b: Electabuzz\n|debug|Follow Me redirected target of move\n|-damage|p1b: Electabuzz|11/334\n|-unboost|p1b: Electabuzz|spd|1\n|move|p1a: Snorlax|Ice Punch|p2b: Nidoking\n|-supereffective|p2b: Nidoking\n|-damage|p2b: Nidoking|194/304\n|\n|-damage|p1a: Snorlax|460/524 brn|[from] brn\n|upkeep\n|turn|3\n|c|☆mattmandaman|!dt electabuzz\n|raw|<div class=\"message\"><ul class=\"utilichart\"><li class=\"result\"><span class=\"col numcol\">NFE</span> <span class=\"col iconcol\"><psicon pokemon=\"electabuzz\"/></span> <span class=\"col pokemonnamecol\" style=\"white-space:nowrap\"><a href=\"https://dex.pokemonshowdown.com/pokemon/electabuzz\" target=\"_blank\">Electabuzz</a></span> <span class=\"col typecol\"><img src=\"https://play.pokemonshowdown.com/sprites/types/Electric.png\" alt=\"Electric\" height=\"14\" width=\"32\"></span> <span style=\"float:left;min-height:26px\"><span class=\"col abilitycol\">Static</span><span class=\"col abilitycol\"><em>Vital Spirit</em></span></span><span style=\"float:left;min-height:26px\"><span class=\"col statcol\"><em>HP</em><br />65</span> <span class=\"col statcol\"><em>Atk</em><br />83</span> <span class=\"col statcol\"><em>Def</em><br />57</span> <span class=\"col statcol\"><em>SpA</em><br />95</span> <span class=\"col statcol\"><em>SpD</em><br />85</span> <span class=\"col statcol\"><em>Spe</em><br />105</span> <span class=\"col bstcol\"><em>BST<br />490</em></span> </span></li><li style=\"clear:both\"></li></ul></div>\n|raw|<font size=\"1\"><font color=\"#686868\">Dex#:</font> 125&nbsp;|&ThickSpace;<font color=\"#686868\">Gen:</font> 1&nbsp;|&ThickSpace;<font color=\"#686868\">Height:</font> 1.1 m&nbsp;|&ThickSpace;<font color=\"#686868\">Weight:</font> 30 kg <em>(60 BP)</em>&nbsp;|&ThickSpace;<font color=\"#686868\">Dex Colour:</font> Yellow&nbsp;|&ThickSpace;<font color=\"#686868\">Egg Group(s):</font> Human-Like&nbsp;|&ThickSpace;<font color=\"#686868\">Pre-Evolution:</font> Elekid&nbsp;|&ThickSpace;<font color=\"#686868\">Evolution:</font> Electivire (trade holding Electirizer)</font>\n\n|\n|t:|1742010753\n|move|p1b: Electabuzz|Follow Me|p1b: Electabuzz\n|-singleturn|p1b: Electabuzz|move: Follow Me\n|move|p2b: Nidoking|Earth Power|p1b: Electabuzz\n|debug|Follow Me redirected target of move\n|-supereffective|p1b: Electabuzz\n|-damage|p1b: Electabuzz|0 fnt\n|faint|p1b: Electabuzz\n|move|p2a: Gengar|Sludge Bomb|p1a: Snorlax\n|-damage|p1a: Snorlax|312/524 brn\n|move|p1a: Snorlax|Yawn|p2b: Nidoking\n|-start|p2b: Nidoking|move: Yawn|[of] p1a: Snorlax\n|\n|-damage|p1a: Snorlax|280/524 brn|[from] brn\n|upkeep\n|\n|t:|1742010790\n|switch|p1b: Golduck|Golduck, M|301/301\n|-ability|p1b: Golduck|Cloud Nine\n|turn|4\n|\n|t:|1742010852\n|switch|p2b: Pinsir|Pinsir, M|334/334\n|switch|p2a: Chansey|Chansey, F|676/704\n|move|p1b: Golduck|Psychic|p2a: Chansey\n|-damage|p2a: Chansey|625/704\n|move|p1a: Snorlax|Body Slam|p2b: Pinsir\n|-damage|p2b: Pinsir|262/334\n|\n|-damage|p1a: Snorlax|248/524 brn|[from] brn\n|upkeep\n|-enditem|p1a: Snorlax|Aguav Berry|[eat]\n|-heal|p1a: Snorlax|422/524 brn|[from] item: Aguav Berry\n|turn|5\n|\n|t:|1742010895\n|switch|p1a: Weezing|Weezing, F|334/334\n|move|p1b: Golduck|Protect|p1b: Golduck\n|-singleturn|p1b: Golduck|Protect\n|move|p2b: Pinsir|X-Scissor|p1b: Golduck\n|-activate|p1b: Golduck|move: Protect\n|move|p2a: Chansey|Thunder Wave|p1b: Golduck\n|-activate|p1b: Golduck|move: Protect\n|\n|upkeep\n|turn|6\n|\n|t:|1742010961\n|switch|p1b: Snorlax|Snorlax, M|422/524 brn\n|move|p2b: Pinsir|Knock Off|p1a: Weezing\n|-damage|p1a: Weezing|245/334\n|-enditem|p1a: Weezing|Leftovers|[from] move: Knock Off|[of] p2b: Pinsir\n|move|p1a: Weezing|Taunt|p2a: Chansey\n|-start|p2a: Chansey|move: Taunt\n|cant|p2a: Chansey|move: Taunt|Thunder Wave\n|\n|-damage|p1b: Snorlax|390/524 brn|[from] brn\n|upkeep\n|turn|7\n|\n|t:|1742010991\n|move|p2b: Pinsir|Close Combat|p1b: Snorlax\n|-supereffective|p1b: Snorlax\n|-damage|p1b: Snorlax|0 fnt\n|-unboost|p2b: Pinsir|def|1\n|-unboost|p2b: Pinsir|spd|1\n|faint|p1b: Snorlax\n|-ability|p2b: Pinsir|Moxie|boost\n|-boost|p2b: Pinsir|atk|1\n|move|p1a: Weezing|Toxic|p2a: Chansey\n|-status|p2a: Chansey|tox\n|move|p2a: Chansey|Seismic Toss|p1a: Weezing\n|-damage|p1a: Weezing|145/334\n|\n|-damage|p2a: Chansey|581/704 tox|[from] psn\n|upkeep\n|\n|t:|1742011008\n|switch|p1b: Poliwrath|Poliwrath, M|383/383\n|turn|8\n|\n|t:|1742011026\n|move|p1a: Weezing|Protect|p1a: Weezing\n|-singleturn|p1a: Weezing|Protect\n|move|p2b: Pinsir|Close Combat|p1b: Poliwrath\n|-damage|p1b: Poliwrath|131/383\n|-unboost|p2b: Pinsir|def|1\n|-unboost|p2b: Pinsir|spd|1\n|move|p2a: Chansey|Seismic Toss|p1a: Weezing\n|-activate|p1a: Weezing|move: Protect\n|move|p1b: Poliwrath|Circle Throw|p2b: Pinsir|[miss]\n|-miss|p1b: Poliwrath|p2b: Pinsir\n|\n|-damage|p2a: Chansey|493/704 tox|[from] psn\n|-end|p2a: Chansey|move: Taunt\n|upkeep\n|turn|9\n|\n|t:|1742011053\n|move|p2b: Pinsir|Close Combat|p1b: Poliwrath\n|-crit|p1b: Poliwrath\n|-damage|p1b: Poliwrath|0 fnt\n|-unboost|p2b: Pinsir|def|1\n|-unboost|p2b: Pinsir|spd|1\n|faint|p1b: Poliwrath\n|-ability|p2b: Pinsir|Moxie|boost\n|-boost|p2b: Pinsir|atk|1\n|move|p1a: Weezing|Taunt|p2a: Chansey\n|-start|p2a: Chansey|move: Taunt\n|cant|p2a: Chansey|move: Taunt|Teleport\n|\n|-damage|p2a: Chansey|361/704 tox|[from] psn\n|upkeep\n|\n|t:|1742011128\n|switch|p1b: Pinsir|Pinsir, M|271/271\n|-ability|p1b: Pinsir|Mold Breaker\n|turn|10\n|\n|t:|1742011149\n|-curestatus|p2a: Chansey|tox|[from] ability: Natural Cure\n|switch|p2a: Gengar|Gengar, F|199/262\n|move|p1a: Weezing|Protect|p1a: Weezing\n|-singleturn|p1a: Weezing|Protect\n|move|p1b: Pinsir|Rock Slide|p2b: Pinsir|[spread] \n|-miss|p1b: Pinsir|p2a: Gengar\n|-miss|p1b: Pinsir|p2b: Pinsir\n|move|p2b: Pinsir|X-Scissor|p1b: Pinsir\n|-damage|p1b: Pinsir|0 fnt\n|faint|p1b: Pinsir\n|-ability|p2b: Pinsir|Moxie|boost\n|-boost|p2b: Pinsir|atk|1\n|\n|upkeep\n|\n|t:|1742011162\n|switch|p1b: Golduck|Golduck, M|301/301\n|-ability|p1b: Golduck|Cloud Nine\n|turn|11\n|\n|t:|1742011174\n|move|p2a: Gengar|Psychic|p1a: Weezing\n|-supereffective|p1a: Weezing\n|-damage|p1a: Weezing|0 fnt\n|faint|p1a: Weezing\n|move|p1b: Golduck|Psychic|p2a: Gengar\n|-supereffective|p2a: Gengar\n|-damage|p2a: Gengar|0 fnt\n|faint|p2a: Gengar\n|move|p2b: Pinsir|Close Combat|p1b: Golduck\n|-enditem|p1b: Golduck|Focus Sash\n|-damage|p1b: Golduck|1/301\n|-unboost|p2b: Pinsir|def|1\n|-unboost|p2b: Pinsir|spd|1\n|\n|upkeep\n|\n|t:|1742011186\n|switch|p2a: Starmie|Starmie|262/262\n|turn|12\n|\n|t:|1742011192\n|move|p2a: Starmie|Expanding Force|p1b: Golduck\n|-damage|p1b: Golduck|0 fnt\n|faint|p1b: Golduck\n|\n|win|mattmandaman\n","uploadtime":1742011196,"views":"15","formatid":"gen9doublescustomgame","rating":null,"private":0,"password":null}