{"id":"gen9doublescustomgame-2339441629","format":"[Gen 9] Doubles Custom Game","players":["mistermoscow","Mango Meloetta"],"log":"|j|☆mistermoscow\n|j|☆Mango Meloetta\n|t:|1744254910\n|gametype|doubles\n|player|p1|mistermoscow|alder|\n|player|p2|Mango Meloetta|li|\n|teamsize|p1|6\n|teamsize|p2|6\n|gen|9\n|tier|[Gen 9] Doubles Custom Game\n|clearpoke\n|poke|p1|Nidoking, M|\n|poke|p1|Dragonite, M|\n|poke|p1|Dewgong, M|\n|poke|p1|Exeggutor, M|\n|poke|p1|Mr. Mime, M|\n|poke|p1|Jolteon, M|\n|poke|p2|Poliwrath, M|\n|poke|p2|Golduck, F|\n|poke|p2|Cloyster, M|\n|poke|p2|Snorlax, F|\n|poke|p2|Sandslash, M|\n|poke|p2|Electrode|\n|teampreview\n|\n|t:|1744254930\n|start\n|switch|p1a: Dewey|Dewgong, M|384/384\n|switch|p1b: Puff Daddy|Dragonite, M|355/355\n|switch|p2a: Greed|Golduck, F|301/301\n|switch|p2b: Wrath|Poliwrath, M|371/371\n|turn|1\n|\n|t:|1744254966\n|move|p1a: Dewey|Fake Out|p2a: Greed\n|-damage|p2a: Greed|258/301\n|cant|p2a: Greed|flinch\n|move|p1b: Puff Daddy|Dragon Dance|p1b: Puff Daddy\n|-boost|p1b: Puff Daddy|atk|1\n|-boost|p1b: Puff Daddy|spe|1\n|move|p2b: Wrath|Bulk Up|p2b: Wrath\n|-boost|p2b: Wrath|atk|1\n|-boost|p2b: Wrath|def|1\n|\n|upkeep\n|turn|2\n|\n|t:|1744254998\n|switch|p1a: Sparky|Jolteon, M|271/271\n|move|p1b: Puff Daddy|Extreme Speed|p2a: Greed\n|-damage|p2a: Greed|63/301\n|move|p2a: Greed|Ice Beam|p1b: Puff Daddy\n|-supereffective|p1b: Puff Daddy\n|debug|Multiscale weaken\n|-damage|p1b: Puff Daddy|161/355\n|move|p2b: Wrath|Bulk Up|p2b: Wrath\n|-boost|p2b: Wrath|atk|1\n|-boost|p2b: Wrath|def|1\n|\n|upkeep\n|turn|3\n|\n|t:|1744255031\n|switch|p2a: Envy|Electrode|324/324\n|move|p1b: Puff Daddy|Extreme Speed|p2a: Envy\n|-damage|p2a: Envy|172/324\n|-damage|p1b: Puff Daddy|102/355|[from] item: Rocky Helmet|[of] p2a: Envy\n|move|p1a: Sparky|Reflect|p1a: Sparky\n|-sidestart|p1: mistermoscow|Reflect\n|move|p2b: Wrath|Circle Throw|p1b: Puff Daddy\n|-resisted|p1b: Puff Daddy\n|debug|Reflect weaken\n|-damage|p1b: Puff Daddy|42/355\n|drag|p1b: King Nido|Nidoking, M|303/303\n|\n|upkeep\n|turn|4\n|\n|t:|1744255061\n|move|p2a: Envy|Sucker Punch|p1a: Sparky\n|debug|Reflect weaken\n|-damage|p1a: Sparky|240/271\n|move|p1b: King Nido|Thunderbolt|p2b: Wrath\n|-supereffective|p2b: Wrath\n|-damage|p2b: Wrath|143/371\n|move|p1a: Sparky|Electroweb|p2a: Envy|[spread] p2a,p2b\n|debug|Spread modifier: 0.75\n|-resisted|p2a: Envy\n|debug|Spread modifier: 0.75\n|-supereffective|p2b: Wrath\n|-damage|p2a: Envy|139/324\n|-damage|p2b: Wrath|9/371\n|-unboost|p2a: Envy|spe|1\n|-unboost|p2b: Wrath|spe|1\n|move|p2b: Wrath|Liquidation|p1b: King Nido\n|-supereffective|p1b: King Nido\n|debug|Reflect weaken\n|-damage|p1b: King Nido|0 fnt\n|faint|p1b: King Nido\n|\n|-heal|p2b: Wrath|32/371|[from] item: Leftovers\n|upkeep\n|c|☆Mango Meloetta|dangg haha\n|\n|t:|1744255088\n|switch|p1b: Eggman|Exeggutor, M|394/394\n|turn|5\n|\n|t:|1744255123\n|move|p1a: Sparky|Electroweb|p2a: Envy|[spread] p2a,p2b\n|debug|Spread modifier: 0.75\n|-resisted|p2a: Envy\n|debug|Spread modifier: 0.75\n|-supereffective|p2b: Wrath\n|-damage|p2a: Envy|107/324\n|-damage|p2b: Wrath|0 fnt\n|-unboost|p2a: Envy|spe|1\n|faint|p2b: Wrath\n|move|p2a: Envy|Explosion|p1b: Eggman|[spread] p1a,p1b\n|debug|Spread modifier: 0.75\n|debug|Reflect weaken\n|debug|Spread modifier: 0.75\n|debug|Reflect weaken\n|-damage|p1a: Sparky|153/271\n|-damage|p1b: Eggman|332/394\n|faint|p2a: Envy\n|move|p1b: Eggman|Psychic Terrain|p1b: Eggman\n|-fieldstart|move: Psychic Terrain\n|\n|upkeep\n|\n|t:|1744255146\n|switch|p2a: Pride|Cloyster, M|303/303\n|switch|p2b: Gluttony|Snorlax, F|524/524\n|turn|6\n|\n|t:|1744255160\n|switch|p2a: Sloth|Sandslash, M|354/354\n|move|p1a: Sparky|Electroweb|p2b: Gluttony|[spread] p2b\n|-immune|p2a: Sloth\n|debug|Spread modifier: 0.75\n|-damage|p2b: Gluttony|463/524\n|-unboost|p2b: Gluttony|spe|1\n|move|p1b: Eggman|Expanding Force|p2b: Gluttony|[spread] p2a,p2b\n|debug|psychic terrain boost\n|debug|terrain buff\n|debug|Spread modifier: 0.75\n|debug|psychic terrain boost\n|debug|terrain buff\n|debug|Spread modifier: 0.75\n|-damage|p2a: Sloth|33/354\n|-damage|p2b: Gluttony|210/524\n|-enditem|p2b: Gluttony|Aguav Berry|[eat]\n|-heal|p2b: Gluttony|384/524|[from] item: Aguav Berry\n|-damage|p1b: Eggman|293/394|[from] item: Life Orb\n|move|p2b: Gluttony|Double-Edge|p1a: Sparky\n|debug|Reflect weaken\n|-damage|p1a: Sparky|0 fnt\n|faint|p1a: Sparky\n|-damage|p2b: Gluttony|334/524|[from] Recoil\n|\n|upkeep\n|\n|t:|1744255179\n|switch|p1a: Puff Daddy|Dragonite, M|42/355\n|turn|7\n|\n|t:|1744255191\n|move|p1a: Puff Daddy|Scale Shot|p2a: Sloth\n|-damage|p2a: Sloth|0 fnt\n|faint|p2a: Sloth\n|-hitcount|p2: Sloth|1\n|-unboost|p1a: Puff Daddy|def|1\n|-boost|p1a: Puff Daddy|spe|1\n|move|p1b: Eggman|Expanding Force|p2b: Gluttony\n|debug|psychic terrain boost\n|debug|terrain buff\n|-damage|p2b: Gluttony|0 fnt\n|faint|p2b: Gluttony\n|-damage|p1b: Eggman|254/394|[from] item: Life Orb\n|\n|upkeep\n|\n|t:|1744255201\n|switch|p2a: Pride|Cloyster, M|303/303\n|switch|p2b: Greed|Golduck, F|63/301\n|turn|8\n|\n|t:|1744255241\n|move|p1b: Eggman|Protect|p1b: Eggman\n|-singleturn|p1b: Eggman|Protect\n|move|p1a: Puff Daddy|Scale Shot|p2b: Greed\n|-damage|p2b: Greed|0 fnt\n|faint|p2b: Greed\n|-hitcount|p2: Greed|1\n|-unboost|p1a: Puff Daddy|def|1\n|-boost|p1a: Puff Daddy|spe|1\n|move|p2a: Pride|Ice Spinner|p1a: Puff Daddy\n|-supereffective|p1a: Puff Daddy\n|debug|Reflect weaken\n|-damage|p1a: Puff Daddy|0 fnt\n|-fieldend|move: Psychic Terrain\n|faint|p1a: Puff Daddy\n|\n|upkeep\n|\n|t:|1744255260\n|switch|p1a: Dewey|Dewgong, M|384/384\n|turn|9\n|\n|t:|1744255264\n|move|p1a: Dewey|Fake Out|p2a: Pride\n|-damage|p2a: Pride|282/303\n|cant|p2a: Pride|flinch\n|move|p1b: Eggman|Psychic Terrain|p1b: Eggman\n|-fieldstart|move: Psychic Terrain\n|\n|upkeep\n|turn|10\n|\n|t:|1744255272\n|move|p1b: Eggman|Protect|p1b: Eggman\n|-singleturn|p1b: Eggman|Protect\n|move|p2a: Pride|Ice Spinner|p1b: Eggman\n|-activate|p1b: Eggman|move: Protect\n|move|p1a: Dewey|Flip Turn|p2a: Pride\n|-resisted|p2a: Pride\n|-crit|p2a: Pride\n|-damage|p2a: Pride|246/303\n|\n|t:|1744255280\n|switch|p1a: Mimsy|Mr. Mime, M|221/221|[from] Flip Turn\n|\n|-sideend|p1: mistermoscow|Reflect\n|upkeep\n|turn|11\n|\n|t:|1744255288\n|move|p1a: Mimsy|Follow Me|p1a: Mimsy\n|-singleturn|p1a: Mimsy|move: Follow Me\n|move|p2a: Pride|Ice Spinner|p1a: Mimsy\n|debug|Follow Me redirected target of move\n|-damage|p1a: Mimsy|40/221\n|-fieldend|move: Psychic Terrain\n|move|p1b: Eggman|Giga Drain|p2a: Pride\n|-supereffective|p2a: Pride\n|-damage|p2a: Pride|0 fnt\n|-heal|p1b: Eggman|377/394|[from] drain|[of] p2a: Pride\n|faint|p2a: Pride\n|-damage|p1b: Eggman|338/394|[from] item: Life Orb\n|\n|win|mistermoscow\n|c|☆mistermoscow|gg\n|c|☆Mango Meloetta|ahh gg haha\n|c|☆Mango Meloetta|well played\n","uploadtime":1744255300,"views":"11","formatid":"gen9doublescustomgame","rating":null,"private":0,"password":null}