{"id":"gen9doublescustomgame-2436126572","format":"[Gen 9] Doubles Custom Game","players":["mistermoscow","je64"],"log":"|j|☆mistermoscow\n|j|☆je64\n|t:|1757127569\n|gametype|doubles\n|player|p1|mistermoscow|alder|\n|player|p2|je64|101|\n|gen|9\n|tier|[Gen 9] Doubles Custom Game\n|clearpoke\n|poke|p1|Nidoking, M|\n|poke|p1|Dugtrio, M|\n|poke|p1|Exeggutor, M|\n|poke|p1|Mr. Mime, F|\n|poke|p1|Jolteon, M|\n|poke|p1|Dragonite, M|\n|poke|p2|Dugtrio|\n|poke|p2|Gengar|\n|poke|p2|Electabuzz|\n|poke|p2|Dewgong|\n|poke|p2|Chansey, F|\n|poke|p2|Articuno|\n|teampreview\n|j| mango meloetta\n|j| mattmandaman\n|\n|t:|1757127705\n|teamsize|p1|6\n|teamsize|p2|6\n|start\n|switch|p1a: Puff Daddy|Dragonite, M|323/323\n|switch|p1b: Sally|Mr. Mime, F|284/284\n|switch|p2a: Joys hot assistnt|Chansey, F|704/704\n|switch|p2b: Articu-no-hit-me|Articuno|384/384\n|turn|1\n|\n|t:|1757127752\n|move|p1a: Puff Daddy|Tailwind|p1a: Puff Daddy\n|-sidestart|p1: mistermoscow|move: Tailwind\n|move|p1b: Sally|Psychic Terrain|p1b: Sally\n|-fieldstart|move: Psychic Terrain\n|move|p2b: Articu-no-hit-me|Ice Beam|p1a: Puff Daddy\n|-supereffective|p1a: Puff Daddy\n|debug|Multiscale weaken\n|-damage|p1a: Puff Daddy|111/323\n|debug|Covert Cloak prevent secondary\n|move|p2a: Joys hot assistnt|Toxic|p1b: Sally\n|-status|p1b: Sally|tox\n|\n|-damage|p1b: Sally|267/284 tox|[from] psn\n|upkeep\n|turn|2\n|\n|t:|1757127802\n|switch|p1a: Sparky|Jolteon, M|271/271\n|switch|p2b: Buzz Lightyear|Electabuzz|334/334\n|move|p1b: Sally|Expanding Force|p2b: Buzz Lightyear|[spread] p2a,p2b\n|debug|psychic terrain boost\n|debug|terrain buff\n|debug|Spread modifier: 0.75\n|debug|psychic terrain boost\n|debug|terrain buff\n|debug|Spread modifier: 0.75\n|-damage|p2a: Joys hot assistnt|607/704\n|-damage|p2b: Buzz Lightyear|261/334\n|move|p2a: Joys hot assistnt|Toxic|p1a: Sparky\n|-status|p1a: Sparky|tox\n|\n|-heal|p1b: Sally|284/284 tox|[from] item: Leftovers\n|-damage|p1a: Sparky|255/271 tox|[from] psn\n|-damage|p1b: Sally|250/284 tox|[from] psn\n|upkeep\n|turn|3\n|\n|t:|1757127821\n|switch|p1b: King Nido|Nidoking, M|366/366\n|move|p1a: Sparky|Reflect|p1a: Sparky\n|-sidestart|p1: mistermoscow|Reflect\n|move|p2b: Buzz Lightyear|Psychic|p1a: Sparky\n|debug|psychic terrain boost\n|-damage|p1a: Sparky|168/271 tox\n|move|p2a: Joys hot assistnt|Seismic Toss|p1b: King Nido\n|-damage|p1b: King Nido|266/366\n|\n|-damage|p1a: Sparky|136/271 tox|[from] psn\n|upkeep\n|turn|4\n|\n|t:|1757127870\n|switch|p2b: Articu-no-hit-me|Articuno|384/384\n|move|p1a: Sparky|Light Screen|p1a: Sparky\n|-sidestart|p1: mistermoscow|move: Light Screen\n|move|p1b: King Nido|Sludge Bomb|p2b: Articu-no-hit-me\n|-damage|p2b: Articu-no-hit-me|258/384\n|move|p2a: Joys hot assistnt|Teleport|p2a: Joys hot assistnt\n|\n|t:|1757127881\n|switch|p2a: Dewgongeroar|Dewgong|384/384|[from] Teleport\n|\n|-heal|p2b: Articu-no-hit-me|282/384|[from] item: Leftovers\n|-damage|p1a: Sparky|88/271 tox|[from] psn\n|-sideend|p1: mistermoscow|move: Tailwind\n|upkeep\n|turn|5\n|\n|t:|1757127896\n|move|p2a: Dewgongeroar|Fake Out|p1b: King Nido\n|-activate|p1b: King Nido|move: Psychic Terrain\n|move|p1a: Sparky|Electroweb|p2a: Dewgongeroar|[spread] p2a,p2b\n|debug|Spread modifier: 0.75\n|-supereffective|p2a: Dewgongeroar\n|debug|Spread modifier: 0.75\n|-supereffective|p2b: Articu-no-hit-me\n|-damage|p2a: Dewgongeroar|252/384\n|-damage|p2b: Articu-no-hit-me|216/384\n|-unboost|p2a: Dewgongeroar|spe|1\n|-unboost|p2b: Articu-no-hit-me|spe|1\n|move|p1b: King Nido|Thunderbolt|p2b: Articu-no-hit-me\n|-supereffective|p2b: Articu-no-hit-me\n|-crit|p2b: Articu-no-hit-me\n|-damage|p2b: Articu-no-hit-me|0 fnt\n|faint|p2b: Articu-no-hit-me\n|\n|-damage|p1a: Sparky|24/271 tox|[from] psn\n|-fieldend|move: Psychic Terrain\n|upkeep\n|\n|t:|1757127957\n|switch|p2b: Joys hot assistnt|Chansey, F|607/704\n|turn|6\n|\n|t:|1757128002\n|switch|p1a: Sally|Mr. Mime, F|250/284 tox\n|move|p1b: King Nido|Earth Power|p2a: Dewgongeroar\n|-damage|p2a: Dewgongeroar|17/384\n|-enditem|p2a: Dewgongeroar|Sitrus Berry|[eat]\n|-heal|p2a: Dewgongeroar|113/384|[from] item: Sitrus Berry\n|move|p2a: Dewgongeroar|Triple Axel|p1b: King Nido\n|-supereffective|p1b: King Nido\n|debug|Reflect weaken\n|-damage|p1b: King Nido|222/366\n|-supereffective|p1b: King Nido\n|debug|Reflect weaken\n|-damage|p1b: King Nido|129/366\n|-supereffective|p1b: King Nido\n|debug|Reflect weaken\n|-damage|p1b: King Nido|0 fnt\n|faint|p1b: King Nido\n|-hitcount|p1: King Nido|3\n|move|p2b: Joys hot assistnt|Toxic|p1a: Sally\n|-fail|p1a: Sally|tox\n|debug|move failed because it did nothing\n|\n|-heal|p1a: Sally|267/284 tox|[from] item: Leftovers\n|-damage|p1a: Sally|250/284 tox|[from] psn\n|upkeep\n|\n|t:|1757128039\n|switch|p1b: Eggman|Exeggutor, M|331/331\n|turn|7\n|\n|t:|1757128088\n|move|p1a: Sally|Sunny Day|p1a: Sally\n|-weather|SunnyDay\n|move|p1b: Eggman|Giga Drain|p2a: Dewgongeroar\n|-supereffective|p2a: Dewgongeroar\n|-damage|p2a: Dewgongeroar|0 fnt\n|faint|p2a: Dewgongeroar\n|move|p2b: Joys hot assistnt|Toxic|p1b: Eggman\n|-status|p1b: Eggman|tox\n|\n|-weather|SunnyDay|[upkeep]\n|-heal|p1a: Sally|267/284 tox|[from] item: Leftovers\n|-damage|p1b: Eggman|311/331 tox|[from] psn\n|-damage|p1a: Sally|233/284 tox|[from] psn\n|upkeep\n|\n|t:|1757128103\n|switch|p2a: Buzz Lightyear|Electabuzz|261/334\n|turn|8\n|\n|t:|1757128125\n|move|p1b: Eggman|Psyshock|p2b: Joys hot assistnt\n|-damage|p2b: Joys hot assistnt|420/704\n|move|p2a: Buzz Lightyear|Thunderbolt|p1a: Sally\n|debug|Light Screen weaken\n|-damage|p1a: Sally|179/284 tox\n|move|p1a: Sally|Psychic Terrain|p1a: Sally\n|-fieldstart|move: Psychic Terrain\n|move|p2b: Joys hot assistnt|Seismic Toss|p1a: Sally\n|-damage|p1a: Sally|79/284 tox\n|\n|-weather|SunnyDay|[upkeep]\n|-heal|p1a: Sally|96/284 tox|[from] item: Leftovers\n|-damage|p1b: Eggman|271/331 tox|[from] psn\n|-damage|p1a: Sally|45/284 tox|[from] psn\n|upkeep\n|turn|9\n|\n|t:|1757128172\n|switch|p1a: Diggy|Dugtrio, M|212/212\n|move|p1b: Eggman|Psyshock|p2b: Joys hot assistnt\n|debug|psychic terrain boost\n|-crit|p2b: Joys hot assistnt\n|-damage|p2b: Joys hot assistnt|30/704\n|move|p2a: Buzz Lightyear|Thunderbolt|p1a: Diggy\n|-immune|p1a: Diggy\n|move|p2b: Joys hot assistnt|Soft-Boiled|p2b: Joys hot assistnt\n|-heal|p2b: Joys hot assistnt|382/704\n|\n|-weather|SunnyDay|[upkeep]\n|-damage|p1b: Eggman|211/331 tox|[from] psn\n|upkeep\n|turn|10\n|\n|t:|1757128214\n|move|p2a: Buzz Lightyear|Follow Me|p2a: Buzz Lightyear\n|-singleturn|p2a: Buzz Lightyear|move: Follow Me\n|move|p1b: Eggman|Psyshock|p2a: Buzz Lightyear\n|debug|Follow Me redirected target of move\n|debug|psychic terrain boost\n|-damage|p2a: Buzz Lightyear|50/334\n|move|p1a: Diggy|High Horsepower|p2a: Buzz Lightyear|[miss]\n|debug|Follow Me redirected target of move\n|-miss|p1a: Diggy|p2a: Buzz Lightyear\n|move|p2b: Joys hot assistnt|Soft-Boiled|p2b: Joys hot assistnt\n|-heal|p2b: Joys hot assistnt|704/704\n|\n|-weather|SunnyDay|[upkeep]\n|-damage|p1b: Eggman|131/331 tox|[from] psn\n|-sideend|p1: mistermoscow|Reflect\n|upkeep\n|turn|11\n|\n|t:|1757128237\n|move|p2a: Buzz Lightyear|Follow Me|p2a: Buzz Lightyear\n|-singleturn|p2a: Buzz Lightyear|move: Follow Me\n|move|p1b: Eggman|Expanding Force|p2a: Buzz Lightyear|[spread] p2a,p2b\n|debug|psychic terrain boost\n|debug|terrain buff\n|debug|Spread modifier: 0.75\n|debug|psychic terrain boost\n|debug|terrain buff\n|debug|Spread modifier: 0.75\n|-damage|p2a: Buzz Lightyear|0 fnt\n|-damage|p2b: Joys hot assistnt|560/704\n|faint|p2a: Buzz Lightyear\n|move|p1a: Diggy|High Horsepower|p2b: Joys hot assistnt\n|-damage|p2b: Joys hot assistnt|368/704\n|move|p2b: Joys hot assistnt|Toxic|p1a: Diggy\n|-status|p1a: Diggy|tox\n|\n|-weather|none\n|-damage|p1b: Eggman|31/331 tox|[from] psn\n|-damage|p1a: Diggy|199/212 tox|[from] psn\n|-sideend|p1: mistermoscow|move: Light Screen\n|upkeep\n|\n|t:|1757128271\n|switch|p2a: Shai-Hulud|Dugtrio|212/212\n|turn|12\n|\n|t:|1757128328\n|move|p2a: Shai-Hulud|Sucker Punch|p1b: Eggman\n|-activate|p1b: Eggman|move: Psychic Terrain\n|move|p1a: Diggy|High Horsepower|p2a: Shai-Hulud\n|-enditem|p2a: Shai-Hulud|Focus Sash\n|-damage|p2a: Shai-Hulud|1/212\n|move|p1b: Eggman|Expanding Force|p2b: Joys hot assistnt|[spread] p2a,p2b\n|debug|psychic terrain boost\n|debug|terrain buff\n|debug|Spread modifier: 0.75\n|debug|psychic terrain boost\n|debug|terrain buff\n|debug|Spread modifier: 0.75\n|-damage|p2a: Shai-Hulud|0 fnt\n|-damage|p2b: Joys hot assistnt|226/704\n|faint|p2a: Shai-Hulud\n|move|p2b: Joys hot assistnt|Soft-Boiled|p2b: Joys hot assistnt\n|-heal|p2b: Joys hot assistnt|578/704\n|\n|-damage|p1a: Diggy|173/212 tox|[from] psn\n|-damage|p1b: Eggman|0 fnt|[from] psn\n|faint|p1b: Eggman\n|-fieldend|move: Psychic Terrain\n|upkeep\n|\n|t:|1757128345\n|switch|p2a: Stranger|Gengar|262/262\n|switch|p1b: Sparky|Jolteon, M|24/271 tox\n|debug|natural status immunity\n|turn|13\n|\n|t:|1757128380\n|move|p1a: Diggy|Sucker Punch|p2a: Stranger\n|-supereffective|p2a: Stranger\n|-damage|p2a: Stranger|20/262\n|-start|p1a: Diggy|Disable|Sucker Punch|[from] ability: Cursed Body|[of] p2a: Stranger\n|move|p1b: Sparky|Electroweb|p2b: Joys hot assistnt|[spread] p2a,p2b\n|debug|Spread modifier: 0.75\n|debug|Spread modifier: 0.75\n|-damage|p2a: Stranger|0 fnt\n|-damage|p2b: Joys hot assistnt|539/704\n|-unboost|p2b: Joys hot assistnt|spe|1\n|-start|p1b: Sparky|Disable|Electroweb|[from] ability: Cursed Body|[of] p2a: Stranger\n|faint|p2a: Stranger\n|move|p2b: Joys hot assistnt|Soft-Boiled|p2b: Joys hot assistnt\n|-heal|p2b: Joys hot assistnt|704/704\n|\n|-damage|p1b: Sparky|8/271 tox|[from] psn\n|-damage|p1a: Diggy|134/212 tox|[from] psn\n|upkeep\n|turn|14\n|\n|t:|1757128425\n|move|p1b: Sparky|Reflect|p1b: Sparky\n|-sidestart|p1: mistermoscow|Reflect\n|move|p1a: Diggy|High Horsepower|p2b: Joys hot assistnt\n|-damage|p2b: Joys hot assistnt|493/704\n|move|p2b: Joys hot assistnt|Soft-Boiled|p2b: Joys hot assistnt\n|-heal|p2b: Joys hot assistnt|704/704\n|\n|-damage|p1b: Sparky|0 fnt|[from] psn\n|faint|p1b: Sparky\n|-damage|p1a: Diggy|82/212 tox|[from] psn\n|upkeep\n|\n|t:|1757128456\n|switch|p1b: Sally|Mr. Mime, F|45/284 tox\n|turn|15\n|\n|t:|1757128482\n|move|p1b: Sally|Fake Out|p2b: Joys hot assistnt\n|-crit|p2b: Joys hot assistnt\n|-damage|p2b: Joys hot assistnt|671/704\n|move|p1a: Diggy|High Horsepower|p2b: Joys hot assistnt\n|-damage|p2b: Joys hot assistnt|479/704\n|cant|p2b: Joys hot assistnt|flinch\n|\n|-heal|p1b: Sally|62/284 tox|[from] item: Leftovers\n|-damage|p1a: Diggy|17/212 tox|[from] psn\n|-damage|p1b: Sally|45/284 tox|[from] psn\n|upkeep\n|turn|16\n|\n|t:|1757128515\n|move|p1a: Diggy|Rock Slide|p2b: Joys hot assistnt\n|-damage|p2b: Joys hot assistnt|374/704\n|move|p1b: Sally|Psychic Terrain|p1b: Sally\n|-fieldstart|move: Psychic Terrain\n|move|p2b: Joys hot assistnt|Soft-Boiled|p2b: Joys hot assistnt\n|-heal|p2b: Joys hot assistnt|704/704\n|\n|-heal|p1b: Sally|62/284 tox|[from] item: Leftovers\n|-damage|p1a: Diggy|0 fnt|[from] psn\n|faint|p1a: Diggy\n|-damage|p1b: Sally|28/284 tox|[from] psn\n|upkeep\n|\n|t:|1757128525\n|switch|p1a: Puff Daddy|Dragonite, M|111/323\n|turn|17\n|\n|t:|1757128541\n|move|p1a: Puff Daddy|Dual Wingbeat|p2b: Joys hot assistnt\n|-damage|p2b: Joys hot assistnt|595/704\n|-damage|p2b: Joys hot assistnt|490/704\n|-hitcount|p2b: Joys hot assistnt|2\n|move|p1b: Sally|Expanding Force|p2b: Joys hot assistnt\n|debug|psychic terrain boost\n|debug|terrain buff\n|-damage|p2b: Joys hot assistnt|351/704\n|move|p2b: Joys hot assistnt|Toxic|p1a: Puff Daddy\n|-status|p1a: Puff Daddy|tox\n|\n|-heal|p1b: Sally|45/284 tox|[from] item: Leftovers\n|-damage|p1a: Puff Daddy|91/323 tox|[from] psn\n|-damage|p1b: Sally|0 fnt|[from] psn\n|faint|p1b: Sally\n|upkeep\n|turn|18\n|\n|t:|1757128555\n|move|p1a: Puff Daddy|Facade|p2b: Joys hot assistnt\n|-damage|p2b: Joys hot assistnt|113/704\n|move|p2b: Joys hot assistnt|Soft-Boiled|p2b: Joys hot assistnt\n|-heal|p2b: Joys hot assistnt|465/704\n|\n|-damage|p1a: Puff Daddy|51/323 tox|[from] psn\n|upkeep\n|turn|19\n|\n|t:|1757128565\n|move|p1a: Puff Daddy|Facade|p2b: Joys hot assistnt\n|-damage|p2b: Joys hot assistnt|208/704\n|move|p2b: Joys hot assistnt|Soft-Boiled|p2b: Joys hot assistnt\n|-heal|p2b: Joys hot assistnt|560/704\n|\n|-damage|p1a: Puff Daddy|0 fnt|[from] psn\n|faint|p1a: Puff Daddy\n|\n|win|je64\n","uploadtime":1757128575,"views":"22","formatid":"gen9doublescustomgame","rating":null,"private":0,"password":null}