{"id":"gen9doublescustomgame-2215478284","format":"[Gen 9] Doubles Custom Game","players":["smokeydabearrr","Mango Meloetta"],"log":"|j|☆smokeydabearrr\n|j|☆Mango Meloetta\n|t:|1728006838\n|gametype|doubles\n|player|p1|smokeydabearrr|102|\n|player|p2|Mango Meloetta|li|\n|teamsize|p1|6\n|teamsize|p2|6\n|gen|9\n|tier|[Gen 9] Doubles Custom Game\n|clearpoke\n|poke|p1|Charizard, F|\n|poke|p1|Blastoise, M|\n|poke|p1|Whimsicott, M|\n|poke|p1|Cresselia, F|\n|poke|p1|Raging Bolt|\n|poke|p1|Walking Wake|\n|poke|p2|Chien-Pao|\n|poke|p2|Zygarde|\n|poke|p2|Archaludon, F|\n|poke|p2|Genesect|\n|poke|p2|Alakazam, M|\n|poke|p2|Porygon2|\n|teampreview\n|j| noli_cannoli10\n|j| je64\n|j| mistermoscow\n|\n|t:|1728006937\n|start\n|switch|p1a: PSA 10 Shadowless|Charizard, F|297/297\n|switch|p1b: Yurtle the Turtle?|Blastoise, M|362/362\n|switch|p2a: Zygarde|Zygarde|357/357\n|switch|p2b: Chien-Pao|Chien-Pao|301/301\n|-ability|p2b: Chien-Pao|Sword of Ruin\n|-ability|p2a: Zygarde|Aura Break\n|turn|1\n|\n|t:|1728007031\n|detailschange|p1a: PSA 10 Shadowless|Charizard-Mega-Y, F\n|-mega|p1a: PSA 10 Shadowless|Charizard|Charizardite Y\n|-weather|SunnyDay|[from] ability: Drought|[of] p1a: PSA 10 Shadowless\n|-terastallize|p2b: Chien-Pao|Dark\n|move|p1b: Yurtle the Turtle?|Fake Out|p2b: Chien-Pao\n|-crit|p2b: Chien-Pao\n|-damage|p2b: Chien-Pao|254/301\n|cant|p2b: Chien-Pao|flinch\n|move|p1a: PSA 10 Shadowless|Heat Wave|p2b: Chien-Pao|[spread] p2a,p2b\n|debug|Spread modifier: 0.75\n|debug|Sunny Day fire boost\n|-resisted|p2a: Zygarde\n|debug|Spread modifier: 0.75\n|debug|Sunny Day fire boost\n|-damage|p2a: Zygarde|242/357\n|-damage|p2b: Chien-Pao|0 fnt\n|faint|p2b: Chien-Pao\n|move|p2a: Zygarde|Thousand Arrows|p1b: Yurtle the Turtle?|[spread] p1a,p1b\n|debug|Spread modifier: 0.75\n|debug|Spread modifier: 0.75\n|-damage|p1a: PSA 10 Shadowless|116/297\n|-damage|p1b: Yurtle the Turtle?|257/362\n|-start|p1a: PSA 10 Shadowless|Smack Down\n|\n|-weather|SunnyDay|[upkeep]\n|-heal|p1b: Yurtle the Turtle?|279/362|[from] item: Leftovers\n|upkeep\n|\n|t:|1728007051\n|switch|p2b: Porygon2|Porygon2|374/374\n|-ability|p2b: Porygon2|Drought|[from] ability: Trace|[of] p1a: PSA 10 Shadowless\n|turn|2\n|\n|t:|1728007164\n|move|p1a: PSA 10 Shadowless|Dragon Pulse|p2a: Zygarde\n|-supereffective|p2a: Zygarde\n|-damage|p2a: Zygarde|8/357\n|move|p2a: Zygarde|Thousand Arrows|p1b: Yurtle the Turtle?|[spread] p1a,p1b\n|debug|Spread modifier: 0.75\n|-supereffective|p1a: PSA 10 Shadowless\n|debug|Spread modifier: 0.75\n|-damage|p1a: PSA 10 Shadowless|0 fnt\n|-damage|p1b: Yurtle the Turtle?|170/362\n|faint|p1a: PSA 10 Shadowless\n|move|p1b: Yurtle the Turtle?|Life Dew|p1b: Yurtle the Turtle?\n|-heal|p1b: Yurtle the Turtle?|261/362\n|move|p2b: Porygon2|Reflect|p2b: Porygon2\n|-sidestart|p2: Mango Meloetta|Reflect\n|\n|-weather|SunnyDay|[upkeep]\n|-heal|p1b: Yurtle the Turtle?|283/362|[from] item: Leftovers\n|upkeep\n|\n|t:|1728007192\n|switch|p1a: WAKE ME UP INSIDE|Walking Wake|339/339\n|-activate|p1a: WAKE ME UP INSIDE|ability: Protosynthesis\n|-start|p1a: WAKE ME UP INSIDE|protosynthesisspa\n|turn|3\n|\n|t:|1728007241\n|switch|p1b: Scott Tennerman|Whimsicott, M|261/261\n|move|p1a: WAKE ME UP INSIDE|Hydro Steam|p2a: Zygarde\n|debug|Protosynthesis spa boost\n|debug|Sunny Day Hydro Steam boost\n|-crit|p2a: Zygarde\n|-damage|p2a: Zygarde|0 fnt\n|faint|p2a: Zygarde\n|-damage|p1a: WAKE ME UP INSIDE|306/339|[from] item: Life Orb\n|move|p2b: Porygon2|Thunderbolt|p1b: Scott Tennerman\n|-resisted|p1b: Scott Tennerman\n|-damage|p1b: Scott Tennerman|217/261\n|\n|-weather|SunnyDay|[upkeep]\n|upkeep\n|\n|t:|1728007360\n|switch|p2a: Archaludon|Archaludon, F|384/384\n|turn|4\n|\n|t:|1728007395\n|move|p1a: WAKE ME UP INSIDE|Protect|p1a: WAKE ME UP INSIDE\n|-singleturn|p1a: WAKE ME UP INSIDE|Protect\n|move|p1b: Scott Tennerman|Dazzling Gleam|p2a: Archaludon|[spread] p2a,p2b\n|debug|Spread modifier: 0.75\n|debug|Spread modifier: 0.75\n|-damage|p2a: Archaludon|269/384\n|-damage|p2b: Porygon2|305/374\n|-ability|p2a: Archaludon|Stamina|boost\n|-boost|p2a: Archaludon|def|1\n|move|p2a: Archaludon|Dragon Pulse|p1a: WAKE ME UP INSIDE\n|-activate|p1a: WAKE ME UP INSIDE|move: Protect\n|move|p2b: Porygon2|Thunderbolt|p1a: WAKE ME UP INSIDE\n|-activate|p1a: WAKE ME UP INSIDE|move: Protect\n|\n|-weather|SunnyDay|[upkeep]\n|-heal|p2b: Porygon2|328/374|[from] item: Leftovers\n|upkeep\n|turn|5\n|\n|t:|1728007486\n|move|p1a: WAKE ME UP INSIDE|Draco Meteor|p2a: Archaludon\n|debug|Protosynthesis spa boost\n|-damage|p2a: Archaludon|0 fnt\n|-unboost|p1a: WAKE ME UP INSIDE|spa|2\n|faint|p2a: Archaludon\n|-damage|p1a: WAKE ME UP INSIDE|273/339|[from] item: Life Orb\n|move|p1b: Scott Tennerman|Dazzling Gleam|p2b: Porygon2\n|-damage|p2b: Porygon2|244/374\n|move|p2b: Porygon2|Thunderbolt|p1a: WAKE ME UP INSIDE\n|-damage|p1a: WAKE ME UP INSIDE|185/339\n|\n|-weather|none\n|-end|p1a: WAKE ME UP INSIDE|Protosynthesis\n|-heal|p2b: Porygon2|267/374|[from] item: Leftovers\n|upkeep\n|\n|t:|1728007499\n|switch|p2a: Alakazam|Alakazam, M|251/251\n|turn|6\n|\n|t:|1728007562\n|detailschange|p2a: Alakazam|Alakazam-Mega, M\n|-mega|p2a: Alakazam|Alakazam|Alakazite\n|-ability|p2a: Alakazam|Prankster|[from] ability: Trace|[of] p1b: Scott Tennerman\n|move|p1a: WAKE ME UP INSIDE|Protect|p1a: WAKE ME UP INSIDE\n|-singleturn|p1a: WAKE ME UP INSIDE|Protect\n|move|p1b: Scott Tennerman|Tailwind|p1b: Scott Tennerman\n|-sidestart|p1: smokeydabearrr|move: Tailwind\n|move|p2a: Alakazam|Dazzling Gleam|p1a: WAKE ME UP INSIDE|[spread] p1b\n|-activate|p1a: WAKE ME UP INSIDE|move: Protect\n|debug|Spread modifier: 0.75\n|-damage|p1b: Scott Tennerman|98/261\n|move|p2b: Porygon2|Thunderbolt|p1a: WAKE ME UP INSIDE\n|-activate|p1a: WAKE ME UP INSIDE|move: Protect\n|\n|-heal|p2b: Porygon2|290/374|[from] item: Leftovers\n|-sideend|p2: Mango Meloetta|Reflect\n|upkeep\n|turn|7\n|\n|t:|1728007606\n|move|p1a: WAKE ME UP INSIDE|Draco Meteor|p2a: Alakazam\n|-damage|p2a: Alakazam|107/251\n|-unboost|p1a: WAKE ME UP INSIDE|spa|2\n|-damage|p1a: WAKE ME UP INSIDE|152/339|[from] item: Life Orb\n|move|p1b: Scott Tennerman|Dazzling Gleam|p2a: Alakazam|[spread] p2a,p2b\n|debug|Spread modifier: 0.75\n|debug|Spread modifier: 0.75\n|-damage|p2a: Alakazam|29/251\n|-damage|p2b: Porygon2|224/374\n|move|p2a: Alakazam|Dazzling Gleam|p1b: Scott Tennerman|[spread] p1a,p1b\n|debug|Spread modifier: 0.75\n|-supereffective|p1a: WAKE ME UP INSIDE\n|debug|Spread modifier: 0.75\n|-damage|p1a: WAKE ME UP INSIDE|0 fnt\n|-damage|p1b: Scott Tennerman|0 fnt\n|faint|p1a: WAKE ME UP INSIDE\n|-end|p1a: WAKE ME UP INSIDE|Protosynthesis|[silent]\n|faint|p1b: Scott Tennerman\n|move|p2b: Porygon2|Thunderbolt|p1: WAKE ME UP INSIDE|[notarget]\n|-fail|p2b: Porygon2\n|\n|-heal|p2b: Porygon2|247/374|[from] item: Leftovers\n|upkeep\n|\n|t:|1728007647\n|switch|p1a: Yurtle the Turtle?|Blastoise, M|283/362\n|switch|p1b: Cresselia|Cresselia, F|444/444\n|turn|8\n|\n|t:|1728007697\n|switch|p2a: Genesect|Genesect|283/283\n|-ability|p2a: Genesect|Download|boost\n|-boost|p2a: Genesect|spa|1\n|-terastallize|p1a: Yurtle the Turtle?|Ghost\n|move|p1a: Yurtle the Turtle?|Fake Out|p2a: Genesect\n|-resisted|p2a: Genesect\n|-damage|p2a: Genesect|267/283\n|move|p1b: Cresselia|Icy Wind|p2b: Porygon2|[spread] p2a,p2b\n|debug|Spread modifier: 0.75\n|-resisted|p2a: Genesect\n|debug|Spread modifier: 0.75\n|-damage|p2a: Genesect|255/283\n|-damage|p2b: Porygon2|227/374\n|-unboost|p2a: Genesect|spe|1\n|-unboost|p2b: Porygon2|spe|1\n|move|p2b: Porygon2|Toxic|p1b: Cresselia\n|-status|p1b: Cresselia|tox\n|\n|-heal|p1a: Yurtle the Turtle?|305/362|[from] item: Leftovers\n|-heal|p2b: Porygon2|250/374|[from] item: Leftovers\n|-damage|p1b: Cresselia|417/444 tox|[from] psn\n|upkeep\n|turn|9\n|\n|t:|1728007776\n|move|p1a: Yurtle the Turtle?|Follow Me|p1a: Yurtle the Turtle?\n|-singleturn|p1a: Yurtle the Turtle?|move: Follow Me\n|move|p1b: Cresselia|Calm Mind|p1b: Cresselia\n|-boost|p1b: Cresselia|spa|1\n|-boost|p1b: Cresselia|spd|1\n|move|p2a: Genesect|Flash Cannon|p1a: Yurtle the Turtle?\n|debug|Follow Me redirected target of move\n|-damage|p1a: Yurtle the Turtle?|37/362\n|move|p2b: Porygon2|Toxic|p1a: Yurtle the Turtle?\n|debug|Follow Me redirected target of move\n|-status|p1a: Yurtle the Turtle?|tox\n|\n|-heal|p1a: Yurtle the Turtle?|59/362 tox|[from] item: Leftovers\n|-heal|p2b: Porygon2|273/374|[from] item: Leftovers\n|-damage|p1b: Cresselia|363/444 tox|[from] psn\n|-damage|p1a: Yurtle the Turtle?|37/362 tox|[from] psn\n|-sideend|p1: smokeydabearrr|move: Tailwind\n|upkeep\n|turn|10\n|\n|t:|1728007800\n|move|p2a: Genesect|Flash Cannon|p1b: Cresselia\n|-damage|p1b: Cresselia|207/444 tox\n|debug|Covert Cloak prevent secondary\n|move|p1b: Cresselia|Lunar Blessing|p1b: Cresselia|[spread] p1a,p1b\n|-heal|p1a: Yurtle the Turtle?|127/362 tox\n|-curestatus|p1a: Yurtle the Turtle?|tox|[msg]\n|-heal|p1b: Cresselia|318/444 tox\n|-curestatus|p1b: Cresselia|tox|[msg]\n|move|p1a: Yurtle the Turtle?|Life Dew|p1a: Yurtle the Turtle?|[spread] p1a,p1b\n|-heal|p1a: Yurtle the Turtle?|218/362\n|-heal|p1b: Cresselia|429/444\n|move|p2b: Porygon2|Recover|p2b: Porygon2\n|-heal|p2b: Porygon2|374/374\n|\n|-heal|p1a: Yurtle the Turtle?|240/362|[from] item: Leftovers\n|upkeep\n|turn|11\n|\n|t:|1728007830\n|move|p1a: Yurtle the Turtle?|Follow Me|p1a: Yurtle the Turtle?\n|-singleturn|p1a: Yurtle the Turtle?|move: Follow Me\n|move|p2a: Genesect|Flash Cannon|p1a: Yurtle the Turtle?\n|debug|Follow Me redirected target of move\n|-crit|p1a: Yurtle the Turtle?\n|-damage|p1a: Yurtle the Turtle?|0 fnt\n|faint|p1a: Yurtle the Turtle?\n|move|p1b: Cresselia|Calm Mind|p1b: Cresselia\n|-boost|p1b: Cresselia|spa|1\n|-boost|p1b: Cresselia|spd|1\n|move|p2b: Porygon2|Toxic|p1b: Cresselia\n|-status|p1b: Cresselia|tox\n|\n|-damage|p1b: Cresselia|402/444 tox|[from] psn\n|upkeep\n|\n|t:|1728007841\n|switch|p1a: Raging B0ner|Raging Bolt|454/454\n|turn|12\n|\n|t:|1728007911\n|move|p2a: Genesect|Flash Cannon|p1b: Cresselia\n|-damage|p1b: Cresselia|300/444 tox\n|debug|Covert Cloak prevent secondary\n|move|p1b: Cresselia|Lunar Blessing|p1b: Cresselia|[spread] p1a,p1b\n|-heal|p1b: Cresselia|411/444 tox\n|-curestatus|p1b: Cresselia|tox|[msg]\n|move|p1a: Raging B0ner|Electroweb|p2b: Porygon2|[spread] p2a,p2b\n|debug|Spread modifier: 0.75\n|debug|Spread modifier: 0.75\n|-damage|p2a: Genesect|174/283\n|-damage|p2b: Porygon2|311/374\n|-unboost|p2a: Genesect|spe|1\n|-unboost|p2b: Porygon2|spe|1\n|move|p2b: Porygon2|Thunderbolt|p1b: Cresselia\n|-damage|p1b: Cresselia|385/444\n|debug|Covert Cloak prevent secondary\n|\n|-heal|p2b: Porygon2|334/374|[from] item: Leftovers\n|upkeep\n|turn|13\n|\n|t:|1728007974\n|move|p1b: Cresselia|Calm Mind|p1b: Cresselia\n|-boost|p1b: Cresselia|spa|1\n|-boost|p1b: Cresselia|spd|1\n|move|p1a: Raging B0ner|Thunderbolt|p2a: Genesect\n|-crit|p2a: Genesect\n|-damage|p2a: Genesect|0 fnt\n|faint|p2a: Genesect\n|move|p2b: Porygon2|Toxic|p1b: Cresselia\n|-status|p1b: Cresselia|tox\n|\n|-heal|p2b: Porygon2|357/374|[from] item: Leftovers\n|-damage|p1b: Cresselia|358/444 tox|[from] psn\n|upkeep\n|\n|t:|1728007977\n|switch|p2a: Alakazam|Alakazam-Mega, M|29/251\n|-ability|p2a: Alakazam|Levitate|[from] ability: Trace|[of] p1b: Cresselia\n|turn|14\n|\n|t:|1728008008\n|move|p1a: Raging B0ner|Thunderclap|p2a: Alakazam\n|-damage|p2a: Alakazam|0 fnt\n|faint|p2a: Alakazam\n|move|p1b: Cresselia|Calm Mind|p1b: Cresselia\n|-boost|p1b: Cresselia|spa|1\n|-boost|p1b: Cresselia|spd|1\n|move|p2b: Porygon2|Toxic|p1a: Raging B0ner\n|-status|p1a: Raging B0ner|tox\n|\n|-heal|p2b: Porygon2|374/374|[from] item: Leftovers\n|-damage|p1b: Cresselia|304/444 tox|[from] psn\n|-damage|p1a: Raging B0ner|426/454 tox|[from] psn\n|upkeep\n|turn|15\n|\n|t:|1728008027\n|move|p1b: Cresselia|Icy Wind|p2b: Porygon2\n|-damage|p2b: Porygon2|290/374\n|-unboost|p2b: Porygon2|spe|1\n|move|p1a: Raging B0ner|Thunderbolt|p2b: Porygon2\n|-damage|p2b: Porygon2|151/374\n|move|p2b: Porygon2|Thunderbolt|p1b: Cresselia\n|-damage|p1b: Cresselia|283/444 tox\n|debug|Covert Cloak prevent secondary\n|\n|-heal|p2b: Porygon2|174/374|[from] item: Leftovers\n|-damage|p1b: Cresselia|202/444 tox|[from] psn\n|-damage|p1a: Raging B0ner|370/454 tox|[from] psn\n|upkeep\n|turn|16\n|\n|t:|1728008049\n|move|p1b: Cresselia|Stored Power|p2b: Porygon2\n|debug|BP: 180\n|-crit|p2b: Porygon2\n|-damage|p2b: Porygon2|0 fnt\n|faint|p2b: Porygon2\n|\n|win|smokeydabearrr\n|l| noli_cannoli10\n|l|☆Mango Meloetta\n|player|p2|\n","uploadtime":1728008054,"views":"19","formatid":"gen9doublescustomgame","rating":null,"private":0,"password":null}