{"id":"gen9doublescustomgame-2266621946","format":"[Gen 9] Doubles Custom Game","players":["mistermoscow","Mattmandaman"],"log":"|badge|p2|gold|gen9doublesou|3-3\n|uhtml|medal-msg|<div class=\"broadcast-blue\">Curious what those medals under the avatar are? PS now has Ladder Seasons! For more information, check out the <a href=\"https://www.smogon.com/forums/threads/3740067/\">thread on Smogon.</a></div>\n|j|☆mistermoscow\n|j|☆Mattmandaman\n|t:|1734707002\n|gametype|doubles\n|player|p1|mistermoscow|alder|\n|player|p2|Mattmandaman|giovanni|\n|teamsize|p1|6\n|teamsize|p2|6\n|gen|9\n|tier|[Gen 9] Doubles Custom Game\n|clearpoke\n|poke|p1|Butterfree, F|\n|poke|p1|Fearow, M|\n|poke|p1|Clefairy, M|\n|poke|p1|Victreebel, M|\n|poke|p1|Porygon|\n|poke|p1|Snorlax, M|\n|poke|p2|Primeape, M|\n|poke|p2|Marowak, M|\n|poke|p2|Dodrio, F|\n|poke|p2|Gengar, M|\n|poke|p2|Pikachu, F|\n|poke|p2|Tentacruel, M|\n|teampreview\n|\n|t:|1734707058\n|start\n|switch|p1a: Purple Haze|Butterfree, F|262/262\n|switch|p1b: Snax|Snorlax, M|461/461\n|switch|p2a: Dodrio|Dodrio, F|262/262\n|switch|p2b: Primeape|Primeape, M|272/272\n|turn|1\n|\n|t:|1734707143\n|switch|p1b: Big Bird|Fearow, M|271/271\n|move|p2a: Dodrio|Brave Bird|p1a: Purple Haze\n|-supereffective|p1a: Purple Haze\n|-damage|p1a: Purple Haze|0 fnt\n|faint|p1a: Purple Haze\n|-damage|p2a: Dodrio|176/262|[from] Recoil\n|move|p2b: Primeape|Drain Punch|p1b: Big Bird\n|-damage|p1b: Big Bird|120/271\n|\n|upkeep\n|\n|t:|1734707175\n|switch|p1a: Pogo Jr|Porygon|272/272\n|-ability|p1a: Pogo Jr|Vital Spirit|[from] ability: Trace|[of] p2b: Primeape\n|turn|2\n|\n|t:|1734707205\n|move|p1b: Big Bird|Drill Peck|p2b: Primeape\n|-supereffective|p2b: Primeape\n|-damage|p2b: Primeape|12/272\n|move|p2a: Dodrio|Brave Bird|p1b: Big Bird\n|-damage|p1b: Big Bird|0 fnt\n|faint|p1b: Big Bird\n|-damage|p2a: Dodrio|136/262|[from] Recoil\n|move|p2b: Primeape|Drain Punch|p1a: Pogo Jr\n|-supereffective|p1a: Pogo Jr\n|-crit|p1a: Pogo Jr\n|-damage|p1a: Pogo Jr|78/272\n|-heal|p2b: Primeape|109/272|[from] drain|[of] p1a: Pogo Jr\n|move|p1a: Pogo Jr|Thunder Wave|p2b: Primeape\n|-status|p2b: Primeape|par\n|\n|upkeep\n|\n|t:|1734707225\n|switch|p1b: Victor|Victreebel, M|364/364\n|turn|3\n|c|☆Mattmandaman|wow that was close i wonder what the range was\n|\n|t:|1734707262\n|move|p1b: Victor|Protect|p1b: Victor\n|-singleturn|p1b: Victor|Protect\n|move|p2a: Dodrio|Brave Bird|p1a: Pogo Jr\n|-damage|p1a: Pogo Jr|0 fnt\n|faint|p1a: Pogo Jr\n|-damage|p2a: Dodrio|110/262|[from] Recoil\n|move|p2b: Primeape|Rage Fist|p1b: Victor\n|-activate|p1b: Victor|move: Protect\n|\n|upkeep\n|\n|t:|1734707275\n|switch|p1a: Clifford|Clefairy, M|282/282\n|turn|4\n|\n|t:|1734707284\n|move|p1a: Clifford|Follow Me|p1a: Clifford\n|-singleturn|p1a: Clifford|move: Follow Me\n|move|p2a: Dodrio|Taunt|p1a: Clifford\n|debug|Follow Me redirected target of move\n|-start|p1a: Clifford|move: Taunt\n|move|p1b: Victor|Swords Dance|p1b: Victor\n|-boost|p1b: Victor|atk|2\n|move|p2b: Primeape|Rage Fist|p1a: Clifford\n|debug|Follow Me redirected target of move\n|-damage|p1a: Clifford|210/282\n|\n|upkeep\n|turn|5\n|\n|t:|1734707307\n|move|p2a: Dodrio|Brave Bird|p1b: Victor\n|-supereffective|p1b: Victor\n|debug|Friend Guard weaken\n|-damage|p1b: Victor|0 fnt\n|faint|p1b: Victor\n|-damage|p2a: Dodrio|0 fnt|[from] Recoil\n|faint|p2a: Dodrio\n|move|p2b: Primeape|Rage Fist|p1a: Clifford\n|-damage|p1a: Clifford|128/282\n|move|p1a: Clifford|Icy Wind|p2b: Primeape\n|-crit|p2b: Primeape\n|-damage|p2b: Primeape|69/272 par\n|-unboost|p2b: Primeape|spe|1\n|\n|upkeep\n|\n|t:|1734707321\n|switch|p2a: Marowak|Marowak, M|262/262\n|switch|p1b: Snax|Snorlax, M|461/461\n|turn|6\n|\n|t:|1734707348\n|move|p1b: Snax|Protect|p1b: Snax\n|-singleturn|p1b: Snax|Protect\n|move|p2a: Marowak|Earthquake|p1a: Clifford|[spread] p2b,p1a\n|-activate|p1b: Snax|move: Protect\n|debug|Spread modifier: 0.75\n|debug|Spread modifier: 0.75\n|-damage|p2b: Primeape|0 fnt\n|-damage|p1a: Clifford|0 fnt\n|faint|p2b: Primeape\n|faint|p1a: Clifford\n|\n|upkeep\n|\n|t:|1734707357\n|switch|p2b: Pikachu|Pikachu, F|211/211\n|turn|7\n|\n|t:|1734707365\n|move|p1b: Snax|Protect||[still]\n|debug|Success chance: 33%\n|-fail|p1b: Snax\n|move|p2b: Pikachu|Fake Out|p1b: Snax\n|-damage|p1b: Snax|407/461\n|move|p2a: Marowak|Rock Slide|p1b: Snax\n|-damage|p1b: Snax|254/461\n|\n|upkeep\n|turn|8\n|\n|t:|1734707376\n|move|p2b: Pikachu|Protect|p2b: Pikachu\n|-singleturn|p2b: Pikachu|Protect\n|move|p2a: Marowak|Earthquake|p1b: Snax|[spread] p1b\n|-activate|p2b: Pikachu|move: Protect\n|debug|Spread modifier: 0.75\n|-damage|p1b: Snax|31/461\n|move|p1b: Snax|Earthquake|p2b: Pikachu|[spread] p2a\n|-activate|p2b: Pikachu|move: Protect\n|debug|Spread modifier: 0.75\n|-damage|p2a: Marowak|187/262\n|\n|upkeep\n|turn|9\n|\n|t:|1734707385\n|move|p1b: Snax|Protect|p1b: Snax\n|-singleturn|p1b: Snax|Protect\n|move|p2b: Pikachu|Volt Tackle|p1b: Snax\n|-activate|p1b: Snax|move: Protect\n|move|p2a: Marowak|Rock Slide|p1b: Snax\n|-activate|p1b: Snax|move: Protect\n|\n|upkeep\n|turn|10\n|\n|t:|1734707392\n|move|p1b: Snax|Protect||[still]\n|debug|Success chance: 33%\n|-fail|p1b: Snax\n|move|p2b: Pikachu|Volt Tackle|p1b: Snax\n|-damage|p1b: Snax|0 fnt\n|faint|p1b: Snax\n|-damage|p2b: Pikachu|201/211|[from] Recoil\n|\n|win|Mattmandaman\n|c|☆mistermoscow|gg\n|c|☆Mattmandaman|gg\n","uploadtime":1734707399,"views":"65","formatid":"gen9doublescustomgame","rating":null,"private":0,"password":null}