{"id":"gen9doublescustomgame-2612867531","format":"[Gen 9] Doubles Custom Game","players":["mistermoscow","Smokeydabearrr"],"log":"|j|☆mistermoscow\n|j|☆Smokeydabearrr\n|t:|1779153835\n|gametype|doubles\n|player|p1|mistermoscow|alder|\n|player|p2|Smokeydabearrr|102|\n|gen|9\n|tier|[Gen 9] Doubles Custom Game\n|clearpoke\n|poke|p1|Venusaur, M|\n|poke|p1|Ninetales, M|\n|poke|p1|Magearna|\n|poke|p1|Tapu Fini|\n|poke|p1|Flutter Mane|\n|poke|p1|Chi-Yu|\n|poke|p2|Blastoise|\n|poke|p2|Gengar|\n|poke|p2|Pelipper|\n|poke|p2|Garganacl|\n|poke|p2|Incineroar|\n|poke|p2|Gholdengo|\n|teampreview\n|j| Jamochi\n|c| Jamochi|ayyy\n|j| noli_cannoli10\n|\n|t:|1779153906\n|teamsize|p1|6\n|teamsize|p2|6\n|start\n|switch|p1a: Prince Ember|Ninetales, M|350/350\n|switch|p1b: Vinny|Venusaur, M|301/301\n|switch|p2a: Pelipper|Pelipper|261/261\n|switch|p2b: Incineroar|Incineroar|382/382\n|-weather|RainDance|[from] ability: Drizzle|[of] p2a: Pelipper\n|-weather|SunnyDay|[from] ability: Drought|[of] p1a: Prince Ember\n|-ability|p2b: Incineroar|Intimidate|boost\n|-unboost|p1a: Prince Ember|atk|1\n|-unboost|p1b: Vinny|atk|1\n|turn|1\n|\n|t:|1779154005\n|move|p2b: Incineroar|Fake Out|p1b: Vinny\n|-damage|p1b: Vinny|260/301\n|cant|p1b: Vinny|flinch\n|move|p2a: Pelipper|Tailwind|p2a: Pelipper\n|-sidestart|p2: Smokeydabearrr|move: Tailwind\n|move|p1a: Prince Ember|Calm Mind|p1a: Prince Ember\n|-boost|p1a: Prince Ember|spa|1\n|-boost|p1a: Prince Ember|spd|1\n|\n|-weather|SunnyDay|[upkeep]\n|upkeep\n|turn|2\n|\n|t:|1779154046\n|detailschange|p1b: Vinny|Venusaur-Mega, M\n|-mega|p1b: Vinny|Venusaur|Venusaurite\n|move|p2a: Pelipper|Icy Wind|p1b: Vinny|[spread] p1a,p1b\n|debug|Spread modifier: 0.75\n|-resisted|p1a: Prince Ember\n|debug|Thick Fat weaken\n|debug|Spread modifier: 0.75\n|-supereffective|p1b: Vinny\n|-damage|p1a: Prince Ember|338/350\n|-damage|p1b: Vinny|232/301\n|-unboost|p1a: Prince Ember|spe|1\n|-unboost|p1b: Vinny|spe|1\n|move|p2b: Incineroar|Parting Shot|p1a: Prince Ember\n|-unboost|p1a: Prince Ember|atk|1\n|-unboost|p1a: Prince Ember|spa|1\n|\n|t:|1779154069\n|switch|p2b: Gengar|Gengar|262/262|[from] Parting Shot\n|move|p1a: Prince Ember|Calm Mind|p1a: Prince Ember\n|-boost|p1a: Prince Ember|spa|1\n|-boost|p1a: Prince Ember|spd|1\n|move|p1b: Vinny|Leech Seed|p2a: Pelipper\n|-start|p2a: Pelipper|move: Leech Seed\n|\n|-weather|SunnyDay|[upkeep]\n|-damage|p2a: Pelipper|229/261|[from] Leech Seed|[of] p1b: Vinny\n|-heal|p1b: Vinny|264/301|[silent]\n|upkeep\n|turn|3\n|\n|t:|1779154131\n|switch|p2a: Blastoise|Blastoise|362/362\n|detailschange|p2b: Gengar|Gengar-Mega\n|-mega|p2b: Gengar|Gengar|Gengarite\n|move|p2b: Gengar|Shadow Ball|p1b: Vinny\n|-damage|p1b: Vinny|131/301\n|-unboost|p1b: Vinny|spd|1\n|move|p1a: Prince Ember|Calm Mind|p1a: Prince Ember\n|-boost|p1a: Prince Ember|spa|1\n|-boost|p1a: Prince Ember|spd|1\n|move|p1b: Vinny|Leech Seed|p2b: Gengar\n|-start|p2b: Gengar|move: Leech Seed\n|\n|-weather|SunnyDay|[upkeep]\n|-damage|p2b: Gengar|230/262|[from] Leech Seed|[of] p1b: Vinny\n|-heal|p1b: Vinny|163/301|[silent]\n|upkeep\n|turn|4\n|\n|t:|1779154196\n|move|p2a: Blastoise|Fake Out|p1a: Prince Ember\n|-damage|p1a: Prince Ember|314/350\n|move|p2b: Gengar|Shadow Ball|p1b: Vinny\n|-damage|p1b: Vinny|0 fnt\n|faint|p1b: Vinny\n|detailschange|p1: Vinny|Venusaur, M|[silent]\n|cant|p1a: Prince Ember|flinch\n|\n|-weather|SunnyDay|[upkeep]\n|debug|Nothing to leech into\n|-sideend|p2: Smokeydabearrr|move: Tailwind\n|upkeep\n|\n|t:|1779154215\n|switch|p1b: Chip|Chi-Yu|252/252\n|-ability|p1b: Chip|Beads of Ruin\n|turn|5\n|\n|t:|1779154253\n|switch|p2b: Pelipper|Pelipper|229/261\n|-weather|RainDance|[from] ability: Drizzle|[of] p2b: Pelipper\n|move|p1a: Prince Ember|Helping Hand|p1b: Chip\n|-singleturn|p1b: Chip|Helping Hand|[of] p1a: Prince Ember\n|move|p1b: Chip|Snarl|p2a: Blastoise|[spread] p2a,p2b\n|debug|Boosting from Helping Hand: 1.5\n|debug|Beads of Ruin SpD drop\n|debug|Spread modifier: 0.75\n|debug|Boosting from Helping Hand: 1.5\n|debug|Beads of Ruin SpD drop\n|debug|Spread modifier: 0.75\n|-damage|p2a: Blastoise|230/362\n|-damage|p2b: Pelipper|0 fnt\n|-unboost|p2a: Blastoise|spa|1\n|faint|p2b: Pelipper\n|move|p2a: Blastoise|Water Spout|p1a: Prince Ember|[spread] p1a,p1b\n|debug|BP: 95.30386740331491\n|debug|Beads of Ruin SpD drop\n|debug|Spread modifier: 0.75\n|debug|rain water boost\n|-supereffective|p1a: Prince Ember\n|debug|BP: 95.30386740331491\n|debug|Spread modifier: 0.75\n|debug|rain water boost\n|-supereffective|p1b: Chip\n|-damage|p1a: Prince Ember|246/350\n|-damage|p1b: Chip|120/252\n|\n|-weather|RainDance|[upkeep]\n|-heal|p2a: Blastoise|252/362|[from] ability: Rain Dish\n|-heal|p2a: Blastoise|274/362|[from] item: Leftovers\n|upkeep\n|\n|t:|1779154290\n|switch|p2b: Incineroar|Incineroar|382/382\n|-ability|p2b: Incineroar|Intimidate|boost\n|-unboost|p1a: Prince Ember|atk|1\n|-unboost|p1b: Chip|atk|1\n|turn|6\n|\n|t:|1779154311\n|switch|p1a: Ursula|Tapu Fini|344/344\n|-fieldstart|move: Misty Terrain|[from] ability: Misty Surge|[of] p1a: Ursula\n|move|p2b: Incineroar|Fake Out|p1b: Chip\n|-damage|p1b: Chip|72/252\n|cant|p1b: Chip|flinch\n|move|p2a: Blastoise|Water Spout|p1a: Ursula|[spread] p1a,p1b\n|debug|BP: 113.53591160220995\n|debug|Beads of Ruin SpD drop\n|debug|Spread modifier: 0.75\n|debug|rain water boost\n|-resisted|p1a: Ursula\n|debug|BP: 113.53591160220995\n|debug|Spread modifier: 0.75\n|debug|rain water boost\n|-supereffective|p1b: Chip\n|-damage|p1a: Ursula|294/344\n|-damage|p1b: Chip|0 fnt\n|faint|p1b: Chip\n|\n|-weather|RainDance|[upkeep]\n|-heal|p2a: Blastoise|296/362|[from] ability: Rain Dish\n|-heal|p1a: Ursula|315/344|[from] item: Leftovers\n|-heal|p2a: Blastoise|318/362|[from] item: Leftovers\n|upkeep\n|\n|t:|1779154328\n|switch|p1b: Prince Ember|Ninetales, M|246/350\n|-weather|SunnyDay|[from] ability: Drought|[of] p1b: Prince Ember\n|turn|7\n|\n|t:|1779154389\n|move|p1b: Prince Ember|Calm Mind|p1b: Prince Ember\n|-boost|p1b: Prince Ember|spa|1\n|-boost|p1b: Prince Ember|spd|1\n|move|p1a: Ursula|Calm Mind|p1a: Ursula\n|-boost|p1a: Ursula|spa|1\n|-boost|p1a: Ursula|spd|1\n|move|p2a: Blastoise|Water Spout|p1a: Ursula|[spread] p1a,p1b\n|debug|BP: 131.76795580110496\n|debug|Negating (sp)atk boost/penalty.\n|debug|Negating (sp)def boost/penalty.\n|debug|Spread modifier: 0.75\n|debug|Sunny Day water suppress\n|-resisted|p1a: Ursula\n|-crit|p1a: Ursula\n|debug|BP: 131.76795580110496\n|debug|Spread modifier: 0.75\n|debug|Sunny Day water suppress\n|-supereffective|p1b: Prince Ember\n|-damage|p1a: Ursula|284/344\n|-damage|p1b: Prince Ember|210/350\n|move|p2b: Incineroar|Parting Shot|p1b: Prince Ember\n|-unboost|p1b: Prince Ember|atk|1\n|-unboost|p1b: Prince Ember|spa|1\n|\n|t:|1779154422\n|switch|p2b: Gengar|Gengar-Mega|230/262|[from] Parting Shot\n|\n|-weather|SunnyDay|[upkeep]\n|-heal|p1a: Ursula|305/344|[from] item: Leftovers\n|-heal|p2a: Blastoise|340/362|[from] item: Leftovers\n|upkeep\n|turn|8\n|\n|t:|1779154442\n|move|p2b: Gengar|Sludge Wave|p1a: Ursula|[spread] p2a,p1a,p1b\n|debug|Spread modifier: 0.75\n|debug|Spread modifier: 0.75\n|-supereffective|p1a: Ursula\n|debug|Negating (sp)def boost/penalty.\n|debug|Spread modifier: 0.75\n|-crit|p1b: Prince Ember\n|-damage|p2a: Blastoise|210/362\n|-damage|p1a: Ursula|135/344\n|-damage|p1b: Prince Ember|0 fnt\n|faint|p1b: Prince Ember\n|move|p1a: Ursula|Calm Mind|p1a: Ursula\n|-boost|p1a: Ursula|spa|1\n|-boost|p1a: Ursula|spd|1\n|move|p2a: Blastoise|Life Dew|p2a: Blastoise|[spread] p2a,p2b\n|-heal|p2a: Blastoise|301/362\n|-heal|p2b: Gengar|262/262\n|\n|-weather|SunnyDay|[upkeep]\n|-heal|p1a: Ursula|156/344|[from] item: Leftovers\n|-heal|p2a: Blastoise|323/362|[from] item: Leftovers\n|upkeep\n|\n|t:|1779154466\n|switch|p1b: Mags|Magearna|364/364\n|turn|9\n|\n|t:|1779154500\n|move|p2b: Gengar|Shadow Ball|p1a: Ursula\n|-damage|p1a: Ursula|87/344\n|move|p1a: Ursula|Icy Wind|p2b: Gengar|[spread] p2a,p2b\n|debug|Spread modifier: 0.75\n|-resisted|p2a: Blastoise\n|debug|Spread modifier: 0.75\n|-damage|p2a: Blastoise|300/362\n|-damage|p2b: Gengar|199/262\n|-unboost|p2a: Blastoise|spe|1\n|-unboost|p2b: Gengar|spe|1\n|move|p1b: Mags|Calm Mind|p1b: Mags\n|-boost|p1b: Mags|spa|1\n|-boost|p1b: Mags|spd|1\n|move|p2a: Blastoise|Life Dew|p2a: Blastoise|[spread] p2a,p2b\n|-heal|p2a: Blastoise|362/362\n|-heal|p2b: Gengar|262/262\n|\n|-weather|SunnyDay|[upkeep]\n|-heal|p1a: Ursula|108/344|[from] item: Leftovers\n|upkeep\n|turn|10\n|\n|t:|1779154541\n|switch|p2a: Gholdengo|Gholdengo|316/316\n|move|p2b: Gengar|Sludge Wave|p1b: Mags|[spread] p1a\n|-immune|p2a: Gholdengo\n|-immune|p1b: Mags\n|debug|Spread modifier: 0.75\n|-supereffective|p1a: Ursula\n|-damage|p1a: Ursula|0 fnt\n|faint|p1a: Ursula\n|-ability|p1b: Mags|Soul-Heart|boost\n|-boost|p1b: Mags|spa|1\n|move|p1b: Mags|Energy Ball|p2b: Gengar\n|-resisted|p2b: Gengar\n|-damage|p2b: Gengar|164/262\n|\n|-weather|SunnyDay|[upkeep]\n|-fieldend|Misty Terrain\n|upkeep\n|\n|t:|1779154555\n|switch|p1a: Floots|Flutter Mane|251/251\n|-activate|p1a: Floots|ability: Protosynthesis\n|-start|p1a: Floots|protosynthesisspa\n|debug|natural status immunity\n|turn|11\n|\n|t:|1779154618\n|move|p2b: Gengar|Protect|p2b: Gengar\n|-singleturn|p2b: Gengar|Protect\n|move|p1a: Floots|Icy Wind|p2b: Gengar|[spread] p2a\n|-activate|p2b: Gengar|move: Protect\n|debug|Protosynthesis spa boost\n|debug|Spread modifier: 0.75\n|-resisted|p2a: Gholdengo\n|-damage|p2a: Gholdengo|280/316\n|-unboost|p2a: Gholdengo|spe|1\n|move|p2a: Gholdengo|Nasty Plot|p2a: Gholdengo\n|-boost|p2a: Gholdengo|spa|2\n|move|p1b: Mags|Calm Mind|p1b: Mags\n|-boost|p1b: Mags|spa|1\n|-boost|p1b: Mags|spd|1\n|\n|-weather|SunnyDay|[upkeep]\n|upkeep\n|debug|natural status immunity\n|turn|12\n|\n|t:|1779154656\n|move|p1b: Mags|Protect|p1b: Mags\n|-singleturn|p1b: Mags|Protect\n|move|p1a: Floots|Dazzling Gleam|p2a: Gholdengo|[spread] p2a,p2b\n|debug|Protosynthesis spa boost\n|debug|Spread modifier: 0.75\n|-resisted|p2a: Gholdengo\n|debug|Protosynthesis spa boost\n|debug|Spread modifier: 0.75\n|-resisted|p2b: Gengar\n|-damage|p2a: Gholdengo|199/316\n|-damage|p2b: Gengar|78/262\n|move|p2b: Gengar|Sludge Wave|p1b: Mags|[spread] p1a\n|-activate|p1b: Mags|move: Protect\n|-immune|p2a: Gholdengo\n|debug|Spread modifier: 0.75\n|-damage|p1a: Floots|130/251\n|move|p2a: Gholdengo|Make It Rain|p1b: Mags|[spread] p1a\n|-activate|p1b: Mags|move: Protect\n|debug|Spread modifier: 0.75\n|-supereffective|p1a: Floots\n|-damage|p1a: Floots|0 fnt\n|-unboost|p2a: Gholdengo|spa|1\n|faint|p1a: Floots\n|-ability|p1b: Mags|Soul-Heart|boost\n|-boost|p1b: Mags|spa|1\n|-end|p1a: Floots|Protosynthesis|[silent]\n|-damage|p2a: Gholdengo|168/316|[from] item: Life Orb\n|\n|-weather|SunnyDay|[upkeep]\n|upkeep\n|turn|13\n|\n|t:|1779154701\n|switch|p2b: Blastoise|Blastoise|362/362\n|move|p2a: Gholdengo|Nasty Plot|p2a: Gholdengo\n|-boost|p2a: Gholdengo|spa|2\n|move|p1b: Mags|Dazzling Gleam|p2a: Gholdengo|[spread] p2a,p2b\n|debug|Spread modifier: 0.75\n|-resisted|p2a: Gholdengo\n|debug|Spread modifier: 0.75\n|-damage|p2a: Gholdengo|32/316\n|-damage|p2b: Blastoise|146/362\n|\n|-weather|SunnyDay|[upkeep]\n|-heal|p2b: Blastoise|168/362|[from] item: Leftovers\n|upkeep\n|turn|14\n|\n|t:|1779154750\n|move|p2b: Blastoise|Fake Out|p1b: Mags\n|-resisted|p1b: Mags\n|-damage|p1b: Mags|357/364\n|move|p2a: Gholdengo|Make It Rain|p1b: Mags\n|-damage|p1b: Mags|0 fnt\n|-unboost|p2a: Gholdengo|spa|1\n|faint|p1b: Mags\n|-damage|p2a: Gholdengo|1/316|[from] item: Life Orb\n|\n|win|Smokeydabearrr\n|c|☆mistermoscow|gg\n|c|☆Smokeydabearrr|Gg\n","uploadtime":1779154779,"views":"27","formatid":"gen9doublescustomgame","rating":null,"private":0,"password":null}