{"id":"gen9doublescustomgame-2297045544","format":"[Gen 9] Doubles Custom Game","players":["mistermoscow","je64"],"log":"|j|☆mistermoscow\n|j|☆je64\n|t:|1739051334\n|gametype|doubles\n|player|p1|mistermoscow|alder|\n|player|p2|je64|102|\n|teamsize|p1|6\n|teamsize|p2|6\n|gen|9\n|tier|[Gen 9] Doubles Custom Game\n|clearpoke\n|poke|p1|Primeape, M|\n|poke|p1|Dewgong, M|\n|poke|p1|Gengar, M|\n|poke|p1|Mr. Mime, F|\n|poke|p1|Jolteon, M|\n|poke|p1|Dragonite, M|\n|poke|p2|Dugtrio, F|\n|poke|p2|Dewgong, M|\n|poke|p2|Exeggutor, F|\n|poke|p2|Electabuzz, M|\n|poke|p2|Magmar, M|\n|poke|p2|Venomoth, F|\n|teampreview\n|j| Mattmandaman\n|\n|t:|1739051386\n|start\n|switch|p1a: Puff Daddy|Dragonite, M|355/355\n|switch|p1b: Mrs. Mr. Mime|Mr. Mime, F|284/284\n|switch|p2a: Shai-Hulud|Dugtrio, F|212/212\n|switch|p2b: Myagmar|Magmar, M|334/334\n|turn|1\n|j| noli_cannoli10\n|\n|t:|1739051447\n|move|p1b: Mrs. Mr. Mime|Fake Out|p2a: Shai-Hulud\n|-damage|p2a: Shai-Hulud|184/212\n|cant|p2a: Shai-Hulud|flinch\n|move|p1a: Puff Daddy|Tailwind|p1a: Puff Daddy\n|-sidestart|p1: mistermoscow|move: Tailwind\n|move|p2b: Myagmar|Will-O-Wisp|p1a: Puff Daddy|[miss]\n|-miss|p2b: Myagmar|p1a: Puff Daddy\n|\n|upkeep\n|turn|2\n|\n|t:|1739051467\n|switch|p2a: Dude Thong|Dewgong, M|384/384\n|move|p1b: Mrs. Mr. Mime|Follow Me|p1b: Mrs. Mr. Mime\n|-singleturn|p1b: Mrs. Mr. Mime|move: Follow Me\n|move|p1a: Puff Daddy|Dragon Claw|p2a: Dude Thong\n|-damage|p2a: Dude Thong|240/384\n|move|p2b: Myagmar|Will-O-Wisp|p1b: Mrs. Mr. Mime|[miss]\n|debug|Follow Me redirected target of move\n|-miss|p2b: Myagmar|p1b: Mrs. Mr. Mime\n|\n|upkeep\n|turn|3\n|\n|t:|1739051508\n|switch|p1a: Dewey|Dewgong, M|321/321\n|switch|p1b: Sparky|Jolteon, M|271/271\n|move|p2a: Dude Thong|Fake Out|p1b: Sparky\n|-damage|p1b: Sparky|236/271\n|move|p2b: Myagmar|Will-O-Wisp|p1a: Dewey\n|-status|p1a: Dewey|brn\n|\n|-damage|p1a: Dewey|301/321 brn|[from] brn\n|-status|p1b: Sparky|brn|[from] item: Flame Orb\n|upkeep\n|turn|4\n|\n|t:|1739051558\n|switch|p2a: Buzz Lightyear|Electabuzz, M|334/334\n|move|p1b: Sparky|Electroweb|p2a: Buzz Lightyear|[spread] p2a,p2b\n|debug|Spread modifier: 0.75\n|-resisted|p2a: Buzz Lightyear\n|debug|Spread modifier: 0.75\n|-damage|p2a: Buzz Lightyear|311/334\n|-damage|p2b: Myagmar|286/334\n|-unboost|p2a: Buzz Lightyear|spe|1\n|-unboost|p2b: Myagmar|spe|1\n|move|p1a: Dewey|Knock Off|p2b: Myagmar\n|-damage|p2b: Myagmar|267/334\n|-enditem|p2b: Myagmar|Eviolite|[from] move: Knock Off|[of] p1a: Dewey\n|move|p2b: Myagmar|Sunny Day|p2b: Myagmar\n|-weather|SunnyDay\n|\n|-weather|SunnyDay|[upkeep]\n|-heal|p1a: Dewey|321/321 brn|[from] item: Leftovers\n|-damage|p1b: Sparky|220/271 brn|[from] brn\n|-damage|p1a: Dewey|301/321 brn|[from] brn\n|-sideend|p1: mistermoscow|move: Tailwind\n|upkeep\n|turn|5\n|\n|t:|1739051626\n|switch|p1a: Mrs. Mr. Mime|Mr. Mime, F|284/284\n|move|p1b: Sparky|Volt Switch|p2b: Myagmar\n|-damage|p2b: Myagmar|150/334\n|\n|t:|1739051631\n|switch|p1b: Dewey|Dewgong, M|301/321 brn|[from] Volt Switch\n|move|p2a: Buzz Lightyear|Volt Switch|p1a: Mrs. Mr. Mime\n|-damage|p1a: Mrs. Mr. Mime|215/284\n|\n|t:|1739051659\n|switch|p2a: San Ti Ren 三体人|Exeggutor, F|332/332|[from] Volt Switch\n|move|p2b: Myagmar|Overheat|p1b: Dewey\n|debug|Thick Fat weaken\n|debug|Sunny Day fire boost\n|-damage|p1b: Dewey|201/321 brn\n|-unboost|p2b: Myagmar|spa|2\n|\n|-weather|SunnyDay|[upkeep]\n|-heal|p1b: Dewey|221/321 brn|[from] item: Leftovers\n|-damage|p1b: Dewey|201/321 brn|[from] brn\n|upkeep\n|turn|6\n|\n|t:|1739051708\n|switch|p1b: Gang Gang|Gengar, M|261/261\n|switch|p2b: Dude Thong|Dewgong, M|240/384\n|move|p2a: San Ti Ren 三体人|Sleep Powder|p1a: Mrs. Mr. Mime\n|-status|p1a: Mrs. Mr. Mime|slp|[from] move: Sleep Powder\n|cant|p1a: Mrs. Mr. Mime|slp\n|\n|-weather|SunnyDay|[upkeep]\n|upkeep\n|turn|7\n|\n|t:|1739051737\n|cant|p1a: Mrs. Mr. Mime|slp\n|move|p2a: San Ti Ren 三体人|Psychic|p1b: Gang Gang\n|-supereffective|p1b: Gang Gang\n|-enditem|p1b: Gang Gang|Focus Sash\n|-damage|p1b: Gang Gang|1/261\n|move|p1b: Gang Gang|Icy Wind|p2a: San Ti Ren 三体人|[spread] p2a,p2b\n|debug|Spread modifier: 0.75\n|-supereffective|p2a: San Ti Ren 三体人\n|debug|Thick Fat weaken\n|debug|Spread modifier: 0.75\n|-resisted|p2b: Dude Thong\n|-damage|p2a: San Ti Ren 三体人|214/332\n|-damage|p2b: Dude Thong|236/384\n|-unboost|p2a: San Ti Ren 三体人|spe|1\n|-unboost|p2b: Dude Thong|spe|1\n|move|p2b: Dude Thong|Knock Off|p1a: Mrs. Mr. Mime\n|-crit|p1a: Mrs. Mr. Mime\n|-damage|p1a: Mrs. Mr. Mime|136/284 slp\n|-enditem|p1a: Mrs. Mr. Mime|Mental Herb|[from] move: Knock Off|[of] p2b: Dude Thong\n|\n|-weather|SunnyDay|[upkeep]\n|upkeep\n|turn|8\n|\n|t:|1739051770\n|switch|p2a: Buzz Lightyear|Electabuzz, M|311/334\n|-curestatus|p1a: Mrs. Mr. Mime|slp|[msg]\n|move|p1a: Mrs. Mr. Mime|Follow Me|p1a: Mrs. Mr. Mime\n|-singleturn|p1a: Mrs. Mr. Mime|move: Follow Me\n|move|p1b: Gang Gang|Shadow Ball|p2a: Buzz Lightyear\n|-damage|p2a: Buzz Lightyear|203/334\n|move|p2b: Dude Thong|Flip Turn|p1a: Mrs. Mr. Mime\n|debug|Follow Me redirected target of move\n|debug|Sunny Day water suppress\n|-damage|p1a: Mrs. Mr. Mime|112/284\n|\n|t:|1739051819\n|switch|p2b: Shai-Hulud|Dugtrio, F|184/212|[from] Flip Turn\n|\n|-weather|none\n|upkeep\n|debug|natural status immunity\n|turn|9\n|\n|t:|1739051869\n|switch|p1b: Puff Daddy|Dragonite, M|355/355\n|move|p1a: Mrs. Mr. Mime|Follow Me|p1a: Mrs. Mr. Mime\n|-singleturn|p1a: Mrs. Mr. Mime|move: Follow Me\n|move|p2b: Shai-Hulud|Dig||[still]\n|-prepare|p2b: Shai-Hulud|Dig\n|move|p2a: Buzz Lightyear|Electroweb|p1a: Mrs. Mr. Mime|[spread] p1a,p1b\n|debug|Spread modifier: 0.75\n|debug|Spread modifier: 0.75\n|-damage|p1a: Mrs. Mr. Mime|73/284\n|-damage|p1b: Puff Daddy|307/355\n|-unboost|p1a: Mrs. Mr. Mime|spe|1\n|debug|move failed because it did nothing\n|\n|upkeep\n|turn|10\n|\n|t:|1739051902\n|move|p2a: Buzz Lightyear|Feint|p1a: Mrs. Mr. Mime\n|-damage|p1a: Mrs. Mr. Mime|55/284\n|move|p1a: Mrs. Mr. Mime|Follow Me|p1a: Mrs. Mr. Mime\n|-singleturn|p1a: Mrs. Mr. Mime|move: Follow Me\n|move|p2b: Shai-Hulud|Dig|p1a: Mrs. Mr. Mime|[from] lockedmove\n|debug|Follow Me redirected target of move\n|-damage|p1a: Mrs. Mr. Mime|0 fnt\n|faint|p1a: Mrs. Mr. Mime\n|move|p1b: Puff Daddy|Tailwind|p1b: Puff Daddy\n|-sidestart|p1: mistermoscow|move: Tailwind\n|\n|upkeep\n|\n|t:|1739051920\n|switch|p1a: Gang Gang|Gengar, M|1/261\n|debug|natural status immunity\n|turn|11\n|\n|t:|1739051936\n|move|p2a: Buzz Lightyear|Follow Me|p2a: Buzz Lightyear\n|-singleturn|p2a: Buzz Lightyear|move: Follow Me\n|move|p1a: Gang Gang|Sunny Day|p1a: Gang Gang\n|-weather|SunnyDay\n|move|p1b: Puff Daddy|Dragon Claw|p2a: Buzz Lightyear\n|debug|Follow Me redirected target of move\n|-damage|p2a: Buzz Lightyear|83/334\n|move|p2b: Shai-Hulud|Swords Dance|p2b: Shai-Hulud\n|-boost|p2b: Shai-Hulud|atk|2\n|\n|-weather|SunnyDay|[upkeep]\n|upkeep\n|debug|natural status immunity\n|turn|12\n|\n|t:|1739051964\n|move|p2b: Shai-Hulud|Protect|p2b: Shai-Hulud\n|-singleturn|p2b: Shai-Hulud|Protect\n|move|p1a: Gang Gang|Icy Wind|p2a: Buzz Lightyear|[spread] p2a\n|-activate|p2b: Shai-Hulud|move: Protect\n|debug|Spread modifier: 0.75\n|-damage|p2a: Buzz Lightyear|49/334\n|-unboost|p2a: Buzz Lightyear|spe|1\n|move|p1b: Puff Daddy|Dragon Claw|p2a: Buzz Lightyear\n|-damage|p2a: Buzz Lightyear|0 fnt\n|faint|p2a: Buzz Lightyear\n|\n|-weather|SunnyDay|[upkeep]\n|upkeep\n|\n|t:|1739051986\n|switch|p2a: San Ti Ren 三体人|Exeggutor, F|214/332\n|debug|natural status immunity\n|turn|13\n|\n|t:|1739052014\n|move|p2b: Shai-Hulud|Sucker Punch|p1a: Gang Gang\n|-supereffective|p1a: Gang Gang\n|-damage|p1a: Gang Gang|0 fnt\n|faint|p1a: Gang Gang\n|move|p2a: San Ti Ren 三体人|Sleep Powder|p1b: Puff Daddy\n|-status|p1b: Puff Daddy|slp|[from] move: Sleep Powder\n|cant|p1b: Puff Daddy|slp\n|\n|-weather|SunnyDay|[upkeep]\n|-sideend|p1: mistermoscow|move: Tailwind\n|upkeep\n|\n|t:|1739052033\n|switch|p1a: Sparky|Jolteon, M|220/271 brn\n|turn|14\n|\n|t:|1739052048\n|switch|p1b: Dewey|Dewgong, M|201/321 brn\n|move|p1a: Sparky|Shadow Ball|p2a: San Ti Ren 三体人\n|-supereffective|p2a: San Ti Ren 三体人\n|-damage|p2a: San Ti Ren 三体人|0 fnt\n|faint|p2a: San Ti Ren 三体人\n|move|p2b: Shai-Hulud|Swords Dance|p2b: Shai-Hulud\n|-boost|p2b: Shai-Hulud|atk|2\n|\n|-weather|SunnyDay|[upkeep]\n|-heal|p1b: Dewey|221/321 brn|[from] item: Leftovers\n|-damage|p1a: Sparky|204/271 brn|[from] brn\n|-damage|p1b: Dewey|201/321 brn|[from] brn\n|upkeep\n|\n|t:|1739052070\n|switch|p2a: Venomoth|Venomoth, F|281/281\n|turn|15\n|\n|t:|1739052093\n|move|p2b: Shai-Hulud|Protect|p2b: Shai-Hulud\n|-singleturn|p2b: Shai-Hulud|Protect\n|move|p1a: Sparky|Volt Switch|p2a: Venomoth\n|-damage|p2a: Venomoth|121/281\n|\n|t:|1739052102\n|switch|p1a: Apollo|Primeape, M|271/271|[from] Volt Switch\n|move|p2a: Venomoth|Quiver Dance|p2a: Venomoth\n|-boost|p2a: Venomoth|spa|1\n|-boost|p2a: Venomoth|spd|1\n|-boost|p2a: Venomoth|spe|1\n|move|p1b: Dewey|Frost Breath|p1a: Apollo\n|-crit|p1a: Apollo\n|-damage|p1a: Apollo|207/271\n|-setboost|p1a: Apollo|atk|6|[from] ability: Anger Point\n|\n|-weather|none\n|-heal|p1b: Dewey|221/321 brn|[from] item: Leftovers\n|-damage|p1b: Dewey|201/321 brn|[from] brn\n|upkeep\n|turn|16\n|\n|t:|1739052150\n|move|p2a: Venomoth|Bug Buzz|p1b: Dewey\n|-damage|p1b: Dewey|2/321 brn\n|-enditem|p2a: Venomoth|Throat Spray\n|-boost|p2a: Venomoth|spa|1|[from] item: Throat Spray\n|move|p2b: Shai-Hulud|Dig||[still]\n|-prepare|p2b: Shai-Hulud|Dig\n|move|p1a: Apollo|Earthquake|p2b: Shai-Hulud|[spread] p1b,p2a,p2b\n|debug|Spread modifier: 0.75\n|debug|Spread modifier: 0.75\n|debug|Spread modifier: 0.75\n|-damage|p1b: Dewey|0 fnt\n|-damage|p2a: Venomoth|0 fnt\n|-damage|p2b: Shai-Hulud|0 fnt\n|faint|p1b: Dewey\n|faint|p2a: Venomoth\n|faint|p2b: Shai-Hulud\n|\n|upkeep\n|\n|t:|1739052165\n|switch|p2b: Dude Thong|Dewgong, M|236/384\n|switch|p2a: Myagmar|Magmar, M|150/334\n|switch|p1b: Sparky|Jolteon, M|204/271 brn\n|turn|17\n|\n|t:|1739052239\n|move|p2b: Dude Thong|Fake Out|p1a: Apollo\n|-damage|p1a: Apollo|181/271\n|move|p1b: Sparky|Electroweb|p2a: Myagmar|[spread] p2a,p2b\n|debug|Spread modifier: 0.75\n|debug|Spread modifier: 0.75\n|-supereffective|p2b: Dude Thong\n|-damage|p2a: Myagmar|72/334\n|-damage|p2b: Dude Thong|128/384\n|-unboost|p2a: Myagmar|spe|1\n|-unboost|p2b: Dude Thong|spe|1\n|cant|p1a: Apollo|flinch\n|move|p2a: Myagmar|Overheat|p1a: Apollo\n|-damage|p1a: Apollo|48/271\n|-unboost|p2a: Myagmar|spa|2\n|\n|-damage|p1b: Sparky|188/271 brn|[from] brn\n|upkeep\n|turn|18\n|\n|t:|1739052265\n|move|p1b: Sparky|Electroweb|p2b: Dude Thong|[spread] p2a,p2b\n|debug|Spread modifier: 0.75\n|debug|Spread modifier: 0.75\n|-supereffective|p2b: Dude Thong\n|-damage|p2a: Myagmar|0 fnt\n|-damage|p2b: Dude Thong|24/384\n|-unboost|p2b: Dude Thong|spe|1\n|faint|p2a: Myagmar\n|move|p1a: Apollo|Earthquake|p2b: Dude Thong|[spread] p1b,p2b\n|debug|Spread modifier: 0.75\n|-supereffective|p1b: Sparky\n|debug|Spread modifier: 0.75\n|-damage|p1b: Sparky|0 fnt\n|-damage|p2b: Dude Thong|0 fnt\n|faint|p1b: Sparky\n|faint|p2b: Dude Thong\n|\n|win|mistermoscow\n","uploadtime":1739052278,"views":"10","formatid":"gen9doublescustomgame","rating":null,"private":0,"password":null}