{"id":"gen9doublescustomgame-2350156480","format":"[Gen 9] Doubles Custom Game","players":["Mango Meloetta","mistermoscow"],"log":"|j|☆Mango Meloetta\n|j|☆mistermoscow\n|t:|1745544000\n|gametype|doubles\n|player|p1|Mango Meloetta|li|\n|player|p2|mistermoscow|alder|\n|teamsize|p1|6\n|teamsize|p2|6\n|gen|9\n|tier|[Gen 9] Doubles Custom Game\n|clearpoke\n|poke|p1|Electabuzz, M|\n|poke|p1|Arcanine, M|\n|poke|p1|Weezing, F|\n|poke|p1|Snorlax, F|\n|poke|p1|Persian, M|\n|poke|p1|Parasect, M|\n|poke|p2|Nidoking, M|\n|poke|p2|Dugtrio, M|\n|poke|p2|Exeggutor, M|\n|poke|p2|Mr. Mime, M|\n|poke|p2|Jolteon, M|\n|poke|p2|Flareon, F|\n|teampreview\n|\n|t:|1745544028\n|start\n|switch|p1a: Persian|Persian, M|272/272\n|switch|p1b: Parasect|Parasect, M|324/324\n|switch|p2a: Mimsy|Mr. Mime, M|284/284\n|switch|p2b: Sparky|Jolteon, M|271/271\n|turn|1\n|\n|t:|1745544058\n|move|p1a: Persian|Fake Out|p2b: Sparky\n|debug|Base Power: 40\n|debug|Technician boost\n|-damage|p2b: Sparky|168/271\n|move|p2a: Mimsy|Fake Out|p1b: Parasect\n|-damage|p1b: Parasect|308/324\n|cant|p2b: Sparky|flinch\n|cant|p1b: Parasect|flinch\n|\n|-heal|p1b: Parasect|324/324|[from] item: Leftovers\n|upkeep\n|turn|2\n|\n|t:|1745544081\n|move|p1a: Persian|U-turn|p2a: Mimsy\n|debug|Base Power: 70\n|-damage|p2a: Mimsy|236/284\n|\n|t:|1745544086\n|switch|p1a: Electabuzz|Electabuzz, M|334/334|[from] U-turn\n|move|p2b: Sparky|Sunny Day|p2b: Sparky\n|-weather|SunnyDay\n|move|p2a: Mimsy|Psychic Terrain|p2a: Mimsy\n|-fieldstart|move: Psychic Terrain\n|move|p1b: Parasect|Leech Seed|p2b: Sparky\n|-start|p2b: Sparky|move: Leech Seed\n|\n|-weather|SunnyDay|[upkeep]\n|-damage|p2b: Sparky|135/271|[from] Leech Seed|[of] p1b: Parasect\n|upkeep\n|turn|3\n|\n|t:|1745544123\n|switch|p2b: King Nido|Nidoking, M|303/303\n|move|p1a: Electabuzz|Light Screen|p1a: Electabuzz\n|-sidestart|p1: Mango Meloetta|move: Light Screen\n|move|p2a: Mimsy|Expanding Force|p1b: Parasect|[spread] p1a,p1b\n|debug|psychic terrain boost\n|debug|terrain buff\n|debug|Spread modifier: 0.75\n|debug|Light Screen weaken\n|debug|psychic terrain boost\n|debug|terrain buff\n|debug|Spread modifier: 0.75\n|debug|Light Screen weaken\n|-damage|p1a: Electabuzz|261/334\n|-damage|p1b: Parasect|242/324\n|move|p1b: Parasect|Spore|p2a: Mimsy\n|-status|p2a: Mimsy|slp|[from] move: Spore\n|\n|-weather|SunnyDay|[upkeep]\n|-heal|p1b: Parasect|262/324|[from] item: Leftovers\n|upkeep\n|turn|4\n|\n|t:|1745544141\n|move|p1a: Electabuzz|Follow Me|p1a: Electabuzz\n|-singleturn|p1a: Electabuzz|move: Follow Me\n|cant|p2a: Mimsy|slp\n|move|p2b: King Nido|Flamethrower|p1a: Electabuzz\n|debug|Follow Me redirected target of move\n|debug|Sunny Day fire boost\n|debug|Light Screen weaken\n|-damage|p1a: Electabuzz|181/334\n|move|p1b: Parasect|Spore|p2b: King Nido\n|-status|p2b: King Nido|slp|[from] move: Spore\n|\n|-weather|SunnyDay|[upkeep]\n|-heal|p1b: Parasect|282/324|[from] item: Leftovers\n|upkeep\n|turn|5\n|\n|t:|1745544169\n|switch|p2b: The Big Dees|Dugtrio, M|211/211\n|switch|p1a: Snorlax|Snorlax, F|524/524\n|switch|p2a: Eggman|Exeggutor, M|332/332\n|switch|p1b: Persian|Persian, M|272/272\n|\n|-weather|SunnyDay|[upkeep]\n|upkeep\n|turn|6\n|\n|t:|1745544194\n|move|p1b: Persian|Fake Out|p2a: Eggman\n|-activate|p2a: Eggman|move: Psychic Terrain\n|move|p2a: Eggman|Expanding Force|p1b: Persian|[spread] p1a,p1b\n|debug|psychic terrain boost\n|debug|terrain buff\n|debug|Spread modifier: 0.75\n|debug|Light Screen weaken\n|debug|psychic terrain boost\n|debug|terrain buff\n|debug|Spread modifier: 0.75\n|debug|Light Screen weaken\n|-damage|p1a: Snorlax|375/524\n|-damage|p1b: Persian|12/272\n|-damage|p2a: Eggman|299/332|[from] item: Life Orb\n|move|p2b: The Big Dees|Rock Slide|p1a: Snorlax|[spread] p1b\n|-miss|p2b: The Big Dees|p1a: Snorlax\n|debug|Spread modifier: 0.75\n|-damage|p1b: Persian|0 fnt\n|faint|p1b: Persian\n|move|p1a: Snorlax|Belly Drum|p1a: Snorlax\n|-damage|p1a: Snorlax|113/524\n|-setboost|p1a: Snorlax|atk|6|[from] move: Belly Drum\n|-enditem|p1a: Snorlax|Figy Berry|[eat]\n|-heal|p1a: Snorlax|287/524|[from] item: Figy Berry\n|\n|-weather|SunnyDay|[upkeep]\n|upkeep\n|c|☆Mango Meloetta|f lol\n|\n|t:|1745544210\n|switch|p1b: Parasect|Parasect, M|282/324\n|turn|7\n|\n|t:|1745544227\n|move|p2a: Eggman|Expanding Force|p1b: Parasect|[spread] p1a,p1b\n|debug|psychic terrain boost\n|debug|terrain buff\n|debug|Spread modifier: 0.75\n|debug|Light Screen weaken\n|debug|psychic terrain boost\n|debug|terrain buff\n|debug|Spread modifier: 0.75\n|debug|Light Screen weaken\n|-damage|p1a: Snorlax|138/524\n|-damage|p1b: Parasect|112/324\n|-damage|p2a: Eggman|266/332|[from] item: Life Orb\n|move|p2b: The Big Dees|High Horsepower|p1a: Snorlax\n|-damage|p1a: Snorlax|0 fnt\n|faint|p1a: Snorlax\n|move|p1b: Parasect|Leech Seed|p2b: The Big Dees\n|-start|p2b: The Big Dees|move: Leech Seed\n|\n|-weather|SunnyDay|[upkeep]\n|-heal|p1b: Parasect|132/324|[from] item: Leftovers\n|-damage|p2b: The Big Dees|185/211|[from] Leech Seed|[of] p1b: Parasect\n|-heal|p1b: Parasect|158/324|[silent]\n|-sideend|p1: Mango Meloetta|move: Light Screen\n|upkeep\n|\n|t:|1745544243\n|switch|p1a: Arcanine|Arcanine, M|321/321\n|-ability|p1a: Arcanine|Intimidate|boost\n|-unboost|p2a: Eggman|atk|1\n|-unboost|p2b: The Big Dees|atk|1\n|turn|8\n|\n|t:|1745544252\n|move|p2a: Eggman|Expanding Force|p1a: Arcanine|[spread] p1a,p1b\n|debug|psychic terrain boost\n|debug|terrain buff\n|debug|Spread modifier: 0.75\n|debug|psychic terrain boost\n|debug|terrain buff\n|debug|Spread modifier: 0.75\n|-damage|p1a: Arcanine|0 fnt\n|-damage|p1b: Parasect|0 fnt\n|faint|p1a: Arcanine\n|faint|p1b: Parasect\n|-damage|p2a: Eggman|233/332|[from] item: Life Orb\n|move|p2b: The Big Dees|Rock Slide|p1: Arcanine|[notarget]\n|-fail|p2b: The Big Dees\n|\n|-weather|SunnyDay|[upkeep]\n|debug|Nothing to leech into\n|upkeep\n|\n|t:|1745544257\n|switch|p1a: Weezing|Weezing, F|334/334\n|switch|p1b: Electabuzz|Electabuzz, M|181/334\n|turn|9\n|c|☆Mango Meloetta|dangg expanding force is epic lol\n|\n|t:|1745544274\n|move|p2a: Eggman|Expanding Force|p1a: Weezing|[spread] p1a,p1b\n|debug|psychic terrain boost\n|debug|terrain buff\n|debug|Spread modifier: 0.75\n|-supereffective|p1a: Weezing\n|debug|psychic terrain boost\n|debug|terrain buff\n|debug|Spread modifier: 0.75\n|-damage|p1a: Weezing|0 fnt\n|-damage|p1b: Electabuzz|0 fnt\n|faint|p1a: Weezing\n|faint|p1b: Electabuzz\n|-damage|p2a: Eggman|200/332|[from] item: Life Orb\n|\n|win|mistermoscow\n|c|☆mistermoscow|gg\n","uploadtime":1745544283,"views":"13","formatid":"gen9doublescustomgame","rating":null,"private":0,"password":null}