{"id":"gen9doublescustomgame-2294671447","format":"[Gen 9] Doubles Custom Game","players":["mistermoscow","Mango Meloetta"],"log":"|j|☆mistermoscow\n|j|☆Mango Meloetta\n|t:|1738729175\n|gametype|doubles\n|player|p1|mistermoscow|alder|\n|player|p2|Mango Meloetta|li|\n|teamsize|p1|6\n|teamsize|p2|6\n|gen|9\n|tier|[Gen 9] Doubles Custom Game\n|clearpoke\n|poke|p1|Nidoking, M|\n|poke|p1|Gengar, M|\n|poke|p1|Jolteon, M|\n|poke|p1|Victreebel, M|\n|poke|p1|Dewgong, M|\n|poke|p1|Snorlax, M|\n|poke|p2|Snorlax, M|\n|poke|p2|Parasect, M|\n|poke|p2|Persian, M|\n|poke|p2|Drowzee, M|\n|poke|p2|Pinsir, M|\n|poke|p2|Electabuzz, M|\n|teampreview\n|\n|t:|1738729191\n|start\n|switch|p1a: King Nido|Nidoking, M|304/304\n|switch|p1b: Gang Gang|Gengar, M|262/262\n|switch|p2a: Snorlax|Snorlax, M|524/524\n|switch|p2b: Persian|Persian, M|271/271\n|turn|1\n|\n|t:|1738729218\n|move|p2b: Persian|Fake Out|p1a: King Nido\n|-damage|p1a: King Nido|240/304\n|cant|p1a: King Nido|flinch\n|move|p1b: Gang Gang|Will-O-Wisp|p2a: Snorlax\n|-status|p2a: Snorlax|brn\n|move|p2a: Snorlax|Darkest Lariat|p1b: Gang Gang\n|debug|Negating (sp)def boost/penalty.\n|-supereffective|p1b: Gang Gang\n|-damage|p1b: Gang Gang|105/262\n|\n|-damage|p2a: Snorlax|492/524 brn|[from] brn\n|upkeep\n|turn|2\n|\n|t:|1738729238\n|move|p1a: King Nido|Sludge Wave|p2b: Persian|[spread] p1b,p2a,p2b\n|debug|Spread modifier: 0.75\n|-resisted|p1b: Gang Gang\n|debug|Spread modifier: 0.75\n|debug|Spread modifier: 0.75\n|-damage|p1b: Gang Gang|64/262\n|-damage|p2a: Snorlax|371/524 brn\n|-damage|p2b: Persian|63/271\n|move|p1b: Gang Gang|Will-O-Wisp|p2b: Persian\n|-status|p2b: Persian|brn\n|move|p2a: Snorlax|Darkest Lariat|p1b: Gang Gang\n|debug|Negating (sp)def boost/penalty.\n|-supereffective|p1b: Gang Gang\n|-damage|p1b: Gang Gang|0 fnt\n|faint|p1b: Gang Gang\n|move|p2b: Persian|Roar|p1a: King Nido\n|drag|p1a: Victor|Victreebel, M|302/302\n|\n|-damage|p2b: Persian|47/271 brn|[from] brn\n|-damage|p2a: Snorlax|339/524 brn|[from] brn\n|upkeep\n|\n|t:|1738729254\n|switch|p1b: King Nido|Nidoking, M|240/304\n|turn|3\n|\n|t:|1738729280\n|move|p1b: King Nido|Sludge Wave|p2b: Persian|[spread] p1a,p2a,p2b\n|debug|Spread modifier: 0.75\n|debug|Spread modifier: 0.75\n|debug|Spread modifier: 0.75\n|-damage|p1a: Victor|128/302\n|-damage|p2a: Snorlax|209/524 brn\n|-damage|p2b: Persian|0 fnt\n|-enditem|p2a: Snorlax|Aguav Berry|[eat]\n|-heal|p2a: Snorlax|383/524 brn|[from] item: Aguav Berry\n|faint|p2b: Persian\n|move|p1a: Victor|Leaf Blade|p2a: Snorlax\n|-damage|p2a: Snorlax|83/524 brn\n|-damage|p1a: Victor|98/302|[from] item: Life Orb\n|move|p2a: Snorlax|Ice Punch|p1b: King Nido\n|-supereffective|p1b: King Nido\n|-damage|p1b: King Nido|138/304\n|\n|-damage|p2a: Snorlax|51/524 brn|[from] brn\n|upkeep\n|\n|t:|1738729298\n|switch|p2b: Drowzee|Drowzee, M|324/324\n|turn|4\n|\n|t:|1738729311\n|move|p1a: Victor|Sucker Punch|p2b: Drowzee\n|-supereffective|p2b: Drowzee\n|-damage|p2b: Drowzee|0 fnt\n|faint|p2b: Drowzee\n|-damage|p1a: Victor|68/302|[from] item: Life Orb\n|move|p1b: King Nido|Sludge Wave|p2a: Snorlax|[spread] p1a,p2a\n|debug|Spread modifier: 0.75\n|debug|Spread modifier: 0.75\n|-damage|p1a: Victor|0 fnt\n|-damage|p2a: Snorlax|0 fnt\n|faint|p1a: Victor\n|faint|p2a: Snorlax\n|\n|upkeep\n|\n|t:|1738729324\n|switch|p1a: Dewey|Dewgong, M|384/384\n|switch|p2b: Electabuzz|Electabuzz, M|271/271\n|switch|p2a: Pinsir|Pinsir, M|271/271\n|turn|5\n|\n|t:|1738729370\n|move|p1a: Dewey|Fake Out|p2a: Pinsir\n|-damage|p2a: Pinsir|238/271\n|move|p1b: King Nido|Sludge Wave|p2a: Pinsir|[spread] p1a,p2a,p2b\n|debug|Spread modifier: 0.75\n|debug|Spread modifier: 0.75\n|debug|Spread modifier: 0.75\n|-crit|p2b: Electabuzz\n|-damage|p1a: Dewey|239/384\n|-damage|p2a: Pinsir|69/271\n|-damage|p2b: Electabuzz|30/271\n|move|p2b: Electabuzz|Knock Off|p1b: King Nido\n|-damage|p1b: King Nido|36/304\n|-enditem|p1b: King Nido|Choice Scarf|[from] move: Knock Off|[of] p2b: Electabuzz\n|cant|p2a: Pinsir|flinch\n|\n|-heal|p1a: Dewey|263/384|[from] item: Leftovers\n|upkeep\n|turn|6\n|\n|t:|1738729409\n|move|p1a: Dewey|Ice Shard|p2b: Electabuzz\n|-damage|p2b: Electabuzz|0 fnt\n|faint|p2b: Electabuzz\n|move|p2a: Pinsir|Storm Throw|p1a: Dewey\n|-supereffective|p1a: Dewey\n|-crit|p1a: Dewey\n|-damage|p1a: Dewey|0 fnt\n|faint|p1a: Dewey\n|-ability|p2a: Pinsir|Moxie|boost\n|-boost|p2a: Pinsir|atk|1\n|move|p1b: King Nido|Sludge Wave|p2a: Pinsir\n|-damage|p2a: Pinsir|0 fnt\n|faint|p2a: Pinsir\n|\n|upkeep\n|\n|t:|1738729435\n|switch|p2b: Parasect|Parasect, M|324/324\n|switch|p1a: Sparky|Jolteon, M|272/272\n|turn|7\n|\n|t:|1738729454\n|move|p1a: Sparky|Protect|p1a: Sparky\n|-singleturn|p1a: Sparky|Protect\n|move|p1b: King Nido|Sludge Wave|p2b: Parasect|[spread] p2b\n|-activate|p1a: Sparky|move: Protect\n|debug|Spread modifier: 0.75\n|-supereffective|p2b: Parasect\n|-damage|p2b: Parasect|60/324\n|move|p2b: Parasect|Giga Drain|p1b: King Nido\n|-damage|p1b: King Nido|0 fnt\n|-heal|p2b: Parasect|78/324|[from] drain|[of] p1b: King Nido\n|faint|p1b: King Nido\n|\n|-heal|p2b: Parasect|98/324|[from] item: Leftovers\n|upkeep\n|\n|t:|1738729466\n|switch|p1b: Snax|Snorlax, M|462/462\n|turn|8\n|\n|t:|1738729477\n|move|p1a: Sparky|Volt Switch|p2b: Parasect\n|-resisted|p2b: Parasect\n|-damage|p2b: Parasect|47/324\n|move|p1b: Snax|Double-Edge|p2b: Parasect\n|-damage|p2b: Parasect|0 fnt\n|faint|p2b: Parasect\n|-damage|p1b: Snax|446/462|[from] Recoil\n|\n|win|mistermoscow\n|c|☆mistermoscow|gg\n|c|☆Mango Meloetta|ah gg haha\n|c|☆Mango Meloetta|well played\n|c|☆Mango Meloetta|i'll upload this one too\n","uploadtime":1738729490,"views":"20","formatid":"gen9doublescustomgame","rating":null,"private":0,"password":null}