{"id":"gen9doublescustomgame-2254074251","format":"[Gen 9] Doubles Custom Game","players":["je64","smokeydabearrr"],"log":"|j|☆je64\n|j|☆smokeydabearrr\n|t:|1732988048\n|gametype|doubles\n|player|p1|je64|170|\n|player|p2|smokeydabearrr|101|\n|teamsize|p1|6\n|teamsize|p2|6\n|gen|9\n|tier|[Gen 9] Doubles Custom Game\n|clearpoke\n|poke|p1|Scizor, M|\n|poke|p1|Tornadus, M|\n|poke|p1|Ursaluna-Bloodmoon, M|\n|poke|p1|Farigiraf, F|\n|poke|p1|Tapu Fini|\n|poke|p1|Mew|\n|poke|p2|Blastoise, F|\n|poke|p2|Cresselia, F|\n|poke|p2|Dudunsparce-*, F|\n|poke|p2|Garganacl, M|\n|poke|p2|Whimsicott, M|\n|poke|p2|Toxapex, M|\n|teampreview\n|j| Mango Meloetta\n|j| Mattmandaman\n|j| mistermoscow\n|\n|t:|1732988148\n|start\n|switch|p1a: Mew|Mew|404/404\n|switch|p1b: TapuFina kickUrAss|Tapu Fini|344/344\n|switch|p2a: Yurtle the Turtle?|Blastoise, F|362/362\n|switch|p2b: Garganacl|Garganacl, M|404/404\n|-fieldstart|move: Misty Terrain|[from] ability: Misty Surge|[of] p1b: TapuFina kickUrAss\n|turn|1\n|\n|t:|1732988210\n|-terastallize|p2b: Garganacl|Ghost\n|move|p2a: Yurtle the Turtle?|Fake Out|p1b: TapuFina kickUrAss\n|-damage|p1b: TapuFina kickUrAss|318/344\n|move|p1a: Mew|Cosmic Power|p1a: Mew\n|-boost|p1a: Mew|def|1\n|-boost|p1a: Mew|spd|1\n|cant|p1b: TapuFina kickUrAss|flinch\n|move|p2b: Garganacl|Salt Cure|p1a: Mew\n|-damage|p1a: Mew|379/404\n|-start|p1a: Mew|Salt Cure\n|\n|-heal|p1b: TapuFina kickUrAss|339/344|[from] item: Leftovers\n|-damage|p1a: Mew|329/404|[from] Salt Cure\n|upkeep\n|turn|2\n|\n|t:|1732988262\n|switch|p1a: Farigiraf|Farigiraf, F|444/444\n|move|p2a: Yurtle the Turtle?|Follow Me|p2a: Yurtle the Turtle?\n|-singleturn|p2a: Yurtle the Turtle?|move: Follow Me\n|move|p1b: TapuFina kickUrAss|Nature's Madness|p2a: Yurtle the Turtle?|[miss]\n|debug|Follow Me redirected target of move\n|-miss|p1b: TapuFina kickUrAss|p2a: Yurtle the Turtle?\n|move|p2b: Garganacl|Stealth Rock|p1b: TapuFina kickUrAss\n|-sidestart|p1: je64|move: Stealth Rock\n|\n|-heal|p1b: TapuFina kickUrAss|344/344|[from] item: Leftovers\n|upkeep\n|turn|3\n|\n|t:|1732988344\n|switch|p1b: Yāoguài 妖怪|Ursaluna-Bloodmoon, M|430/430\n|-damage|p1b: Yāoguài 妖怪|404/430|[from] Stealth Rock\n|move|p2a: Yurtle the Turtle?|Follow Me|p2a: Yurtle the Turtle?\n|-singleturn|p2a: Yurtle the Turtle?|move: Follow Me\n|move|p2b: Garganacl|Salt Cure|p1b: Yāoguài 妖怪\n|-resisted|p1b: Yāoguài 妖怪\n|-damage|p1b: Yāoguài 妖怪|385/430\n|-start|p1b: Yāoguài 妖怪|Salt Cure\n|move|p1a: Farigiraf|Trick Room|p1a: Farigiraf\n|-fieldstart|move: Trick Room|[of] p1a: Farigiraf\n|\n|-damage|p1b: Yāoguài 妖怪|332/430|[from] Salt Cure\n|upkeep\n|turn|4\n|\n|t:|1732988396\n|-terastallize|p1b: Yāoguài 妖怪|Normal\n|move|p1a: Farigiraf|Helping Hand|p1b: Yāoguài 妖怪\n|-singleturn|p1b: Yāoguài 妖怪|Helping Hand|[of] p1a: Farigiraf\n|move|p2a: Yurtle the Turtle?|Follow Me|p2a: Yurtle the Turtle?\n|-singleturn|p2a: Yurtle the Turtle?|move: Follow Me\n|move|p2b: Garganacl|Salt Cure|p1a: Farigiraf\n|-damage|p1a: Farigiraf|398/444\n|-start|p1a: Farigiraf|Salt Cure\n|move|p1b: Yāoguài 妖怪|Hyper Voice|p2b: Garganacl|[spread] p2a,p2b\n|debug|Boosting from Helping Hand: 1.5\n|debug|Spread modifier: 0.75\n|debug|Boosting from Helping Hand: 1.5\n|debug|Spread modifier: 0.75\n|-damage|p2a: Yurtle the Turtle?|94/362\n|-damage|p2b: Garganacl|170/404\n|-enditem|p1b: Yāoguài 妖怪|Throat Spray\n|-boost|p1b: Yāoguài 妖怪|spa|1|[from] item: Throat Spray\n|\n|-heal|p2b: Garganacl|195/404|[from] item: Leftovers\n|-damage|p1b: Yāoguài 妖怪|279/430|[from] Salt Cure\n|-damage|p1a: Farigiraf|343/444|[from] Salt Cure\n|upkeep\n|turn|5\n|\n|t:|1732988432\n|switch|p1a: Mew|Mew|329/404\n|-damage|p1a: Mew|279/404|[from] Stealth Rock\n|switch|p2a: Toxapex|Toxapex, M|304/304\n|move|p2b: Garganacl|Protect|p2b: Garganacl\n|-singleturn|p2b: Garganacl|Protect\n|move|p1b: Yāoguài 妖怪|Hyper Voice|p2b: Garganacl|[spread] p2a\n|-activate|p2b: Garganacl|move: Protect\n|debug|Spread modifier: 0.75\n|-damage|p2a: Toxapex|150/304\n|\n|-heal|p2a: Toxapex|169/304|[from] item: Black Sludge\n|-heal|p2b: Garganacl|220/404|[from] item: Leftovers\n|-damage|p1b: Yāoguài 妖怪|226/430|[from] Salt Cure\n|-fieldend|Misty Terrain\n|upkeep\n|turn|6\n|c|☆smokeydabearrr|!dt mind's eye\n|raw|<ul class=\"utilichart\"><li class=\"result\"><span class=\"col namecol\"><a href=\"https://dex.pokemonshowdown.com/abilities/mindseye\">Mind's Eye</a></span> <span class=\"col abilitydesccol\">Fighting, Normal moves hit Ghost. Accuracy can't be lowered, ignores evasiveness.</span> </li><li style=\"clear:both\"></li></ul>\n|raw|<font size=\"1\"><font color=\"#686868\">Gen:</font> 9&nbsp;|&ThickSpace;&#10003; Ignored by Mold Breaker</font>\n\n|\n|t:|1732988523\n|move|p2a: Toxapex|Toxic|p1b: Yāoguài 妖怪\n|-status|p1b: Yāoguài 妖怪|tox\n|move|p2b: Garganacl|Recover|p2b: Garganacl\n|-heal|p2b: Garganacl|404/404\n|move|p1b: Yāoguài 妖怪|Hyper Voice|p2a: Toxapex|[spread] p2a,p2b\n|debug|Spread modifier: 0.75\n|debug|Spread modifier: 0.75\n|-damage|p2a: Toxapex|0 fnt\n|-damage|p2b: Garganacl|172/404\n|faint|p2a: Toxapex\n|move|p1a: Mew|Cosmic Power|p1a: Mew\n|-boost|p1a: Mew|def|1\n|-boost|p1a: Mew|spd|1\n|\n|-heal|p2b: Garganacl|197/404|[from] item: Leftovers\n|-damage|p1b: Yāoguài 妖怪|200/430 tox|[from] psn\n|-damage|p1b: Yāoguài 妖怪|147/430 tox|[from] Salt Cure\n|upkeep\n|c| Mango Meloetta|Yāoguài attack!!\n|\n|t:|1732988678\n|switch|p2a: Yurtle the Turtle?|Blastoise, F|94/362\n|turn|7\n|\n|t:|1732988715\n|move|p2a: Yurtle the Turtle?|Fake Out|p1b: Yāoguài 妖怪\n|-damage|p1b: Yāoguài 妖怪|123/430 tox\n|move|p2b: Garganacl|Salt Cure|p1a: Mew\n|-damage|p1a: Mew|251/404\n|-start|p1a: Mew|Salt Cure\n|cant|p1b: Yāoguài 妖怪|flinch\n|move|p1a: Mew|Cosmic Power|p1a: Mew\n|-boost|p1a: Mew|def|1\n|-boost|p1a: Mew|spd|1\n|\n|-heal|p2b: Garganacl|222/404|[from] item: Leftovers\n|-damage|p1b: Yāoguài 妖怪|71/430 tox|[from] psn\n|-damage|p1b: Yāoguài 妖怪|18/430 tox|[from] Salt Cure\n|-damage|p1a: Mew|201/404|[from] Salt Cure\n|-fieldend|move: Trick Room\n|upkeep\n|turn|8\n|\n|t:|1732988766\n|move|p2b: Garganacl|Protect|p2b: Garganacl\n|-singleturn|p2b: Garganacl|Protect\n|move|p1a: Mew|Soft-Boiled|p1a: Mew\n|-heal|p1a: Mew|403/404\n|move|p2a: Yurtle the Turtle?|Life Dew|p2a: Yurtle the Turtle?|[spread] p2a,p2b\n|-heal|p2a: Yurtle the Turtle?|185/362\n|-heal|p2b: Garganacl|323/404\n|move|p1b: Yāoguài 妖怪|Hyper Voice|p2a: Yurtle the Turtle?|[spread] p2a\n|-activate|p2b: Garganacl|move: Protect\n|debug|Spread modifier: 0.75\n|-damage|p2a: Yurtle the Turtle?|0 fnt\n|faint|p2a: Yurtle the Turtle?\n|\n|-heal|p2b: Garganacl|348/404|[from] item: Leftovers\n|-damage|p1b: Yāoguài 妖怪|0 fnt|[from] psn\n|faint|p1b: Yāoguài 妖怪\n|-damage|p1a: Mew|353/404|[from] Salt Cure\n|upkeep\n|\n|t:|1732988792\n|switch|p2a: Scott Tennerman|Whimsicott, M|261/261\n|switch|p1b: ScytherPunk 2077|Scizor, M|344/344\n|-damage|p1b: ScytherPunk 2077|301/344|[from] Stealth Rock\n|turn|9\n|\n|t:|1732988825\n|detailschange|p1b: ScytherPunk 2077|Scizor-Mega, M\n|-mega|p1b: ScytherPunk 2077|Scizor|Scizorite\n|move|p2a: Scott Tennerman|Encore|p1a: Mew\n|-start|p1a: Mew|Encore\n|move|p1b: ScytherPunk 2077|Bullet Punch|p2a: Scott Tennerman\n|debug|Base Power: 40\n|debug|Technician boost\n|-supereffective|p2a: Scott Tennerman\n|-enditem|p2a: Scott Tennerman|Focus Sash\n|-damage|p2a: Scott Tennerman|1/261\n|move|p1a: Mew|Soft-Boiled|p1a: Mew\n|-heal|p1a: Mew|404/404\n|move|p2b: Garganacl|Salt Cure|p1b: ScytherPunk 2077\n|-damage|p1b: ScytherPunk 2077|265/344\n|-start|p1b: ScytherPunk 2077|Salt Cure\n|\n|-heal|p2b: Garganacl|373/404|[from] item: Leftovers\n|-damage|p1a: Mew|354/404|[from] Salt Cure\n|-damage|p1b: ScytherPunk 2077|179/344|[from] Salt Cure\n|upkeep\n|turn|10\n|\n|t:|1732988896\n|move|p2b: Garganacl|Protect|p2b: Garganacl\n|-singleturn|p2b: Garganacl|Protect\n|move|p2a: Scott Tennerman|Taunt|p1a: Mew\n|-start|p1a: Mew|move: Taunt\n|move|p1b: ScytherPunk 2077|Bullet Punch|p2a: Scott Tennerman\n|debug|Base Power: 40\n|debug|Technician boost\n|-supereffective|p2a: Scott Tennerman\n|-damage|p2a: Scott Tennerman|0 fnt\n|faint|p2a: Scott Tennerman\n|cant|p1a: Mew|move: Taunt|Soft-Boiled\n|\n|-heal|p2b: Garganacl|398/404|[from] item: Leftovers\n|-damage|p1a: Mew|304/404|[from] Salt Cure\n|-damage|p1b: ScytherPunk 2077|93/344|[from] Salt Cure\n|upkeep\n|\n|t:|1732988923\n|switch|p2a: Cresselia|Cresselia, F|444/444\n|turn|11\n|\n|t:|1732988944\n|switch|p1a: Farigiraf|Farigiraf, F|343/444\n|-damage|p1a: Farigiraf|288/444|[from] Stealth Rock\n|move|p2a: Cresselia|Icy Wind|p1b: ScytherPunk 2077|[spread] p1a,p1b\n|debug|Spread modifier: 0.75\n|debug|Spread modifier: 0.75\n|-resisted|p1b: ScytherPunk 2077\n|-damage|p1a: Farigiraf|259/444\n|-damage|p1b: ScytherPunk 2077|81/344\n|-unboost|p1a: Farigiraf|spe|1\n|-unboost|p1b: ScytherPunk 2077|spe|1\n|move|p2b: Garganacl|Salt Cure|p1a: Farigiraf\n|-damage|p1a: Farigiraf|211/444\n|-start|p1a: Farigiraf|Salt Cure\n|-enditem|p1a: Farigiraf|Sitrus Berry|[eat]\n|-heal|p1a: Farigiraf|322/444|[from] item: Sitrus Berry\n|move|p1b: ScytherPunk 2077|Dual Wingbeat|p2b: Garganacl\n|debug|Base Power: 40\n|debug|Technician boost\n|-damage|p2b: Garganacl|327/404\n|debug|Base Power: 40\n|debug|Technician boost\n|-damage|p2b: Garganacl|255/404\n|-hitcount|p2b: Garganacl|2\n|\n|-heal|p2b: Garganacl|280/404|[from] item: Leftovers\n|-damage|p1a: Farigiraf|267/444|[from] Salt Cure\n|-damage|p1b: ScytherPunk 2077|0 fnt|[from] Salt Cure\n|faint|p1b: ScytherPunk 2077\n|upkeep\n|\n|t:|1732988987\n|switch|p1b: Mew|Mew|304/404\n|-damage|p1b: Mew|254/404|[from] Stealth Rock\n|turn|12\n|\n|t:|1732989022\n|move|p1b: Mew|Cosmic Power|p1b: Mew\n|-boost|p1b: Mew|def|1\n|-boost|p1b: Mew|spd|1\n|move|p2a: Cresselia|Lunar Blessing|p2a: Cresselia|[spread] p2a,p2b\n|-heal|p2b: Garganacl|381/404\n|move|p2b: Garganacl|Salt Cure|p1b: Mew\n|-damage|p1b: Mew|229/404\n|-start|p1b: Mew|Salt Cure\n|move|p1a: Farigiraf|Light Screen|p1a: Farigiraf\n|-sidestart|p1: je64|move: Light Screen\n|\n|-heal|p2b: Garganacl|404/404|[from] item: Leftovers\n|-damage|p1b: Mew|179/404|[from] Salt Cure\n|-damage|p1a: Farigiraf|212/444|[from] Salt Cure\n|upkeep\n|turn|13\n|\n|t:|1732989077\n|switch|p1a: TapuFina kickUrAss|Tapu Fini|344/344\n|-damage|p1a: TapuFina kickUrAss|301/344|[from] Stealth Rock\n|-fieldstart|move: Misty Terrain|[from] ability: Misty Surge|[of] p1a: TapuFina kickUrAss\n|move|p1b: Mew|Soft-Boiled|p1b: Mew\n|-heal|p1b: Mew|381/404\n|move|p2a: Cresselia|Calm Mind|p2a: Cresselia\n|-boost|p2a: Cresselia|spa|1\n|-boost|p2a: Cresselia|spd|1\n|move|p2b: Garganacl|Salt Cure|p1b: Mew\n|-damage|p1b: Mew|353/404\n|debug|move failed because it did nothing\n|\n|-heal|p1a: TapuFina kickUrAss|322/344|[from] item: Leftovers\n|-damage|p1b: Mew|303/404|[from] Salt Cure\n|upkeep\n|turn|14\n|j| Noli_cannoli\n|\n|t:|1732989126\n|move|p2b: Garganacl|Protect|p2b: Garganacl\n|-singleturn|p2b: Garganacl|Protect\n|move|p1b: Mew|Cosmic Power|p1b: Mew\n|-boost|p1b: Mew|def|1\n|-boost|p1b: Mew|spd|1\n|move|p1a: TapuFina kickUrAss|Heal Pulse|p1b: Mew\n|-heal|p1b: Mew|404/404\n|move|p2a: Cresselia|Icy Wind|p1b: Mew|[spread] p1a,p1b\n|debug|Spread modifier: 0.75\n|-resisted|p1a: TapuFina kickUrAss\n|debug|Light Screen weaken\n|debug|Spread modifier: 0.75\n|debug|Light Screen weaken\n|-damage|p1a: TapuFina kickUrAss|311/344\n|-damage|p1b: Mew|393/404\n|-unboost|p1a: TapuFina kickUrAss|spe|1\n|-unboost|p1b: Mew|spe|1\n|\n|-heal|p1a: TapuFina kickUrAss|332/344|[from] item: Leftovers\n|-damage|p1b: Mew|343/404|[from] Salt Cure\n|upkeep\n|turn|15\n|\n|t:|1732989161\n|move|p2a: Cresselia|Calm Mind|p2a: Cresselia\n|-boost|p2a: Cresselia|spa|1\n|-boost|p2a: Cresselia|spd|1\n|move|p1b: Mew|Stored Power|p2b: Garganacl\n|debug|BP: 100\n|-damage|p2b: Garganacl|316/404\n|move|p1a: TapuFina kickUrAss|Nature's Madness|p2b: Garganacl\n|-damage|p2b: Garganacl|158/404\n|move|p2b: Garganacl|Salt Cure|p1a: TapuFina kickUrAss\n|-damage|p1a: TapuFina kickUrAss|286/344\n|-start|p1a: TapuFina kickUrAss|Salt Cure\n|\n|-heal|p1a: TapuFina kickUrAss|307/344|[from] item: Leftovers\n|-heal|p2b: Garganacl|183/404|[from] item: Leftovers\n|-damage|p1b: Mew|293/404|[from] Salt Cure\n|-damage|p1a: TapuFina kickUrAss|221/344|[from] Salt Cure\n|upkeep\n|turn|16\n|\n|t:|1732989210\n|move|p2b: Garganacl|Protect|p2b: Garganacl\n|-singleturn|p2b: Garganacl|Protect\n|move|p2a: Cresselia|Icy Wind|p1b: Mew|[spread] p1a,p1b\n|debug|Spread modifier: 0.75\n|-resisted|p1a: TapuFina kickUrAss\n|debug|Light Screen weaken\n|debug|Spread modifier: 0.75\n|debug|Light Screen weaken\n|-damage|p1a: TapuFina kickUrAss|207/344\n|-damage|p1b: Mew|278/404\n|-unboost|p1a: TapuFina kickUrAss|spe|1\n|-unboost|p1b: Mew|spe|1\n|move|p1b: Mew|Cosmic Power|p1b: Mew\n|-boost|p1b: Mew|def|1\n|-boost|p1b: Mew|spd|1\n|move|p1a: TapuFina kickUrAss|Calm Mind|p1a: TapuFina kickUrAss\n|-boost|p1a: TapuFina kickUrAss|spa|1\n|-boost|p1a: TapuFina kickUrAss|spd|1\n|\n|-heal|p2b: Garganacl|208/404|[from] item: Leftovers\n|-heal|p1a: TapuFina kickUrAss|228/344|[from] item: Leftovers\n|-damage|p1b: Mew|228/404|[from] Salt Cure\n|-damage|p1a: TapuFina kickUrAss|142/344|[from] Salt Cure\n|-sideend|p1: je64|move: Light Screen\n|upkeep\n|turn|17\n|\n|t:|1732989254\n|move|p2a: Cresselia|Calm Mind|p2a: Cresselia\n|-boost|p2a: Cresselia|spa|1\n|-boost|p2a: Cresselia|spd|1\n|move|p1b: Mew|Cosmic Power|p1b: Mew\n|-boost|p1b: Mew|def|1\n|-boost|p1b: Mew|spd|1\n|move|p2b: Garganacl|Recover|p2b: Garganacl\n|-heal|p2b: Garganacl|404/404\n|move|p1a: TapuFina kickUrAss|Heal Pulse|p1b: Mew\n|-heal|p1b: Mew|404/404\n|\n|-heal|p1a: TapuFina kickUrAss|163/344|[from] item: Leftovers\n|-damage|p1b: Mew|354/404|[from] Salt Cure\n|-damage|p1a: TapuFina kickUrAss|77/344|[from] Salt Cure\n|-fieldend|Misty Terrain\n|upkeep\n|turn|18\n|\n|t:|1732989346\n|move|p2b: Garganacl|Protect|p2b: Garganacl\n|-singleturn|p2b: Garganacl|Protect\n|move|p2a: Cresselia|Icy Wind|p1b: Mew|[spread] p1a,p1b\n|debug|Spread modifier: 0.75\n|-resisted|p1a: TapuFina kickUrAss\n|debug|Spread modifier: 0.75\n|-damage|p1a: TapuFina kickUrAss|62/344\n|-damage|p1b: Mew|336/404\n|-unboost|p1a: TapuFina kickUrAss|spe|1\n|-unboost|p1b: Mew|spe|1\n|move|p1b: Mew|Cosmic Power|p1b: Mew\n|-boost|p1b: Mew|def|1\n|-boost|p1b: Mew|spd|1\n|move|p1a: TapuFina kickUrAss|Heal Pulse|p1b: Mew\n|-heal|p1b: Mew|404/404\n|\n|-heal|p1a: TapuFina kickUrAss|83/344|[from] item: Leftovers\n|-damage|p1b: Mew|354/404|[from] Salt Cure\n|-damage|p1a: TapuFina kickUrAss|0 fnt|[from] Salt Cure\n|faint|p1a: TapuFina kickUrAss\n|upkeep\n|\n|t:|1732989365\n|switch|p1a: Farigiraf|Farigiraf, F|212/444\n|-damage|p1a: Farigiraf|157/444|[from] Stealth Rock\n|turn|19\n|\n|t:|1732989420\n|move|p1a: Farigiraf|Helping Hand|p1b: Mew\n|-singleturn|p1b: Mew|Helping Hand|[of] p1a: Farigiraf\n|move|p2a: Cresselia|Calm Mind|p2a: Cresselia\n|-boost|p2a: Cresselia|spa|1\n|-boost|p2a: Cresselia|spd|1\n|move|p2b: Garganacl|Salt Cure|p1a: Farigiraf\n|-crit|p1a: Farigiraf\n|-damage|p1a: Farigiraf|87/444\n|-start|p1a: Farigiraf|Salt Cure\n|move|p1b: Mew|Stored Power|p2b: Garganacl\n|debug|BP: 220\n|debug|Boosting from Helping Hand: 1.5\n|-damage|p2b: Garganacl|70/404\n|\n|-heal|p2b: Garganacl|95/404|[from] item: Leftovers\n|-damage|p1a: Farigiraf|32/444|[from] Salt Cure\n|-damage|p1b: Mew|304/404|[from] Salt Cure\n|upkeep\n|turn|20\n|\n|t:|1732989448\n|move|p2b: Garganacl|Protect|p2b: Garganacl\n|-singleturn|p2b: Garganacl|Protect\n|move|p2a: Cresselia|Lunar Blessing|p2a: Cresselia|[spread] p2a,p2b\n|-heal|p2b: Garganacl|196/404\n|move|p1a: Farigiraf|Light Screen|p1a: Farigiraf\n|-sidestart|p1: je64|move: Light Screen\n|move|p1b: Mew|Stored Power|p2b: Garganacl\n|-activate|p2b: Garganacl|move: Protect\n|\n|-heal|p2b: Garganacl|221/404|[from] item: Leftovers\n|-damage|p1a: Farigiraf|0 fnt|[from] Salt Cure\n|faint|p1a: Farigiraf\n|-damage|p1b: Mew|254/404|[from] Salt Cure\n|upkeep\n|\n|t:|1732989461\n|switch|p1a: Tornanus|Tornadus, M|362/362\n|-damage|p1a: Tornanus|272/362|[from] Stealth Rock\n|turn|21\n|l| Noli_cannoli\n|\n|t:|1732989495\n|move|p1a: Tornanus|Bleakwind Storm|p2b: Garganacl|[spread] p2a,p2b\n|debug|Spread modifier: 0.75\n|debug|Spread modifier: 0.75\n|-damage|p2a: Cresselia|417/444\n|-damage|p2b: Garganacl|139/404\n|debug|Covert Cloak prevent secondary\n|-unboost|p2b: Garganacl|spe|1\n|move|p2a: Cresselia|Icy Wind|p1a: Tornanus|[spread] p1a,p1b\n|debug|Spread modifier: 0.75\n|-supereffective|p1a: Tornanus\n|debug|Light Screen weaken\n|debug|Spread modifier: 0.75\n|debug|Light Screen weaken\n|-damage|p1a: Tornanus|155/362\n|-damage|p1b: Mew|242/404\n|debug|Covert Cloak prevent secondary\n|-unboost|p1b: Mew|spe|1\n|move|p1b: Mew|Cosmic Power|p1b: Mew\n|-boost|p1b: Mew|def|1\n|-boost|p1b: Mew|spd|1\n|move|p2b: Garganacl|Recover|p2b: Garganacl\n|-heal|p2b: Garganacl|341/404\n|\n|-heal|p2b: Garganacl|366/404|[from] item: Leftovers\n|-damage|p1b: Mew|192/404|[from] Salt Cure\n|upkeep\n|turn|22\n|\n|t:|1732989525\n|move|p2b: Garganacl|Protect|p2b: Garganacl\n|-singleturn|p2b: Garganacl|Protect\n|move|p1a: Tornanus|Bleakwind Storm|p2a: Cresselia|[spread] p2a\n|-activate|p2b: Garganacl|move: Protect\n|debug|Spread modifier: 0.75\n|-damage|p2a: Cresselia|392/444\n|debug|Covert Cloak prevent secondary\n|move|p2a: Cresselia|Icy Wind|p1b: Mew|[spread] p1a,p1b\n|debug|Spread modifier: 0.75\n|-supereffective|p1a: Tornanus\n|debug|Light Screen weaken\n|debug|Spread modifier: 0.75\n|debug|Light Screen weaken\n|-damage|p1a: Tornanus|34/362\n|-damage|p1b: Mew|180/404\n|debug|Covert Cloak prevent secondary\n|-unboost|p1b: Mew|spe|1\n|move|p1b: Mew|Soft-Boiled|p1b: Mew\n|-heal|p1b: Mew|382/404\n|\n|-heal|p2b: Garganacl|391/404|[from] item: Leftovers\n|-damage|p1b: Mew|332/404|[from] Salt Cure\n|upkeep\n|turn|23\n|\n|t:|1732989637\n|move|p2b: Garganacl|Protect|p2b: Garganacl\n|debug|Success chance: 33%\n|-singleturn|p2b: Garganacl|Protect\n|move|p1a: Tornanus|Bleakwind Storm|p2b: Garganacl|[spread] p2a\n|-activate|p2b: Garganacl|move: Protect\n|debug|Negating (sp)def boost/penalty.\n|debug|Spread modifier: 0.75\n|-crit|p2a: Cresselia\n|-damage|p2a: Cresselia|266/444\n|debug|Covert Cloak prevent secondary\n|move|p2a: Cresselia|Icy Wind|p1b: Mew|[spread] p1a,p1b\n|debug|Spread modifier: 0.75\n|-supereffective|p1a: Tornanus\n|debug|Light Screen weaken\n|debug|Spread modifier: 0.75\n|debug|Light Screen weaken\n|-damage|p1a: Tornanus|0 fnt\n|-damage|p1b: Mew|320/404\n|debug|Covert Cloak prevent secondary\n|-unboost|p1b: Mew|spe|1\n|faint|p1a: Tornanus\n|move|p1b: Mew|Stored Power|p2b: Garganacl\n|-activate|p2b: Garganacl|move: Protect\n|\n|-heal|p2b: Garganacl|404/404|[from] item: Leftovers\n|-damage|p1b: Mew|270/404|[from] Salt Cure\n|upkeep\n|turn|24\n|j| Noli_cannoli\n|\n|t:|1732989674\n|move|p2a: Cresselia|Calm Mind|p2a: Cresselia\n|-boost|p2a: Cresselia|spa|1\n|-boost|p2a: Cresselia|spd|1\n|move|p2b: Garganacl|Recover||[still]\n|-fail|p2b: Garganacl|heal\n|debug|move failed because it did nothing\n|move|p1b: Mew|Stored Power|p2b: Garganacl\n|debug|BP: 260\n|-damage|p2b: Garganacl|134/404\n|\n|-heal|p2b: Garganacl|159/404|[from] item: Leftovers\n|-damage|p1b: Mew|220/404|[from] Salt Cure\n|-sideend|p1: je64|move: Light Screen\n|upkeep\n|turn|25\n|\n|t:|1732989698\n|move|p2b: Garganacl|Protect|p2b: Garganacl\n|-singleturn|p2b: Garganacl|Protect\n|move|p2a: Cresselia|Stored Power|p1b: Mew\n|debug|BP: 220\n|-resisted|p1b: Mew\n|-damage|p1b: Mew|145/404\n|move|p1b: Mew|Soft-Boiled|p1b: Mew\n|-heal|p1b: Mew|347/404\n|\n|-heal|p2b: Garganacl|184/404|[from] item: Leftovers\n|-damage|p1b: Mew|297/404|[from] Salt Cure\n|upkeep\n|turn|26\n|\n|t:|1732989721\n|move|p2a: Cresselia|Calm Mind|p2a: Cresselia\n|-boost|p2a: Cresselia|spa|1\n|-boost|p2a: Cresselia|spd|1\n|move|p2b: Garganacl|Recover|p2b: Garganacl\n|-heal|p2b: Garganacl|386/404\n|move|p1b: Mew|Stored Power|p2b: Garganacl\n|debug|BP: 260\n|-damage|p2b: Garganacl|146/404\n|\n|-heal|p2b: Garganacl|171/404|[from] item: Leftovers\n|-damage|p1b: Mew|247/404|[from] Salt Cure\n|upkeep\n|turn|27\n|\n|t:|1732989742\n|move|p2b: Garganacl|Protect|p2b: Garganacl\n|-singleturn|p2b: Garganacl|Protect\n|move|p2a: Cresselia|Lunar Blessing|p2a: Cresselia|[spread] p2a,p2b\n|-heal|p2a: Cresselia|377/444\n|-heal|p2b: Garganacl|272/404\n|move|p1b: Mew|Stored Power|p2a: Cresselia\n|debug|BP: 260\n|-resisted|p2a: Cresselia\n|-damage|p2a: Cresselia|350/444\n|\n|-heal|p2b: Garganacl|297/404|[from] item: Leftovers\n|-damage|p1b: Mew|197/404|[from] Salt Cure\n|upkeep\n|turn|28\n|\n|t:|1732989766\n|move|p2a: Cresselia|Stored Power|p1b: Mew\n|debug|BP: 260\n|-resisted|p1b: Mew\n|-damage|p1b: Mew|91/404\n|move|p2b: Garganacl|Salt Cure|p1b: Mew\n|-damage|p1b: Mew|82/404\n|debug|move failed because it did nothing\n|move|p1b: Mew|Stored Power|p2b: Garganacl\n|debug|BP: 260\n|-damage|p2b: Garganacl|33/404\n|\n|-heal|p2b: Garganacl|58/404|[from] item: Leftovers\n|-damage|p1b: Mew|32/404|[from] Salt Cure\n|upkeep\n|turn|29\n|\n|t:|1732989791\n|move|p2a: Cresselia|Stored Power|p1b: Mew\n|debug|BP: 260\n|-resisted|p1b: Mew\n|-damage|p1b: Mew|0 fnt\n|faint|p1b: Mew\n|\n|win|smokeydabearrr\n|l| Noli_cannoli\n","uploadtime":1732989829,"views":"36","formatid":"gen9doublescustomgame","rating":null,"private":0,"password":null}