{"id":"gen9doublescustomgame-2290929209","format":"[Gen 9] Doubles Custom Game","players":["mistermoscow","Mattmandaman"],"log":"|j|☆mistermoscow\n|j|☆Mattmandaman\n|t:|1738207303\n|gametype|doubles\n|player|p1|mistermoscow|alder|\n|player|p2|Mattmandaman|giovanni|\n|teamsize|p1|6\n|teamsize|p2|6\n|gen|9\n|tier|[Gen 9] Doubles Custom Game\n|clearpoke\n|poke|p1|Butterfree, F|\n|poke|p1|Fearow, M|\n|poke|p1|Nidoking, M|\n|poke|p1|Poliwrath, M|\n|poke|p1|Gengar, F|\n|poke|p1|Dragonite, M|\n|poke|p2|Machamp, M|\n|poke|p2|Starmie|\n|poke|p2|Chansey, F|\n|poke|p2|Nidoking, M|\n|poke|p2|Gengar, F|\n|poke|p2|Muk, F|\n|teampreview\n|\n|t:|1738207335\n|start\n|switch|p1a: Purple Haze|Butterfree, F|262/262\n|switch|p1b: Gang Gang|Gengar, F|262/262\n|switch|p2a: Starmie|Starmie|262/262\n|switch|p2b: Nidoking|Nidoking, M|304/304\n|turn|1\n|\n|t:|1738207368\n|switch|p1a: Polly|Poliwrath, M|384/384\n|move|p1b: Gang Gang|Protect|p1b: Gang Gang\n|-singleturn|p1b: Gang Gang|Protect\n|move|p2b: Nidoking|Ice Beam|p1a: Polly\n|-resisted|p1a: Polly\n|-damage|p1a: Polly|342/384\n|move|p2a: Starmie|Icy Wind|p1b: Gang Gang|[spread] p1a\n|-activate|p1b: Gang Gang|move: Protect\n|debug|Spread modifier: 0.75\n|-resisted|p1a: Polly\n|-damage|p1a: Polly|327/384\n|-unboost|p1a: Polly|spe|1\n|\n|-heal|p1a: Polly|351/384|[from] item: Leftovers\n|upkeep\n|turn|2\n|\n|t:|1738207402\n|switch|p2b: Muk|Muk, F|414/414\n|move|p1a: Polly|Protect|p1a: Polly\n|-singleturn|p1a: Polly|Protect\n|move|p2a: Starmie|Psychic|p1b: Gang Gang\n|-supereffective|p1b: Gang Gang\n|-enditem|p1b: Gang Gang|Focus Sash\n|-damage|p1b: Gang Gang|1/262\n|-start|p2a: Starmie|Disable|Psychic|[from] ability: Cursed Body|[of] p1b: Gang Gang\n|move|p1b: Gang Gang|Shadow Ball|p2a: Starmie\n|-supereffective|p2a: Starmie\n|-damage|p2a: Starmie|26/262\n|-unboost|p2a: Starmie|spd|1\n|\n|-heal|p1a: Polly|375/384|[from] item: Leftovers\n|upkeep\n|turn|3\n|\n|t:|1738207465\n|switch|p2a: Machamp|Machamp, M|384/384\n|move|p1b: Gang Gang|Protect|p1b: Gang Gang\n|-singleturn|p1b: Gang Gang|Protect\n|move|p2b: Muk|Poison Jab|p1a: Polly\n|-damage|p1a: Polly|225/384\n|move|p1a: Polly|Bulk Up|p1a: Polly\n|-boost|p1a: Polly|atk|1\n|-boost|p1a: Polly|def|1\n|\n|-heal|p1a: Polly|249/384|[from] item: Leftovers\n|upkeep\n|turn|4\n|\n|t:|1738207501\n|switch|p1b: King Nido|Nidoking, M|304/304\n|move|p1a: Polly|Protect|p1a: Polly\n|-singleturn|p1a: Polly|Protect\n|move|p2a: Machamp|Stone Edge|p1b: King Nido\n|-resisted|p1b: King Nido\n|-damage|p1b: King Nido|216/304\n|move|p2b: Muk|Poison Jab|p1a: Polly\n|-activate|p1a: Polly|move: Protect\n|\n|-heal|p1a: Polly|273/384|[from] item: Leftovers\n|upkeep\n|turn|5\n|\n|t:|1738207531\n|switch|p2b: Chansey|Chansey, F|704/704\n|move|p1b: King Nido|Earth Power|p2a: Machamp\n|-damage|p2a: Machamp|179/384\n|move|p2a: Machamp|Dynamic Punch|p1a: Polly\n|debug|Punching Glove boost\n|-damage|p1a: Polly|122/384\n|-start|p1a: Polly|confusion\n|-activate|p1a: Polly|confusion\n|-damage|p1a: Polly|89/384|[from] confusion\n|\n|-heal|p1a: Polly|113/384|[from] item: Leftovers\n|upkeep\n|turn|6\n|\n|t:|1738207586\n|switch|p2b: Gengar|Gengar, F|262/262\n|move|p2a: Machamp|Bullet Punch|p1b: King Nido\n|debug|Punching Glove boost\n|-damage|p1b: King Nido|148/304\n|move|p1b: King Nido|Earth Power|p2a: Machamp\n|-damage|p2a: Machamp|0 fnt\n|faint|p2a: Machamp\n|-activate|p1a: Polly|confusion\n|move|p1a: Polly|Liquidation|p2b: Gengar\n|-damage|p2b: Gengar|37/262\n|-unboost|p2b: Gengar|def|1\n|\n|-heal|p1a: Polly|137/384|[from] item: Leftovers\n|upkeep\n|\n|t:|1738207626\n|switch|p2a: Nidoking|Nidoking, M|304/304\n|turn|7\n|\n|t:|1738207635\n|move|p2a: Nidoking|Earth Power|p1b: King Nido\n|-supereffective|p1b: King Nido\n|-damage|p1b: King Nido|0 fnt\n|faint|p1b: King Nido\n|move|p2b: Gengar|Sludge Bomb|p1a: Polly\n|-damage|p1a: Polly|16/384\n|-end|p1a: Polly|confusion\n|move|p1a: Polly|Liquidation|p2a: Nidoking\n|-supereffective|p2a: Nidoking\n|-damage|p2a: Nidoking|0 fnt\n|faint|p2a: Nidoking\n|\n|-heal|p1a: Polly|40/384|[from] item: Leftovers\n|upkeep\n|\n|t:|1738207657\n|switch|p2a: Muk|Muk, F|414/414\n|switch|p1b: Big Bird|Fearow, M|334/334\n|turn|8\n|\n|t:|1738207716\n|move|p1a: Polly|Protect|p1a: Polly\n|-singleturn|p1a: Polly|Protect\n|move|p2b: Gengar|Sludge Bomb|p1b: Big Bird\n|-damage|p1b: Big Bird|105/334\n|debug|Covert Cloak prevent secondary\n|move|p1b: Big Bird|Drill Peck|p2b: Gengar\n|-damage|p2b: Gengar|0 fnt\n|faint|p2b: Gengar\n|move|p2a: Muk|Poison Jab|p1a: Polly\n|-activate|p1a: Polly|move: Protect\n|\n|-heal|p1a: Polly|64/384|[from] item: Leftovers\n|upkeep\n|\n|t:|1738207726\n|switch|p2b: Starmie|Starmie|26/262\n|turn|9\n|\n|t:|1738207767\n|move|p2b: Starmie|Psychic|p1b: Big Bird\n|-damage|p1b: Big Bird|0 fnt\n|debug|Covert Cloak prevent secondary\n|faint|p1b: Big Bird\n|move|p2a: Muk|Poison Jab|p1a: Polly\n|debug|Negating (sp)def boost/penalty.\n|-crit|p1a: Polly\n|-damage|p1a: Polly|0 fnt\n|faint|p1a: Polly\n|\n|upkeep\n|\n|t:|1738207832\n|switch|p1b: Purple Haze|Butterfree, F|262/262\n|switch|p1a: Puff Daddy|Dragonite, M|323/323\n|turn|10\n|\n|t:|1738207839\n|switch|p2b: Chansey|Chansey, F|704/704\n|move|p1a: Puff Daddy|Extreme Speed|p2b: Chansey\n|-damage|p2b: Chansey|552/704\n|move|p1b: Purple Haze|Sleep Powder|p2a: Muk\n|debug|compoundeyes - enhancing accuracy\n|-status|p2a: Muk|slp|[from] move: Sleep Powder\n|cant|p2a: Muk|slp\n|\n|upkeep\n|turn|11\n|\n|t:|1738207878\n|move|p1a: Puff Daddy|Dragon Claw|p2a: Muk\n|-damage|p2a: Muk|228/414 slp\n|move|p1b: Purple Haze|Sleep Powder|p2b: Chansey\n|debug|compoundeyes - enhancing accuracy\n|-status|p2b: Chansey|slp|[from] move: Sleep Powder\n|cant|p2a: Muk|slp\n|cant|p2b: Chansey|slp\n|\n|-heal|p2a: Muk|253/414 slp|[from] item: Black Sludge\n|upkeep\n|turn|12\n|\n|t:|1738207906\n|move|p1a: Puff Daddy|Dragon Claw|p2a: Muk\n|-damage|p2a: Muk|51/414 slp\n|move|p1b: Purple Haze|Quiver Dance|p1b: Purple Haze\n|-boost|p1b: Purple Haze|spa|1\n|-boost|p1b: Purple Haze|spd|1\n|-boost|p1b: Purple Haze|spe|1\n|cant|p2b: Chansey|slp\n|cant|p2a: Muk|slp\n|\n|-heal|p2a: Muk|76/414 slp|[from] item: Black Sludge\n|upkeep\n|turn|13\n|\n|t:|1738207924\n|-curestatus|p2a: Muk|slp|[msg]\n|move|p2a: Muk|Protect|p2a: Muk\n|-singleturn|p2a: Muk|Protect\n|move|p1b: Purple Haze|Hurricane|p2a: Muk\n|-activate|p2a: Muk|move: Protect\n|move|p1a: Puff Daddy|Dragon Claw|p2b: Chansey\n|-damage|p2b: Chansey|303/704 slp\n|-curestatus|p2b: Chansey|slp|[msg]\n|move|p2b: Chansey|Thunder Wave|p1a: Puff Daddy\n|-status|p1a: Puff Daddy|par\n|\n|-heal|p2a: Muk|101/414|[from] item: Black Sludge\n|upkeep\n|turn|14\n|\n|t:|1738207963\n|move|p1a: Puff Daddy|Extreme Speed|p2a: Muk\n|-damage|p2a: Muk|0 fnt\n|faint|p2a: Muk\n|move|p1b: Purple Haze|Sleep Powder|p2b: Chansey\n|debug|compoundeyes - enhancing accuracy\n|-status|p2b: Chansey|slp|[from] move: Sleep Powder\n|cant|p2b: Chansey|slp\n|\n|upkeep\n|c|☆mistermoscow|tough choice here\n|\n|t:|1738208080\n|switch|p2a: Starmie|Starmie|26/262\n|turn|15\n|c|☆Mattmandaman|showdown crashed\n|c|☆mistermoscow|ooo\n|\n|t:|1738208100\n|move|p2a: Starmie|Icy Wind|p1a: Puff Daddy|[spread] p1a,p1b\n|debug|Spread modifier: 0.75\n|-supereffective|p1a: Puff Daddy\n|debug|Multiscale weaken\n|debug|Spread modifier: 0.75\n|-supereffective|p1b: Purple Haze\n|-damage|p1a: Puff Daddy|243/323 par\n|-damage|p1b: Purple Haze|194/262\n|debug|move failed because it did nothing\n|-unboost|p1b: Purple Haze|spe|1\n|move|p1b: Purple Haze|Sleep Powder|p2a: Starmie\n|debug|compoundeyes - enhancing accuracy\n|-status|p2a: Starmie|slp|[from] move: Sleep Powder\n|-curestatus|p2b: Chansey|slp|[msg]\n|move|p2b: Chansey|Soft-Boiled|p2b: Chansey\n|-heal|p2b: Chansey|655/704\n|move|p1a: Puff Daddy|Dragon Claw|p2b: Chansey\n|-damage|p2b: Chansey|439/704\n|\n|upkeep\n|turn|16\n|\n|t:|1738208120\n|cant|p1a: Puff Daddy|par\n|cant|p2a: Starmie|slp\n|move|p1b: Purple Haze|Quiver Dance|p1b: Purple Haze\n|-boost|p1b: Purple Haze|spa|1\n|-boost|p1b: Purple Haze|spd|1\n|-boost|p1b: Purple Haze|spe|1\n|move|p2b: Chansey|Thunder Wave|p1b: Purple Haze|[miss]\n|-miss|p2b: Chansey|p1b: Purple Haze\n|\n|upkeep\n|turn|17\n|\n|t:|1738208167\n|move|p1a: Puff Daddy|Extreme Speed|p2a: Starmie\n|-damage|p2a: Starmie|0 fnt\n|faint|p2a: Starmie\n|move|p1b: Purple Haze|Hurricane|p2b: Chansey\n|debug|compoundeyes - enhancing accuracy\n|-damage|p2b: Chansey|306/704\n|move|p2b: Chansey|Thunder Wave|p1b: Purple Haze\n|-status|p1b: Purple Haze|par\n|\n|upkeep\n|turn|18\n|\n|t:|1738208179\n|move|p1b: Purple Haze|Sleep Powder|p2b: Chansey\n|debug|compoundeyes - enhancing accuracy\n|-status|p2b: Chansey|slp|[from] move: Sleep Powder\n|cant|p2b: Chansey|slp\n|cant|p1a: Puff Daddy|par\n|\n|upkeep\n|turn|19\n|\n|t:|1738208188\n|move|p1b: Purple Haze|Hurricane|p2b: Chansey\n|debug|compoundeyes - enhancing accuracy\n|-damage|p2b: Chansey|173/704 slp\n|-start|p2b: Chansey|confusion\n|cant|p2b: Chansey|slp\n|move|p1a: Puff Daddy|Dragon Claw|p2b: Chansey\n|-damage|p2b: Chansey|0 fnt\n|faint|p2b: Chansey\n|\n|win|mistermoscow\n|c|☆mistermoscow|yay!\n|c|☆Mattmandaman|gg\n|c|☆mistermoscow|gg\n|c|☆mistermoscow|im finishing a battle with james if you wanna watch\n","uploadtime":1738208281,"views":"12","formatid":"gen9doublescustomgame","rating":null,"private":0,"password":null}