{"id":"gen9doublescustomgame-2363384087","format":"[Gen 9] Doubles Custom Game","players":["mistermoscow","Mattmandaman"],"log":"|j|☆mistermoscow\n|j|☆Mattmandaman\n|t:|1747172488\n|gametype|doubles\n|player|p1|mistermoscow|alder|\n|player|p2|Mattmandaman|giovanni|\n|teamsize|p1|6\n|teamsize|p2|6\n|gen|9\n|tier|[Gen 9] Doubles Custom Game\n|clearpoke\n|poke|p1|Nidoking, M|\n|poke|p1|Clefairy, M|\n|poke|p1|Primeape, M|\n|poke|p1|Dewgong, M|\n|poke|p1|Mr. Mime, M|\n|poke|p1|Jolteon, M|\n|poke|p2|Machamp, F|\n|poke|p2|Starmie|\n|poke|p2|Chansey, F|\n|poke|p2|Nidoking, M|\n|poke|p2|Gengar, F|\n|poke|p2|Muk, F|\n|teampreview\n|\n|t:|1747172562\n|start\n|switch|p1a: Clifford|Clefairy, M|282/282\n|switch|p1b: Mimsy|Mr. Mime, M|222/222\n|switch|p2a: Nidoking|Nidoking, M|304/304\n|switch|p2b: Starmie|Starmie|262/262\n|turn|1\n|\n|t:|1747172584\n|switch|p2b: Chansey|Chansey, F|704/704\n|switch|p1a: King Nido|Nidoking, M|304/304\n|move|p1b: Mimsy|Fake Out|p2a: Nidoking\n|-damage|p2a: Nidoking|282/304\n|cant|p2a: Nidoking|flinch\n|\n|upkeep\n|turn|2\n|\n|t:|1747172607\n|switch|p2a: Starmie|Starmie|262/262\n|switch|p1b: Apollo|Primeape, M|271/271\n|move|p1a: King Nido|Earth Power|p2a: Starmie\n|-damage|p2a: Starmie|132/262\n|move|p2b: Chansey|Thunder Wave|p1b: Apollo\n|-status|p1b: Apollo|par\n|\n|upkeep\n|turn|3\n|\n|t:|1747172634\n|switch|p2b: Gengar|Gengar, F|262/262\n|switch|p1b: Clifford|Clefairy, M|282/282\n|move|p1a: King Nido|Earth Power|p2a: Starmie\n|-damage|p2a: Starmie|0 fnt\n|faint|p2a: Starmie\n|\n|upkeep\n|\n|t:|1747172663\n|switch|p2a: Chansey|Chansey, F|704/704\n|turn|4\n|\n|t:|1747172691\n|switch|p1a: Apollo|Primeape, M|271/271 par\n|switch|p1b: Dewey|Dewgong, M|384/384\n|move|p2b: Gengar|Protect|p2b: Gengar\n|-singleturn|p2b: Gengar|Protect\n|move|p2a: Chansey|Seismic Toss|p1a: Apollo\n|-damage|p1a: Apollo|171/271 par\n|\n|upkeep\n|turn|5\n|\n|t:|1747172711\n|switch|p2a: Muk|Muk, F|414/414\n|move|p2b: Gengar|Psychic|p1a: Apollo\n|-supereffective|p1a: Apollo\n|-damage|p1a: Apollo|3/271 par\n|move|p1b: Dewey|Knock Off|p2b: Gengar\n|-supereffective|p2b: Gengar\n|-damage|p2b: Gengar|28/262\n|-start|p1b: Dewey|Disable|Knock Off|[from] ability: Cursed Body|[of] p2b: Gengar\n|-enditem|p2b: Gengar|Focus Sash|[from] move: Knock Off|[of] p1b: Dewey\n|move|p1a: Apollo|Rage Fist|p2b: Gengar\n|-supereffective|p2b: Gengar\n|-damage|p2b: Gengar|0 fnt\n|faint|p2b: Gengar\n|\n|upkeep\n|\n|t:|1747172721\n|switch|p2b: Machamp|Machamp, F|384/384\n|turn|6\n|\n|t:|1747172748\n|move|p2a: Muk|Shadow Sneak|p1a: Apollo\n|-damage|p1a: Apollo|0 fnt\n|faint|p1a: Apollo\n|move|p1b: Dewey|Flip Turn|p2b: Machamp\n|-damage|p2b: Machamp|296/384\n|\n|t:|1747172764\n|switch|p1b: Clifford|Clefairy, M|282/282|[from] Flip Turn\n|move|p2b: Machamp|Dynamic Punch|p1b: Clifford\n|debug|Punching Glove boost\n|-resisted|p1b: Clifford\n|-damage|p1b: Clifford|207/282\n|-start|p1b: Clifford|confusion\n|\n|upkeep\n|\n|t:|1747172781\n|switch|p1a: Mimsy|Mr. Mime, M|222/222\n|turn|7\n|\n|t:|1747172793\n|switch|p2b: Chansey|Chansey, F|704/704\n|move|p1a: Mimsy|Dazzling Gleam|p2b: Chansey|[spread] p2a,p2b\n|debug|Spread modifier: 0.75\n|-resisted|p2a: Muk\n|debug|Spread modifier: 0.75\n|-damage|p2a: Muk|363/414\n|-damage|p2b: Chansey|649/704\n|move|p2a: Muk|Poison Jab|p1b: Clifford\n|-supereffective|p1b: Clifford\n|-damage|p1b: Clifford|15/282\n|-activate|p1b: Clifford|confusion\n|-damage|p1b: Clifford|2/282|[from] confusion\n|\n|-heal|p2a: Muk|388/414|[from] item: Black Sludge\n|upkeep\n|turn|8\n|\n|t:|1747172825\n|switch|p1a: King Nido|Nidoking, M|304/304\n|move|p2b: Chansey|Seismic Toss|p1a: King Nido\n|-damage|p1a: King Nido|204/304\n|move|p2a: Muk|Poison Jab|p1a: King Nido\n|-resisted|p1a: King Nido\n|debug|Friend Guard weaken\n|-damage|p1a: King Nido|171/304\n|debug|natural status immunity\n|debug|immune to status\n|debug|move failed because it did nothing\n|-activate|p1b: Clifford|confusion\n|-damage|p1b: Clifford|0 fnt|[from] confusion\n|faint|p1b: Clifford\n|\n|-heal|p2a: Muk|413/414|[from] item: Black Sludge\n|upkeep\n|\n|t:|1747172854\n|switch|p1b: Dewey|Dewgong, M|384/384\n|turn|9\n|\n|t:|1747172870\n|move|p2a: Muk|Protect|p2a: Muk\n|-singleturn|p2a: Muk|Protect\n|move|p1a: King Nido|Earth Power|p2a: Muk\n|-activate|p2a: Muk|move: Protect\n|move|p1b: Dewey|Knock Off|p2b: Chansey\n|-damage|p2b: Chansey|528/704\n|-enditem|p2b: Chansey|Eviolite|[from] move: Knock Off|[of] p1b: Dewey\n|move|p2b: Chansey|Thunder Wave|p1b: Dewey\n|-status|p1b: Dewey|par\n|\n|-heal|p2a: Muk|414/414|[from] item: Black Sludge\n|upkeep\n|turn|10\n|\n|t:|1747172898\n|move|p1a: King Nido|Earth Power|p2a: Muk\n|-supereffective|p2a: Muk\n|-damage|p2a: Muk|84/414\n|move|p2a: Muk|Ice Punch|p1a: King Nido\n|-supereffective|p1a: King Nido\n|-damage|p1a: King Nido|0 fnt\n|faint|p1a: King Nido\n|move|p2b: Chansey|Soft-Boiled|p2b: Chansey\n|-heal|p2b: Chansey|704/704\n|move|p1b: Dewey|Flip Turn|p2a: Muk\n|-damage|p2a: Muk|0 fnt\n|faint|p2a: Muk\n|\n|t:|1747172916\n|switch|p1b: Sparky|Jolteon, M|271/271|[from] Flip Turn\n|\n|upkeep\n|\n|t:|1747172928\n|switch|p1a: Dewey|Dewgong, M|384/384 par\n|switch|p2a: Machamp|Machamp, F|296/384\n|turn|11\n|\n|t:|1747172941\n|move|p2a: Machamp|Protect|p2a: Machamp\n|-singleturn|p2a: Machamp|Protect\n|move|p1a: Dewey|Fake Out|p2a: Machamp\n|-activate|p2a: Machamp|move: Protect\n|move|p1b: Sparky|Electroweb|p2b: Chansey|[spread] p2b\n|-activate|p2a: Machamp|move: Protect\n|debug|Spread modifier: 0.75\n|-damage|p2b: Chansey|625/704\n|-unboost|p2b: Chansey|spe|1\n|-damage|p1b: Sparky|244/271|[from] item: Life Orb\n|move|p2b: Chansey|Teleport|p2b: Chansey\n|\n|t:|1747172950\n|switch|p2b: Nidoking|Nidoking, M|282/304|[from] Teleport\n|\n|upkeep\n|turn|12\n|\n|t:|1747172959\n|move|p1b: Sparky|Protect|p1b: Sparky\n|-singleturn|p1b: Sparky|Protect\n|move|p2b: Nidoking|Earth Power|p1b: Sparky\n|-activate|p1b: Sparky|move: Protect\n|move|p2a: Machamp|Dynamic Punch|p1a: Dewey\n|debug|Punching Glove boost\n|-supereffective|p1a: Dewey\n|-damage|p1a: Dewey|0 fnt\n|debug|move failed because it did nothing\n|faint|p1a: Dewey\n|\n|upkeep\n|\n|t:|1747172970\n|switch|p1a: Mimsy|Mr. Mime, M|222/222\n|turn|13\n|\n|t:|1747172981\n|switch|p2b: Chansey|Chansey, F|625/704\n|move|p2a: Machamp|Protect|p2a: Machamp\n|-singleturn|p2a: Machamp|Protect\n|move|p1a: Mimsy|Follow Me|p1a: Mimsy\n|-singleturn|p1a: Mimsy|move: Follow Me\n|move|p1b: Sparky|Hyper Voice|p2a: Machamp|[spread] p2b\n|-activate|p2a: Machamp|move: Protect\n|debug|Spread modifier: 0.75\n|-damage|p2b: Chansey|544/704\n|-damage|p1b: Sparky|217/271|[from] item: Life Orb\n|\n|upkeep\n|turn|14\n|\n|t:|1747172998\n|move|p1a: Mimsy|Helping Hand|p1b: Sparky\n|-singleturn|p1b: Sparky|Helping Hand|[of] p1a: Mimsy\n|move|p2a: Machamp|Bullet Punch|p1a: Mimsy\n|debug|Punching Glove boost\n|-supereffective|p1a: Mimsy\n|debug|Filter neutralize\n|-damage|p1a: Mimsy|134/222\n|move|p1b: Sparky|Hyper Voice|p2b: Chansey|[spread] p2a,p2b\n|debug|Boosting from Helping Hand: 1.5\n|debug|Spread modifier: 0.75\n|debug|Boosting from Helping Hand: 1.5\n|debug|Spread modifier: 0.75\n|-damage|p2a: Machamp|127/384\n|-damage|p2b: Chansey|418/704\n|-damage|p1b: Sparky|190/271|[from] item: Life Orb\n|move|p2b: Chansey|Seismic Toss|p1b: Sparky\n|-damage|p1b: Sparky|90/271\n|\n|upkeep\n|turn|15\n|\n|t:|1747173017\n|move|p1a: Mimsy|Fake Out||[still]\n|-hint|Fake Out only works on your first turn out.\n|-fail|p1a: Mimsy\n|move|p2a: Machamp|Bullet Punch|p1a: Mimsy\n|debug|Punching Glove boost\n|-supereffective|p1a: Mimsy\n|debug|Filter neutralize\n|-damage|p1a: Mimsy|52/222\n|move|p1b: Sparky|Hyper Voice|p2b: Chansey|[spread] p2a,p2b\n|debug|Spread modifier: 0.75\n|debug|Spread modifier: 0.75\n|-damage|p2a: Machamp|10/384\n|-damage|p2b: Chansey|334/704\n|-damage|p1b: Sparky|63/271|[from] item: Life Orb\n|move|p2b: Chansey|Seismic Toss|p1b: Sparky\n|-damage|p1b: Sparky|0 fnt\n|faint|p1b: Sparky\n|\n|upkeep\n|turn|16\n|\n|t:|1747173033\n|move|p1a: Mimsy|Follow Me|p1a: Mimsy\n|-singleturn|p1a: Mimsy|move: Follow Me\n|move|p2a: Machamp|Bullet Punch|p1a: Mimsy\n|debug|Follow Me redirected target of move\n|debug|Punching Glove boost\n|-supereffective|p1a: Mimsy\n|debug|Filter neutralize\n|-damage|p1a: Mimsy|0 fnt\n|faint|p1a: Mimsy\n|\n|win|Mattmandaman\n","uploadtime":1747173047,"views":"13","formatid":"gen9doublescustomgame","rating":null,"private":0,"password":null}