{"id":"gen9doublescustomgame-2316892405","format":"[Gen 9] Doubles Custom Game","players":["mistermoscow","Mango Meloetta"],"log":"|j|☆mistermoscow\n|j|☆Mango Meloetta\n|t:|1741663340\n|gametype|doubles\n|player|p1|mistermoscow|alder|\n|player|p2|Mango Meloetta|li|\n|teamsize|p1|6\n|teamsize|p2|6\n|gen|9\n|tier|[Gen 9] Doubles Custom Game\n|clearpoke\n|poke|p1|Dugtrio, M|\n|poke|p1|Victreebel, M|\n|poke|p1|Exeggutor, M|\n|poke|p1|Mr. Mime, M|\n|poke|p1|Jolteon, M|\n|poke|p1|Flareon, F|\n|poke|p2|Pinsir, F|\n|poke|p2|Poliwrath, M|\n|poke|p2|Electabuzz, F|\n|poke|p2|Golduck, F|\n|poke|p2|Snorlax, M|\n|poke|p2|Weezing, M|\n|teampreview\n|c|☆Mango Meloetta|i didnt upload the first one haha\n|c|☆Mango Meloetta|oh waiat i found it\n|c|☆Mango Meloetta|oh nvm haha\n|c|☆mistermoscow|i did both lol\n|c|☆Mango Meloetta|ahh thank you\n|c|☆mistermoscow|i deleted the one u uploaded haha\n|c|☆Mango Meloetta|perfect haha thanks\n|\n|t:|1741663413\n|start\n|switch|p1a: Eggman|Exeggutor, M|332/332\n|switch|p1b: Sparky|Jolteon, M|271/271\n|switch|p2a: Snorlax|Snorlax, M|524/524\n|switch|p2b: Weezing|Weezing, M|334/334\n|turn|1\n|\n|t:|1741663460\n|move|p2b: Weezing|Protect|p2b: Weezing\n|-singleturn|p2b: Weezing|Protect\n|move|p1b: Sparky|Thunderbolt|p2a: Snorlax\n|-damage|p2a: Snorlax|380/524\n|move|p1a: Eggman|Psychic Terrain|p1a: Eggman\n|-fieldstart|move: Psychic Terrain\n|move|p2a: Snorlax|Ice Punch|p1a: Eggman\n|-supereffective|p1a: Eggman\n|-damage|p1a: Eggman|128/332\n|\n|upkeep\n|turn|2\n|\n|t:|1741663505\n|move|p1b: Sparky|Sunny Day|p1b: Sparky\n|-weather|SunnyDay\n|move|p1a: Eggman|Expanding Force|p2b: Weezing|[spread] p2a,p2b\n|debug|psychic terrain boost\n|debug|terrain buff\n|debug|Spread modifier: 0.75\n|debug|psychic terrain boost\n|debug|terrain buff\n|debug|Spread modifier: 0.75\n|-supereffective|p2b: Weezing\n|-damage|p2a: Snorlax|91/524\n|-damage|p2b: Weezing|0 fnt\n|-enditem|p2a: Snorlax|Aguav Berry|[eat]\n|-heal|p2a: Snorlax|265/524|[from] item: Aguav Berry\n|faint|p2b: Weezing\n|-damage|p1a: Eggman|95/332|[from] item: Life Orb\n|move|p2a: Snorlax|Double-Edge|p1a: Eggman\n|-damage|p1a: Eggman|0 fnt\n|faint|p1a: Eggman\n|-damage|p2a: Snorlax|234/524|[from] Recoil\n|\n|-weather|SunnyDay|[upkeep]\n|upkeep\n|\n|t:|1741663528\n|switch|p1a: Victor|Victreebel, M|302/302\n|switch|p2b: Electabuzz|Electabuzz, F|271/271\n|-item|p2b: Electabuzz|Air Balloon\n|turn|3\n|\n|t:|1741663575\n|switch|p1b: The Big Dees|Dugtrio, M|211/211\n|move|p1a: Victor|Leaf Blade|p2a: Snorlax\n|-damage|p2a: Snorlax|27/524\n|move|p2b: Electabuzz|Psychic|p1a: Victor\n|-supereffective|p1a: Victor\n|-enditem|p1a: Victor|Payapa Berry|[eat]\n|debug|-50% reduction\n|-enditem|p1a: Victor|Payapa Berry|[weaken]\n|-damage|p1a: Victor|185/302\n|move|p2a: Snorlax|Ice Punch|p1a: Victor\n|-supereffective|p1a: Victor\n|-damage|p1a: Victor|0 fnt\n|faint|p1a: Victor\n|\n|-weather|SunnyDay|[upkeep]\n|upkeep\n|\n|t:|1741663601\n|switch|p1a: Mimsy|Mr. Mime, M|284/284\n|turn|4\n|\n|t:|1741663633\n|move|p1a: Mimsy|Fake Out|p2a: Snorlax\n|-activate|p2a: Snorlax|move: Psychic Terrain\n|move|p1b: The Big Dees|High Horsepower|p2b: Electabuzz\n|-immune|p2b: Electabuzz\n|move|p2b: Electabuzz|Volt Switch|p1a: Mimsy\n|-damage|p1a: Mimsy|193/284\n|\n|t:|1741663645\n|switch|p2b: Poliwrath|Poliwrath, M|383/383|[from] Volt Switch\n|move|p2a: Snorlax|Double-Edge|p1a: Mimsy\n|-damage|p1a: Mimsy|0 fnt\n|faint|p1a: Mimsy\n|-damage|p2a: Snorlax|0 fnt|[from] Recoil\n|faint|p2a: Snorlax\n|\n|-weather|SunnyDay|[upkeep]\n|upkeep\n|\n|t:|1741663660\n|switch|p1a: Sparky|Jolteon, M|271/271\n|switch|p2a: Golduck|Golduck, F|301/301\n|-ability|p2a: Golduck|Cloud Nine\n|debug|Immunity handler suppressed by Air Lock\n|debug|Immunity handler suppressed by Air Lock\n|turn|5\n|\n|t:|1741663699\n|move|p1b: The Big Dees|High Horsepower|p2a: Golduck\n|debug|WeatherModifyDamage handler suppressed by Air Lock\n|-damage|p2a: Golduck|121/301\n|move|p1a: Sparky|Thunderbolt|p2a: Golduck\n|debug|WeatherModifyDamage handler suppressed by Air Lock\n|-supereffective|p2a: Golduck\n|-damage|p2a: Golduck|0 fnt\n|faint|p2a: Golduck\n|move|p2b: Poliwrath|High Horsepower|p1a: Sparky\n|-supereffective|p1a: Sparky\n|-damage|p1a: Sparky|0 fnt\n|faint|p1a: Sparky\n|\n|-weather|SunnyDay|[upkeep]\n|-fieldend|move: Psychic Terrain\n|upkeep\n|\n|t:|1741663713\n|switch|p1a: Fluffy|Flareon, F|334/334\n|switch|p2a: Pinsir|Pinsir, F|271/271\n|turn|6\n|\n|t:|1741663734\n|move|p1a: Fluffy|Protect|p1a: Fluffy\n|-singleturn|p1a: Fluffy|Protect\n|move|p1b: The Big Dees|High Horsepower|p2b: Poliwrath\n|-damage|p2b: Poliwrath|233/383\n|move|p2a: Pinsir|Rock Slide|p1a: Fluffy|[spread] p1b\n|-activate|p1a: Fluffy|move: Protect\n|debug|Spread modifier: 0.75\n|-resisted|p1b: The Big Dees\n|-damage|p1b: The Big Dees|130/211\n|move|p2b: Poliwrath|High Horsepower|p1a: Fluffy\n|-activate|p1a: Fluffy|move: Protect\n|\n|-weather|none\n|-status|p1a: Fluffy|tox|[from] item: Toxic Orb\n|upkeep\n|turn|7\n|\n|t:|1741663761\n|move|p1b: The Big Dees|Rock Slide|p2b: Poliwrath|[spread] p2a,p2b\n|debug|Spread modifier: 0.75\n|-supereffective|p2a: Pinsir\n|debug|Spread modifier: 0.75\n|-resisted|p2b: Poliwrath\n|-damage|p2a: Pinsir|167/271\n|-damage|p2b: Poliwrath|204/383\n|move|p2a: Pinsir|Rock Slide|p1a: Fluffy|[spread] p1a,p1b\n|debug|Spread modifier: 0.75\n|-supereffective|p1a: Fluffy\n|debug|Spread modifier: 0.75\n|-resisted|p1b: The Big Dees\n|-damage|p1a: Fluffy|64/334 tox\n|-damage|p1b: The Big Dees|42/211\n|cant|p2b: Poliwrath|flinch\n|cant|p1a: Fluffy|flinch\n|\n|-damage|p1a: Fluffy|44/334 tox|[from] psn\n|upkeep\n|turn|8\n|c|☆Mango Meloetta|double rock slide is wild\n|c|☆Mango Meloetta|i thought for sure id be flinched too\n|\n|t:|1741663807\n|move|p1b: The Big Dees|Rock Slide|p2b: Poliwrath|[spread] p2a,p2b\n|debug|Spread modifier: 0.75\n|-supereffective|p2a: Pinsir\n|debug|Spread modifier: 0.75\n|-resisted|p2b: Poliwrath\n|-damage|p2a: Pinsir|55/271\n|-damage|p2b: Poliwrath|177/383\n|move|p2a: Pinsir|Rock Slide|p1b: The Big Dees|[spread] p1a\n|-miss|p2a: Pinsir|p1b: The Big Dees\n|debug|Spread modifier: 0.75\n|-supereffective|p1a: Fluffy\n|-damage|p1a: Fluffy|0 fnt\n|faint|p1a: Fluffy\n|move|p2b: Poliwrath|High Horsepower|p1b: The Big Dees\n|-damage|p1b: The Big Dees|0 fnt\n|faint|p1b: The Big Dees\n|\n|win|Mango Meloetta\n|c|☆Mango Meloetta|ggggg\n|c|☆mistermoscow|gg\n|c|☆Mango Meloetta|ill upload haha\n","uploadtime":1741663820,"views":"28","formatid":"gen9doublescustomgame","rating":null,"private":0,"password":null}