{"id":"gen9doublescustomgame-2116657903","format":"[Gen 9] Doubles Custom Game","players":["Mango Meloetta","smokeydabearrr"],"log":"|j|☆Mango Meloetta\n|j|☆smokeydabearrr\n|t:|1714699039\n|gametype|doubles\n|player|p1|Mango Meloetta|li|\n|player|p2|smokeydabearrr|265|\n|teamsize|p1|6\n|teamsize|p2|6\n|gen|9\n|tier|[Gen 9] Doubles Custom Game\n|clearpoke\n|poke|p1|Gengar, M|\n|poke|p1|Murkrow, F|\n|poke|p1|Porygon2|\n|poke|p1|Heatran, M|\n|poke|p1|Zygarde|\n|poke|p1|Chien-Pao|\n|poke|p2|Charizard, F|\n|poke|p2|Blastoise, F|\n|poke|p2|Cresselia, F|\n|poke|p2|Rillaboom, M|\n|poke|p2|Raging Bolt|\n|poke|p2|Walking Wake|\n|teampreview\n|j| mistermoscow\n|j| mattmandaman\n|j| noli_cannoli10\n|\n|t:|1714699120\n|start\n|switch|p1a: Porous Gone|Porygon2|374/374\n|switch|p1b: Muckracker|Murkrow, F|324/324\n|switch|p2a: Charizard|Charizard, F|297/297\n|switch|p2b: Cresselia|Cresselia, F|444/444\n|-ability|p1a: Porous Gone|Download|boost\n|-boost|p1a: Porous Gone|spa|1\n|turn|1\n|\n|t:|1714699160\n|detailschange|p2a: Charizard|Charizard-Mega-Y, F\n|-mega|p2a: Charizard|Charizard|Charizardite Y\n|-weather|SunnyDay|[from] ability: Drought|[of] p2a: Charizard\n|-terastallize|p1a: Porous Gone|Ghost\n|move|p1b: Muckracker|Taunt|p2b: Cresselia\n|-start|p2b: Cresselia|move: Taunt\n|move|p2a: Charizard|Heat Wave|p1b: Muckracker|[spread] p1b\n|-miss|p2a: Charizard|p1a: Porous Gone\n|debug|Spread modifier: 0.75\n|debug|Sunny Day fire boost\n|-damage|p1b: Muckracker|74/324\n|cant|p2b: Cresselia|move: Taunt|Calm Mind\n|move|p1a: Porous Gone|Shadow Ball|p2b: Cresselia\n|-supereffective|p2b: Cresselia\n|-damage|p2b: Cresselia|192/444\n|\n|-weather|SunnyDay|[upkeep]\n|-heal|p2b: Cresselia|219/444|[from] item: Leftovers\n|upkeep\n|turn|2\n|\n|t:|1714699229\n|switch|p2b: Blastoise|Blastoise, F|362/362\n|move|p2a: Charizard|Protect|p2a: Charizard\n|-singleturn|p2a: Charizard|Protect\n|move|p1b: Muckracker|Tailwind|p1b: Muckracker\n|-sidestart|p1: Mango Meloetta|move: Tailwind\n|move|p1a: Porous Gone|Shadow Ball|p2b: Blastoise\n|-damage|p2b: Blastoise|233/362\n|\n|-weather|SunnyDay|[upkeep]\n|upkeep\n|turn|3\n|\n|t:|1714699300\n|switch|p1b: Heatran|Heatran, M|386/386\n|move|p2b: Blastoise|Fake Out|p1b: Heatran\n|-resisted|p1b: Heatran\n|-damage|p1b: Heatran|374/386\n|move|p2a: Charizard|Heat Wave|p1a: Porous Gone|[spread] p1a\n|-start|p1b: Heatran|ability: Flash Fire\n|debug|Spread modifier: 0.75\n|debug|Sunny Day fire boost\n|-damage|p1a: Porous Gone|248/374\n|move|p1a: Porous Gone|Reflect|p1a: Porous Gone\n|-sidestart|p1: Mango Meloetta|Reflect\n|\n|-weather|SunnyDay|[upkeep]\n|upkeep\n|turn|4\n|\n|t:|1714699396\n|switch|p2a: Walking Wake|Walking Wake|339/339\n|-activate|p2a: Walking Wake|ability: Protosynthesis\n|-start|p2a: Walking Wake|protosynthesisspe\n|debug|Protosynthesis spe boost\n|move|p1b: Heatran|Heat Wave|p2b: Blastoise|[spread] p2a,p2b\n|debug|Flash Fire boost\n|debug|Spread modifier: 0.75\n|debug|Sunny Day fire boost\n|-resisted|p2a: Walking Wake\n|debug|Flash Fire boost\n|debug|Spread modifier: 0.75\n|debug|Sunny Day fire boost\n|-resisted|p2b: Blastoise\n|-damage|p2a: Walking Wake|254/339\n|-damage|p2b: Blastoise|84/362\n|-enditem|p2b: Blastoise|Aguav Berry|[eat]\n|-heal|p2b: Blastoise|204/362|[from] item: Aguav Berry\n|debug|Protosynthesis spe boost\n|move|p1a: Porous Gone|Icy Wind|p2a: Walking Wake|[spread] p2a,p2b\n|debug|Spread modifier: 0.75\n|debug|Spread modifier: 0.75\n|-resisted|p2b: Blastoise\n|-damage|p2a: Walking Wake|196/339\n|-damage|p2b: Blastoise|180/362\n|-unboost|p2a: Walking Wake|spe|1\n|-unboost|p2b: Blastoise|spe|1\n|debug|Protosynthesis spe boost\n|move|p2b: Blastoise|Flip Turn|p1b: Heatran\n|debug|Sunny Day water suppress\n|-supereffective|p1b: Heatran\n|debug|Reflect weaken\n|-damage|p1b: Heatran|337/386\n|debug|Protosynthesis spe boost\n|\n|t:|1714699431\n|switch|p2b: Raging Bolt|Raging Bolt|454/454|[from] Flip Turn\n|-activate|p2b: Raging Bolt|ability: Protosynthesis\n|-start|p2b: Raging Bolt|protosynthesisspa\n|\n|debug|Protosynthesis spe boost\n|-weather|SunnyDay|[upkeep]\n|upkeep\n|turn|5\n|debug|Protosynthesis spe boost\n|debug|Protosynthesis spe boost\n|\n|t:|1714699464\n|debug|Protosynthesis spe boost\n|debug|Protosynthesis spe boost\n|move|p2b: Raging Bolt|Thunderclap|p1a: Porous Gone\n|debug|Protosynthesis spa boost\n|-damage|p1a: Porous Gone|104/374\n|debug|Protosynthesis spe boost\n|debug|Protosynthesis spe boost\n|move|p1b: Heatran|Earth Power|p2b: Raging Bolt\n|-supereffective|p2b: Raging Bolt\n|-damage|p2b: Raging Bolt|202/454\n|debug|Protosynthesis spe boost\n|debug|Protosynthesis spe boost\n|move|p2a: Walking Wake|Hydro Steam|p1b: Heatran\n|debug|Sunny Day Hydro Steam boost\n|-supereffective|p1b: Heatran\n|-damage|p1b: Heatran|7/386\n|-damage|p2a: Walking Wake|163/339|[from] item: Life Orb\n|debug|Protosynthesis spe boost\n|move|p1a: Porous Gone|Icy Wind|p2a: Walking Wake|[spread] p2a,p2b\n|debug|Spread modifier: 0.75\n|debug|Spread modifier: 0.75\n|-supereffective|p2b: Raging Bolt\n|-damage|p2a: Walking Wake|105/339\n|-damage|p2b: Raging Bolt|86/454\n|-unboost|p2a: Walking Wake|spe|1\n|-unboost|p2b: Raging Bolt|spe|1\n|\n|debug|Protosynthesis spe boost\n|-weather|none\n|-end|p2a: Walking Wake|Protosynthesis\n|-end|p2b: Raging Bolt|Protosynthesis\n|-sideend|p1: Mango Meloetta|move: Tailwind\n|upkeep\n|turn|6\n|\n|t:|1714699518\n|-end|p2a: Walking Wake|Protosynthesis|[silent]\n|switch|p2a: Charizard|Charizard-Mega-Y, F|297/297\n|-weather|SunnyDay|[from] ability: Drought|[of] p2a: Charizard\n|-activate|p2b: Raging Bolt|ability: Protosynthesis\n|-start|p2b: Raging Bolt|protosynthesisspa\n|move|p2b: Raging Bolt|Thunderclap|p1b: Heatran\n|debug|Protosynthesis spa boost\n|-damage|p1b: Heatran|0 fnt\n|faint|p1b: Heatran\n|move|p1a: Porous Gone|Recover|p1a: Porous Gone\n|-heal|p1a: Porous Gone|291/374\n|\n|-weather|SunnyDay|[upkeep]\n|upkeep\n|\n|t:|1714699537\n|switch|p1b: Muckracker|Murkrow, F|74/324\n|turn|7\n|\n|t:|1714699593\n|move|p1b: Muckracker|Tailwind|p1b: Muckracker\n|-sidestart|p1: Mango Meloetta|move: Tailwind\n|move|p2b: Raging Bolt|Thunderclap||[still]\n|-fail|p2b: Raging Bolt\n|move|p2a: Charizard|Solar Beam||[still]\n|-prepare|p2a: Charizard|Solar Beam\n|-anim|p2a: Charizard|Solar Beam|p1a: Porous Gone\n|-damage|p1a: Porous Gone|192/374\n|move|p1a: Porous Gone|Shadow Ball|p2b: Raging Bolt\n|-damage|p2b: Raging Bolt|0 fnt\n|faint|p2b: Raging Bolt\n|-end|p2b: Raging Bolt|Protosynthesis|[silent]\n|\n|-weather|SunnyDay|[upkeep]\n|-sideend|p1: Mango Meloetta|Reflect\n|upkeep\n|\n|t:|1714699617\n|switch|p2b: Blastoise|Blastoise, F|180/362\n|turn|8\n|\n|t:|1714699636\n|move|p1b: Muckracker|Protect|p1b: Muckracker\n|-singleturn|p1b: Muckracker|Protect\n|move|p2b: Blastoise|Fake Out|p1b: Muckracker\n|-activate|p1b: Muckracker|move: Protect\n|move|p2a: Charizard|Heat Wave|p1a: Porous Gone|[spread] p1a\n|-activate|p1b: Muckracker|move: Protect\n|debug|Spread modifier: 0.75\n|debug|Sunny Day fire boost\n|-damage|p1a: Porous Gone|57/374\n|move|p1a: Porous Gone|Recover|p1a: Porous Gone\n|-heal|p1a: Porous Gone|244/374\n|\n|-weather|SunnyDay|[upkeep]\n|upkeep\n|turn|9\n|\n|t:|1714699778\n|move|p1b: Muckracker|Foul Play|p2b: Blastoise\n|-damage|p2b: Blastoise|105/362\n|move|p2a: Charizard|Heat Wave|p1b: Muckracker|[spread] p1a\n|-miss|p2a: Charizard|p1b: Muckracker\n|debug|Spread modifier: 0.75\n|debug|Sunny Day fire boost\n|-damage|p1a: Porous Gone|115/374\n|move|p1a: Porous Gone|Icy Wind|p2a: Charizard|[spread] p2a,p2b\n|debug|Spread modifier: 0.75\n|debug|Spread modifier: 0.75\n|-resisted|p2b: Blastoise\n|-crit|p2b: Blastoise\n|-damage|p2a: Charizard|254/297\n|-damage|p2b: Blastoise|72/362\n|-unboost|p2a: Charizard|spe|1\n|-unboost|p2b: Blastoise|spe|1\n|move|p2b: Blastoise|Life Dew|p2b: Blastoise|[spread] p2a,p2b\n|-heal|p2a: Charizard|297/297\n|-heal|p2b: Blastoise|163/362\n|\n|-weather|SunnyDay|[upkeep]\n|upkeep\n|turn|10\n|l|☆smokeydabearrr\n|player|p2|\n|j|☆smokeydabearrr\n|player|p2|smokeydabearrr|265|\n|\n|t:|1714699978\n|switch|p1b: My Guard|Zygarde|420/420\n|-ability|p1b: My Guard|Aura Break\n|move|p1a: Porous Gone|Recover|p1a: Porous Gone\n|-heal|p1a: Porous Gone|302/374\n|move|p2a: Charizard|Heat Wave|p1a: Porous Gone|[spread] p1a,p1b\n|debug|Spread modifier: 0.75\n|debug|Sunny Day fire boost\n|debug|Spread modifier: 0.75\n|debug|Sunny Day fire boost\n|-resisted|p1b: My Guard\n|-damage|p1a: Porous Gone|179/374\n|-damage|p1b: My Guard|314/420\n|move|p2b: Blastoise|Life Dew||[still]|[spread] p2a,p2b\n|-fail|p2a: Charizard|heal\n|-heal|p2b: Blastoise|254/362\n|\n|-weather|none\n|-heal|p1b: My Guard|340/420|[from] item: Leftovers\n|-sideend|p1: Mango Meloetta|move: Tailwind\n|upkeep\n|turn|11\n|\n|t:|1714700042\n|move|p1b: My Guard|Dragon Dance|p1b: My Guard\n|-boost|p1b: My Guard|atk|1\n|-boost|p1b: My Guard|spe|1\n|move|p2a: Charizard|Tailwind|p2a: Charizard\n|-sidestart|p2: smokeydabearrr|move: Tailwind\n|move|p2b: Blastoise|Flip Turn|p1b: My Guard\n|-damage|p1b: My Guard|286/420\n|\n|t:|1714700061\n|switch|p2b: Walking Wake|Walking Wake|105/339|[from] Flip Turn\n|move|p1a: Porous Gone|Reflect|p1a: Porous Gone\n|-sidestart|p1: Mango Meloetta|Reflect\n|\n|-heal|p1b: My Guard|312/420|[from] item: Leftovers\n|upkeep\n|turn|12\n|\n|t:|1714700139\n|switch|p1a: Kung Pao Chicken|Chien-Pao|301/301\n|-ability|p1a: Kung Pao Chicken|Sword of Ruin\n|move|p2b: Walking Wake|Draco Meteor|p1b: My Guard\n|-supereffective|p1b: My Guard\n|-damage|p1b: My Guard|0 fnt\n|-unboost|p2b: Walking Wake|spa|2\n|faint|p1b: My Guard\n|-damage|p2b: Walking Wake|72/339|[from] item: Life Orb\n|move|p2a: Charizard|Heat Wave|p1a: Kung Pao Chicken\n|-supereffective|p1a: Kung Pao Chicken\n|-enditem|p1a: Kung Pao Chicken|Focus Sash\n|-damage|p1a: Kung Pao Chicken|1/301\n|\n|upkeep\n|\n|t:|1714700155\n|switch|p1b: Muckracker|Murkrow, F|74/324\n|turn|13\n|\n|t:|1714700180\n|-end|p2b: Walking Wake|Protosynthesis|[silent]\n|switch|p2b: Rillaboom|Rillaboom, M|404/404\n|-fieldstart|move: Grassy Terrain|[from] ability: Grassy Surge|[of] p2b: Rillaboom\n|move|p1a: Kung Pao Chicken|Sucker Punch||[still]\n|-fail|p1a: Kung Pao Chicken\n|move|p1b: Muckracker|Tailwind|p1b: Muckracker\n|-sidestart|p1: Mango Meloetta|move: Tailwind\n|move|p2a: Charizard|Heat Wave|p1b: Muckracker|[spread] p1b\n|-miss|p2a: Charizard|p1a: Kung Pao Chicken\n|debug|Spread modifier: 0.75\n|-damage|p1b: Muckracker|0 fnt\n|faint|p1b: Muckracker\n|\n|-heal|p1a: Kung Pao Chicken|19/301|[from] Grassy Terrain\n|debug|Pokemon semi-invuln or not grounded; Grassy Terrain skipped\n|upkeep\n|\n|t:|1714700245\n|switch|p1b: Porous Gone|Porygon2, tera:Ghost|179/374\n|-ability|p1b: Porous Gone|Download|boost\n|-boost|p1b: Porous Gone|atk|1\n|turn|14\n|\n|t:|1714700310\n|switch|p2a: Blastoise|Blastoise, F|254/362\n|move|p1a: Kung Pao Chicken|Protect|p1a: Kung Pao Chicken\n|-singleturn|p1a: Kung Pao Chicken|Protect\n|move|p2b: Rillaboom|Fake Out|p1a: Kung Pao Chicken\n|-activate|p1a: Kung Pao Chicken|move: Protect\n|move|p1b: Porous Gone|Recover|p1b: Porous Gone\n|-heal|p1b: Porous Gone|366/374\n|\n|-heal|p1a: Kung Pao Chicken|37/301|[from] Grassy Terrain\n|-heal|p2a: Blastoise|276/362|[from] Grassy Terrain\n|-heal|p1b: Porous Gone|374/374|[from] Grassy Terrain\n|-sideend|p2: smokeydabearrr|move: Tailwind\n|upkeep\n|turn|15\n|\n|t:|1714700391\n|move|p2a: Blastoise|Follow Me|p2a: Blastoise\n|-singleturn|p2a: Blastoise|move: Follow Me\n|move|p1a: Kung Pao Chicken|Sucker Punch||[still]\n|debug|Follow Me redirected target of move\n|-fail|p1a: Kung Pao Chicken\n|move|p2b: Rillaboom|Grassy Glide|p1a: Kung Pao Chicken\n|debug|grassy terrain boost\n|debug|Reflect weaken\n|-damage|p1a: Kung Pao Chicken|0 fnt\n|faint|p1a: Kung Pao Chicken\n|move|p1b: Porous Gone|Icy Wind|p2b: Rillaboom|[spread] p2a\n|-miss|p1b: Porous Gone|p2b: Rillaboom\n|debug|Spread modifier: 0.75\n|-resisted|p2a: Blastoise\n|-damage|p2a: Blastoise|260/362\n|-unboost|p2a: Blastoise|spe|1\n|\n|-heal|p2a: Blastoise|282/362|[from] Grassy Terrain\n|-sideend|p1: Mango Meloetta|Reflect\n|upkeep\n|\n|t:|1714700401\n|switch|p1a: Goonatar|Gengar, M|262/262\n|turn|16\n|\n|t:|1714700431\n|detailschange|p1a: Goonatar|Gengar-Mega, M\n|-mega|p1a: Goonatar|Gengar|Gengarite\n|move|p2a: Blastoise|Follow Me|p2a: Blastoise\n|-singleturn|p2a: Blastoise|move: Follow Me\n|move|p2b: Rillaboom|Grassy Glide|p1a: Goonatar\n|debug|grassy terrain boost\n|-resisted|p1a: Goonatar\n|-damage|p1a: Goonatar|175/262\n|move|p1a: Goonatar|Disable|p2a: Blastoise\n|debug|Follow Me redirected target of move\n|-start|p2a: Blastoise|Disable|Follow Me\n|move|p1b: Porous Gone|Reflect|p1b: Porous Gone\n|-sidestart|p1: Mango Meloetta|Reflect\n|\n|-heal|p1a: Goonatar|191/262|[from] Grassy Terrain\n|-heal|p2a: Blastoise|304/362|[from] Grassy Terrain\n|-sideend|p1: Mango Meloetta|move: Tailwind\n|upkeep\n|turn|17\n|\n|t:|1714700501\n|move|p2b: Rillaboom|Grassy Glide|p1a: Goonatar\n|debug|grassy terrain boost\n|-resisted|p1a: Goonatar\n|debug|Reflect weaken\n|-damage|p1a: Goonatar|132/262\n|move|p1a: Goonatar|Disable|p2b: Rillaboom\n|-start|p2b: Rillaboom|Disable|Grassy Glide\n|move|p1b: Porous Gone|Icy Wind|p2a: Blastoise|[spread] p2a,p2b\n|debug|Spread modifier: 0.75\n|-resisted|p2a: Blastoise\n|debug|Spread modifier: 0.75\n|-supereffective|p2b: Rillaboom\n|-damage|p2a: Blastoise|288/362\n|-damage|p2b: Rillaboom|344/404\n|-unboost|p2a: Blastoise|spe|1\n|-unboost|p2b: Rillaboom|spe|1\n|move|p2a: Blastoise|Flip Turn|p1a: Goonatar\n|debug|Reflect weaken\n|-damage|p1a: Goonatar|87/262\n|\n|t:|1714700520\n|switch|p2a: Charizard|Charizard-Mega-Y, F|297/297|[from] Flip Turn\n|-weather|SunnyDay|[from] ability: Drought|[of] p2a: Charizard\n|\n|-weather|SunnyDay|[upkeep]\n|-heal|p1a: Goonatar|103/262|[from] Grassy Terrain\n|debug|Pokemon semi-invuln or not grounded; Grassy Terrain skipped\n|-heal|p2b: Rillaboom|369/404|[from] Grassy Terrain\n|-fieldend|move: Grassy Terrain\n|upkeep\n|turn|18\n|\n|t:|1714700586\n|move|p1a: Goonatar|Protect|p1a: Goonatar\n|-singleturn|p1a: Goonatar|Protect\n|move|p2a: Charizard|Heat Wave|p1a: Goonatar|[spread] p1b\n|-activate|p1a: Goonatar|move: Protect\n|debug|Spread modifier: 0.75\n|debug|Sunny Day fire boost\n|-damage|p1b: Porous Gone|241/374\n|move|p1b: Porous Gone|Icy Wind|p2b: Rillaboom|[spread] p2b\n|-miss|p1b: Porous Gone|p2a: Charizard\n|debug|Spread modifier: 0.75\n|-supereffective|p2b: Rillaboom\n|-damage|p2b: Rillaboom|313/404\n|-unboost|p2b: Rillaboom|spe|1\n|move|p2b: Rillaboom|Solar Blade||[still]\n|-prepare|p2b: Rillaboom|Solar Blade\n|-anim|p2b: Rillaboom|Solar Blade|p1a: Goonatar\n|-activate|p1a: Goonatar|move: Protect\n|\n|-weather|SunnyDay|[upkeep]\n|upkeep\n|turn|19\n|\n|t:|1714700630\n|move|p1a: Goonatar|Sludge Bomb|p2b: Rillaboom\n|-supereffective|p2b: Rillaboom\n|-damage|p2b: Rillaboom|0 fnt\n|faint|p2b: Rillaboom\n|move|p2a: Charizard|Heat Wave|p1b: Porous Gone|[spread] p1a,p1b\n|debug|Spread modifier: 0.75\n|debug|Sunny Day fire boost\n|debug|Spread modifier: 0.75\n|debug|Sunny Day fire boost\n|-damage|p1a: Goonatar|0 fnt\n|-damage|p1b: Porous Gone|126/374\n|faint|p1a: Goonatar\n|move|p1b: Porous Gone|Shadow Ball|p2a: Charizard\n|-damage|p2a: Charizard|213/297\n|\n|-weather|SunnyDay|[upkeep]\n|upkeep\n|\n|t:|1714700640\n|switch|p2b: Walking Wake|Walking Wake|72/339\n|-activate|p2b: Walking Wake|ability: Protosynthesis\n|-start|p2b: Walking Wake|protosynthesisspe\n|turn|20\n|debug|Protosynthesis spe boost\n|debug|Protosynthesis spe boost\n|\n|t:|1714700662\n|debug|Protosynthesis spe boost\n|debug|Protosynthesis spe boost\n|move|p2b: Walking Wake|Hydro Steam|p1b: Porous Gone\n|debug|Sunny Day Hydro Steam boost\n|-damage|p1b: Porous Gone|0 fnt\n|faint|p1b: Porous Gone\n|-damage|p2b: Walking Wake|39/339|[from] item: Life Orb\n|\n|win|smokeydabearrr\n|l| noli_cannoli10\n","uploadtime":1714700672,"views":"20","formatid":"gen9doublescustomgame","rating":null,"private":0,"password":null}