{"id":"gen9doublescustomgame-2288287471","format":"[Gen 9] Doubles Custom Game","players":["mistermoscow","Mango Meloetta"],"log":"|j|☆mistermoscow\n|j|☆Mango Meloetta\n|t:|1737856893\n|gametype|doubles\n|player|p1|mistermoscow|alder|\n|player|p2|Mango Meloetta|li|\n|teamsize|p1|6\n|teamsize|p2|6\n|gen|9\n|tier|[Gen 9] Doubles Custom Game\n|clearpoke\n|poke|p1|Flareon, M|\n|poke|p1|Gengar, M|\n|poke|p1|Victreebel, M|\n|poke|p1|Jolteon, M|\n|poke|p1|Dragonite, M|\n|poke|p1|Fearow, M|\n|poke|p2|Snorlax, F|\n|poke|p2|Cloyster, M|\n|poke|p2|Parasect, M|\n|poke|p2|Arcanine, F|\n|poke|p2|Weezing, F|\n|poke|p2|Golduck, F|\n|teampreview\n|c|☆Mango Meloetta|lets goooo nice\n|\n|t:|1737856939\n|start\n|switch|p1a: Bernie|Flareon, M|271/271\n|switch|p1b: Sparky|Jolteon, M|271/271\n|switch|p2a: Woof Burn|Arcanine, F|321/321\n|switch|p2b: Aroma Boy|Parasect, M|324/324\n|-ability|p2a: Woof Burn|Intimidate|boost\n|-unboost|p1a: Bernie|atk|1\n|-unboost|p1b: Sparky|atk|1\n|turn|1\n|\n|t:|1737856968\n|switch|p1b: Victor|Victreebel, M|333/333\n|switch|p2b: Too Dank|Weezing, F|334/334\n|-ability|p2b: Too Dank|Neutralizing Gas\n|debug|ModifySpe handler suppressed by Gastro Acid or Neutralizing Gas\n|move|p1a: Bernie|Protect|p1a: Bernie\n|-singleturn|p1a: Bernie|Protect\n|debug|ModifySpe handler suppressed by Gastro Acid or Neutralizing Gas\n|move|p2a: Woof Burn|Flame Charge|p1b: Victor\n|-supereffective|p1b: Victor\n|-damage|p1b: Victor|1/333\n|-boost|p2a: Woof Burn|spe|1\n|\n|debug|ModifySpe handler suppressed by Gastro Acid or Neutralizing Gas\n|-heal|p1b: Victor|21/333|[from] item: Black Sludge\n|-status|p1a: Bernie|tox|[from] item: Toxic Orb\n|upkeep\n|turn|2\n|debug|ModifySpe handler suppressed by Gastro Acid or Neutralizing Gas\n|debug|ModifySpe handler suppressed by Gastro Acid or Neutralizing Gas\n|\n|t:|1737856993\n|debug|ModifySpe handler suppressed by Gastro Acid or Neutralizing Gas\n|debug|ModifySpe handler suppressed by Gastro Acid or Neutralizing Gas\n|move|p1b: Victor|Protect|p1b: Victor\n|-singleturn|p1b: Victor|Protect\n|debug|ModifySpe handler suppressed by Gastro Acid or Neutralizing Gas\n|move|p2a: Woof Burn|Flame Charge|p1b: Victor\n|-activate|p1b: Victor|move: Protect\n|debug|ModifySpe handler suppressed by Gastro Acid or Neutralizing Gas\n|move|p1a: Bernie|Facade|p2a: Woof Burn\n|debug|ModifyAtk handler suppressed by Gastro Acid or Neutralizing Gas\n|-damage|p2a: Woof Burn|169/321\n|debug|ModifySpe handler suppressed by Gastro Acid or Neutralizing Gas\n|move|p2b: Too Dank|Toxic Spikes|p1b: Victor\n|-sidestart|p1: mistermoscow|move: Toxic Spikes\n|\n|debug|ModifySpe handler suppressed by Gastro Acid or Neutralizing Gas\n|-heal|p1b: Victor|41/333|[from] item: Black Sludge\n|-damage|p1a: Bernie|255/271 tox|[from] psn\n|upkeep\n|turn|3\n|debug|ModifySpe handler suppressed by Gastro Acid or Neutralizing Gas\n|debug|ModifySpe handler suppressed by Gastro Acid or Neutralizing Gas\n|\n|t:|1737857025\n|switch|p1b: Puff Daddy|Dragonite, M|386/386\n|debug|PreStart handler suppressed by Gastro Acid or Neutralizing Gas\n|debug|Start handler suppressed by Gastro Acid or Neutralizing Gas\n|debug|CheckShow handler suppressed by Gastro Acid or Neutralizing Gas\n|switch|p1a: Gang Gang|Gengar, M|262/262\n|debug|PreStart handler suppressed by Gastro Acid or Neutralizing Gas\n|-sideend|p1: mistermoscow|move: Toxic Spikes|[of] p1a: Gang Gang\n|debug|Start handler suppressed by Gastro Acid or Neutralizing Gas\n|move|p2a: Woof Burn|Flame Charge|p1b: Puff Daddy\n|-resisted|p1b: Puff Daddy\n|-damage|p1b: Puff Daddy|326/386\n|-boost|p2a: Woof Burn|spe|1\n|move|p2b: Too Dank|Toxic Spikes|p1b: Puff Daddy\n|-sidestart|p1: mistermoscow|move: Toxic Spikes\n|\n|upkeep\n|turn|4\n|\n|t:|1737857046\n|move|p1a: Gang Gang|Protect|p1a: Gang Gang\n|-singleturn|p1a: Gang Gang|Protect\n|move|p2a: Woof Burn|Flame Charge|p1a: Gang Gang\n|-activate|p1a: Gang Gang|move: Protect\n|move|p1b: Puff Daddy|Dragon Dance|p1b: Puff Daddy\n|debug|TryBoost handler suppressed by Gastro Acid or Neutralizing Gas\n|-boost|p1b: Puff Daddy|atk|1\n|-boost|p1b: Puff Daddy|spe|1\n|move|p2b: Too Dank|Taunt|p1b: Puff Daddy\n|debug|TryAddVolatile handler suppressed by Gastro Acid or Neutralizing Gas\n|-start|p1b: Puff Daddy|move: Taunt\n|\n|upkeep\n|turn|5\n|\n|t:|1737857063\n|move|p1b: Puff Daddy|Extreme Speed|p2a: Woof Burn\n|-damage|p2a: Woof Burn|0 fnt\n|faint|p2a: Woof Burn\n|-damage|p1b: Puff Daddy|288/386|[from] item: Life Orb\n|move|p1a: Gang Gang|Sunny Day|p1a: Gang Gang\n|-weather|SunnyDay\n|move|p2b: Too Dank|Clear Smog|p1b: Puff Daddy\n|-damage|p1b: Puff Daddy|231/386\n|-clearboost|p1b: Puff Daddy\n|\n|-weather|SunnyDay|[upkeep]\n|upkeep\n|\n|t:|1737857076\n|switch|p2a: Aroma Boy|Parasect, M|324/324\n|debug|PreStart handler suppressed by Gastro Acid or Neutralizing Gas\n|debug|Start handler suppressed by Gastro Acid or Neutralizing Gas\n|turn|6\n|\n|t:|1737857093\n|move|p1a: Gang Gang|Icy Wind|p2a: Aroma Boy|[spread] p2a,p2b\n|debug|Spread modifier: 0.75\n|-supereffective|p2a: Aroma Boy\n|debug|Spread modifier: 0.75\n|-damage|p2a: Aroma Boy|242/324\n|-damage|p2b: Too Dank|281/334\n|-unboost|p2a: Aroma Boy|spe|1\n|-unboost|p2b: Too Dank|spe|1\n|debug|DamagingHit handler suppressed by Gastro Acid or Neutralizing Gas\n|move|p1b: Puff Daddy|Dual Wingbeat|p2a: Aroma Boy\n|-supereffective|p2a: Aroma Boy\n|-damage|p2a: Aroma Boy|0 fnt\n|debug|DamagingHit handler suppressed by Gastro Acid or Neutralizing Gas\n|faint|p2a: Aroma Boy\n|-hitcount|p2: Aroma Boy|1\n|-damage|p1b: Puff Daddy|193/386|[from] item: Life Orb\n|move|p2b: Too Dank|Taunt|p1a: Gang Gang\n|-start|p1a: Gang Gang|move: Taunt\n|\n|-weather|SunnyDay|[upkeep]\n|upkeep\n|\n|t:|1737857108\n|switch|p2a: The Cloisters|Cloyster, M|282/282\n|debug|PreStart handler suppressed by Gastro Acid or Neutralizing Gas\n|debug|Start handler suppressed by Gastro Acid or Neutralizing Gas\n|turn|7\n|\n|t:|1737857155\n|-end|p2b: Too Dank|ability: Neutralizing Gas\n|switch|p2b: Snack Lax|Snorlax, F|524/524\n|move|p1a: Gang Gang|Icy Wind|p2a: The Cloisters|[spread] p2a,p2b\n|debug|Spread modifier: 0.75\n|-resisted|p2a: The Cloisters\n|debug|Spread modifier: 0.75\n|-damage|p2a: The Cloisters|261/282\n|-damage|p2b: Snack Lax|478/524\n|-unboost|p2a: The Cloisters|spe|1\n|-unboost|p2b: Snack Lax|spe|1\n|move|p1b: Puff Daddy|Dual Wingbeat|p2a: The Cloisters|[miss]\n|-miss|p1b: Puff Daddy|p2a: The Cloisters\n|move|p2a: The Cloisters|Shell Smash|p2a: The Cloisters\n|-unboost|p2a: The Cloisters|def|1\n|-unboost|p2a: The Cloisters|spd|1\n|-boost|p2a: The Cloisters|atk|2\n|-boost|p2a: The Cloisters|spa|2\n|-boost|p2a: The Cloisters|spe|2\n|\n|-weather|SunnyDay|[upkeep]\n|-end|p1b: Puff Daddy|move: Taunt\n|upkeep\n|turn|8\n|\n|t:|1737857201\n|move|p1b: Puff Daddy|Extreme Speed|p2b: Snack Lax\n|-damage|p2b: Snack Lax|266/524\n|-damage|p1b: Puff Daddy|155/386|[from] item: Life Orb\n|move|p2a: The Cloisters|Ice Shard|p1b: Puff Daddy\n|-supereffective|p1b: Puff Daddy\n|-damage|p1b: Puff Daddy|0 fnt\n|faint|p1b: Puff Daddy\n|move|p1a: Gang Gang|Icy Wind|p2a: The Cloisters|[spread] p2a,p2b\n|debug|Spread modifier: 0.75\n|-resisted|p2a: The Cloisters\n|debug|Spread modifier: 0.75\n|-damage|p2a: The Cloisters|226/282\n|-damage|p2b: Snack Lax|219/524\n|-unboost|p2a: The Cloisters|spe|1\n|-unboost|p2b: Snack Lax|spe|1\n|-enditem|p2b: Snack Lax|Aguav Berry|[eat]\n|-heal|p2b: Snack Lax|393/524|[from] item: Aguav Berry\n|move|p2b: Snack Lax|Zen Headbutt|p1a: Gang Gang|[miss]\n|-miss|p2b: Snack Lax|p1a: Gang Gang\n|\n|-weather|SunnyDay|[upkeep]\n|upkeep\n|\n|t:|1737857219\n|switch|p1b: Victor|Victreebel, M|41/333\n|-sideend|p1: mistermoscow|move: Toxic Spikes|[of] p1b: Victor\n|turn|9\n|\n|t:|1737857231\n|move|p1b: Victor|Solar Beam||[still]\n|-prepare|p1b: Victor|Solar Beam\n|-anim|p1b: Victor|Solar Beam|p2a: The Cloisters\n|-supereffective|p2a: The Cloisters\n|-damage|p2a: The Cloisters|0 fnt\n|faint|p2a: The Cloisters\n|move|p1a: Gang Gang|Icy Wind|p2b: Snack Lax\n|-damage|p2b: Snack Lax|329/524\n|-unboost|p2b: Snack Lax|spe|1\n|move|p2b: Snack Lax|Body Slam|p1b: Victor\n|-damage|p1b: Victor|0 fnt\n|faint|p1b: Victor\n|\n|-weather|none\n|-end|p1a: Gang Gang|move: Taunt\n|upkeep\n|\n|t:|1737857248\n|switch|p1b: Sparky|Jolteon, M|271/271\n|switch|p2a: Too Dank|Weezing, F|281/334\n|-ability|p2a: Too Dank|Neutralizing Gas\n|debug|Start handler suppressed by Gastro Acid or Neutralizing Gas\n|turn|10\n|\n|t:|1737857273\n|move|p1b: Sparky|Sunny Day|p1b: Sparky\n|-weather|SunnyDay\n|move|p1a: Gang Gang|Psychic|p2a: Too Dank\n|-supereffective|p2a: Too Dank\n|-damage|p2a: Too Dank|33/334\n|move|p2a: Too Dank|Will-O-Wisp|p1b: Sparky\n|debug|TryHit handler suppressed by Gastro Acid or Neutralizing Gas\n|-status|p1b: Sparky|brn\n|move|p2b: Snack Lax|Zen Headbutt|p1a: Gang Gang\n|-supereffective|p1a: Gang Gang\n|-enditem|p1a: Gang Gang|Focus Sash\n|-damage|p1a: Gang Gang|1/262\n|debug|DamagingHit handler suppressed by Gastro Acid or Neutralizing Gas\n|\n|-weather|SunnyDay|[upkeep]\n|-damage|p1b: Sparky|255/271 brn|[from] brn\n|upkeep\n|turn|11\n|\n|t:|1737857300\n|debug|BP: 100\n|move|p1b: Sparky|Weather Ball|p2b: Snack Lax\n|debug|Sunny Day fire boost\n|debug|Damage handler suppressed by Gastro Acid or Neutralizing Gas\n|-damage|p2b: Snack Lax|174/524\n|move|p1a: Gang Gang|Icy Wind|p2a: Too Dank|[spread] p2a,p2b\n|debug|Spread modifier: 0.75\n|debug|Spread modifier: 0.75\n|-damage|p2a: Too Dank|0 fnt\n|debug|Damage handler suppressed by Gastro Acid or Neutralizing Gas\n|-damage|p2b: Snack Lax|126/524\n|-unboost|p2b: Snack Lax|spe|1\n|faint|p2a: Too Dank\n|-end|p2a: Too Dank|ability: Neutralizing Gas\n|move|p2b: Snack Lax|Body Slam|p1b: Sparky\n|-damage|p1b: Sparky|17/271 brn\n|debug|Covert Cloak prevent secondary\n|\n|-weather|SunnyDay|[upkeep]\n|-damage|p1b: Sparky|1/271 brn|[from] brn\n|upkeep\n|\n|t:|1737857311\n|switch|p2a: Too High|Golduck, F|301/301\n|-ability|p2a: Too High|Cloud Nine\n|turn|12\n|\n|t:|1737857326\n|move|p1b: Sparky|Electroweb|p2a: Too High|[spread] p2b\n|-miss|p1b: Sparky|p2a: Too High\n|debug|Spread modifier: 0.75\n|debug|WeatherModifyDamage handler suppressed by Air Lock\n|-damage|p2b: Snack Lax|65/524\n|-unboost|p2b: Snack Lax|spe|1\n|move|p1a: Gang Gang|Psychic|p2a: Too High\n|debug|WeatherModifyDamage handler suppressed by Air Lock\n|-damage|p2a: Too High|169/301\n|move|p2a: Too High|Psychic|p1b: Sparky\n|debug|WeatherModifyDamage handler suppressed by Air Lock\n|-damage|p1b: Sparky|0 fnt\n|debug|Covert Cloak prevent secondary\n|faint|p1b: Sparky\n|move|p2b: Snack Lax|Zen Headbutt|p1a: Gang Gang\n|debug|WeatherModifyDamage handler suppressed by Air Lock\n|-supereffective|p1a: Gang Gang\n|-damage|p1a: Gang Gang|0 fnt\n|debug|move failed because it did nothing\n|faint|p1a: Gang Gang\n|\n|-weather|SunnyDay|[upkeep]\n|upkeep\n|\n|t:|1737857340\n|switch|p1b: Bernie|Flareon, M|255/271 tox\n|switch|p1a: Big Bird|Fearow, M|334/334\n|turn|13\n|\n|t:|1737857353\n|move|p1b: Bernie|Protect|p1b: Bernie\n|debug|Immunity handler suppressed by Air Lock\n|-singleturn|p1b: Bernie|Protect\n|debug|Immunity handler suppressed by Air Lock\n|move|p1a: Big Bird|Tailwind|p1a: Big Bird\n|-sidestart|p1: mistermoscow|move: Tailwind\n|move|p2a: Too High|Hydro Pump|p1b: Bernie\n|-activate|p1b: Bernie|move: Protect\n|move|p2b: Snack Lax|Body Slam|p1a: Big Bird\n|debug|WeatherModifyDamage handler suppressed by Air Lock\n|-damage|p1a: Big Bird|127/334\n|\n|-weather|SunnyDay|[upkeep]\n|-damage|p1b: Bernie|239/271 tox|[from] psn\n|upkeep\n|turn|14\n|\n|t:|1737857375\n|move|p1a: Big Bird|Protect|p1a: Big Bird\n|debug|Immunity handler suppressed by Air Lock\n|-singleturn|p1a: Big Bird|Protect\n|debug|Immunity handler suppressed by Air Lock\n|move|p1b: Bernie|Trailblaze|p2a: Too High\n|debug|WeatherModifyDamage handler suppressed by Air Lock\n|-supereffective|p2a: Too High\n|-damage|p2a: Too High|0 fnt\n|-boost|p1b: Bernie|spe|1\n|faint|p2a: Too High\n|move|p2b: Snack Lax|Body Slam|p1a: Big Bird\n|-activate|p1a: Big Bird|move: Protect\n|\n|-weather|none\n|-damage|p1b: Bernie|207/271 tox|[from] psn\n|upkeep\n|turn|15\n|c|☆Mango Meloetta|danggg gg\n|\n|t:|1737857392\n|move|p1a: Big Bird|Protect||[still]\n|debug|Success chance: 33%\n|-fail|p1a: Big Bird\n|move|p1b: Bernie|Flare Blitz|p2b: Snack Lax\n|-damage|p2b: Snack Lax|0 fnt\n|faint|p2b: Snack Lax\n|-damage|p1b: Bernie|186/271 tox|[from] Recoil\n|\n|win|mistermoscow\n|c|☆mistermoscow|gg\n|c|☆Mango Meloetta|gg\n","uploadtime":1737857398,"views":"22","formatid":"gen9doublescustomgame","rating":null,"private":0,"password":null}