{"id":"gen9doublescustomgame-2313385540","format":"[Gen 9] Doubles Custom Game","players":["mistermoscow","Mango Meloetta"],"log":"|j|☆mistermoscow\n|j|☆Mango Meloetta\n|t:|1741221454\n|gametype|doubles\n|player|p1|mistermoscow|alder|\n|player|p2|Mango Meloetta|li|\n|teamsize|p1|6\n|teamsize|p2|6\n|gen|9\n|tier|[Gen 9] Doubles Custom Game\n|clearpoke\n|poke|p1|Clefairy, M|\n|poke|p1|Machoke, M|\n|poke|p1|Gengar, M|\n|poke|p1|Mr. Mime, M|\n|poke|p1|Jolteon, M|\n|poke|p1|Dragonite, M|\n|poke|p2|Pinsir, M|\n|poke|p2|Poliwrath, M|\n|poke|p2|Electabuzz, F|\n|poke|p2|Golduck, F|\n|poke|p2|Snorlax, M|\n|poke|p2|Weezing, F|\n|teampreview\n|c|☆Mango Meloetta|yee\n|c|☆mistermoscow|official?\n|c|☆Mango Meloetta|official?\n|c|☆Mango Meloetta|yeee\n|c|☆mistermoscow|yeee\n|c|☆mistermoscow|lolol\n|\n|t:|1741221521\n|start\n|switch|p1a: Puff Daddy|Dragonite, M|324/324\n|switch|p1b: Gang Gang|Gengar, M|261/261\n|switch|p2a: Poliwrath|Poliwrath, M|383/383\n|switch|p2b: Pinsir|Pinsir, M|271/271\n|turn|1\n|\n|t:|1741221582\n|switch|p1a: Clifford|Clefairy, M|282/282\n|move|p1b: Gang Gang|Thunder Wave|p2a: Poliwrath\n|-status|p2a: Poliwrath|par\n|move|p2b: Pinsir|Rock Slide|p1a: Clifford|[spread] p1a,p1b\n|debug|Spread modifier: 0.75\n|debug|Spread modifier: 0.75\n|debug|Friend Guard weaken\n|-damage|p1a: Clifford|204/282\n|-damage|p1b: Gang Gang|158/261\n|move|p2a: Poliwrath|High Horsepower|p1b: Gang Gang\n|-supereffective|p1b: Gang Gang\n|debug|Friend Guard weaken\n|-damage|p1b: Gang Gang|0 fnt\n|faint|p1b: Gang Gang\n|\n|upkeep\n|\n|t:|1741221603\n|switch|p1b: Randy|Machoke, M|301/301\n|turn|2\n|\n|t:|1741221641\n|switch|p2a: Weezing|Weezing, F|334/334\n|move|p1a: Clifford|Follow Me|p1a: Clifford\n|-singleturn|p1a: Clifford|move: Follow Me\n|move|p2b: Pinsir|Rock Slide|p1a: Clifford|[spread] p1a,p1b\n|debug|Spread modifier: 0.75\n|debug|Spread modifier: 0.75\n|-resisted|p1b: Randy\n|debug|Friend Guard weaken\n|-damage|p1a: Clifford|126/282\n|-damage|p1b: Randy|276/301\n|cant|p1b: Randy|flinch\n|\n|upkeep\n|turn|3\n|\n|t:|1741221670\n|move|p1a: Clifford|Follow Me|p1a: Clifford\n|-singleturn|p1a: Clifford|move: Follow Me\n|move|p2b: Pinsir|Rock Slide|p1a: Clifford|[spread] p1a,p1b\n|debug|Spread modifier: 0.75\n|debug|Spread modifier: 0.75\n|-resisted|p1b: Randy\n|debug|Friend Guard weaken\n|-damage|p1a: Clifford|56/282\n|-damage|p1b: Randy|248/301\n|move|p1b: Randy|Fissure|p2a: Weezing\n|-immune|p2a: Weezing|[from] ability: Levitate\n|move|p2a: Weezing|Taunt|p1a: Clifford\n|debug|Follow Me redirected target of move\n|-start|p1a: Clifford|move: Taunt\n|\n|upkeep\n|turn|4\n|\n|t:|1741221691\n|switch|p1a: Sparky|Jolteon, M|271/271\n|move|p2b: Pinsir|Rock Slide|p1a: Sparky|[spread] p1a,p1b\n|debug|Spread modifier: 0.75\n|debug|Spread modifier: 0.75\n|-resisted|p1b: Randy\n|-damage|p1a: Sparky|113/271\n|-damage|p1b: Randy|209/301\n|move|p1b: Randy|Fissure|p2b: Pinsir\n|-damage|p2b: Pinsir|0 fnt\n|faint|p2b: Pinsir\n|-ohko\n|move|p2a: Weezing|Toxic|p1b: Randy\n|-status|p1b: Randy|tox\n|\n|-damage|p1b: Randy|191/301 tox|[from] psn\n|upkeep\n|\n|t:|1741221740\n|switch|p2b: Golduck|Golduck, F|301/301\n|-ability|p2b: Golduck|Cloud Nine\n|turn|5\n|\n|t:|1741221753\n|move|p1a: Sparky|Electroweb|p2a: Weezing|[spread] p2a\n|-miss|p1a: Sparky|p2b: Golduck\n|debug|Spread modifier: 0.75\n|-damage|p2a: Weezing|235/334\n|-unboost|p2a: Weezing|spe|1\n|-damage|p1a: Sparky|86/271|[from] item: Life Orb\n|move|p2b: Golduck|Psychic|p1b: Randy\n|-supereffective|p1b: Randy\n|-damage|p1b: Randy|43/301 tox\n|move|p1b: Randy|Fissure|p2b: Golduck\n|-enditem|p2b: Golduck|Focus Sash\n|-damage|p2b: Golduck|1/301\n|move|p2a: Weezing|Sludge Bomb|p1a: Sparky\n|-damage|p1a: Sparky|0 fnt\n|debug|move failed because it did nothing\n|faint|p1a: Sparky\n|\n|-heal|p2a: Weezing|255/334|[from] item: Leftovers\n|-damage|p1b: Randy|7/301 tox|[from] psn\n|upkeep\n|\n|t:|1741221779\n|switch|p1a: Mimsy|Mr. Mime, M|284/284\n|turn|6\n|\n|t:|1741221791\n|switch|p1b: Puff Daddy|Dragonite, M|324/324\n|move|p2b: Golduck|Protect|p2b: Golduck\n|-singleturn|p2b: Golduck|Protect\n|move|p2a: Weezing|Protect|p2a: Weezing\n|-singleturn|p2a: Weezing|Protect\n|move|p1a: Mimsy|Fake Out|p2b: Golduck\n|-activate|p2b: Golduck|move: Protect\n|\n|-heal|p2a: Weezing|275/334|[from] item: Leftovers\n|upkeep\n|turn|7\n|\n|t:|1741221820\n|switch|p2b: Poliwrath|Poliwrath, M|383/383 par\n|move|p1a: Mimsy|Follow Me|p1a: Mimsy\n|-singleturn|p1a: Mimsy|move: Follow Me\n|move|p1b: Puff Daddy|Tailwind|p1b: Puff Daddy\n|-sidestart|p1: mistermoscow|move: Tailwind\n|move|p2a: Weezing|Taunt|p1a: Mimsy\n|debug|Follow Me redirected target of move\n|-start|p1a: Mimsy|move: Taunt\n|-enditem|p1a: Mimsy|Mental Herb\n|-end|p1a: Mimsy|move: Taunt\n|\n|-heal|p2a: Weezing|295/334|[from] item: Leftovers\n|upkeep\n|turn|8\n|\n|t:|1741221870\n|move|p1a: Mimsy|Follow Me|p1a: Mimsy\n|-singleturn|p1a: Mimsy|move: Follow Me\n|move|p1b: Puff Daddy|Dragon Dance|p1b: Puff Daddy\n|-boost|p1b: Puff Daddy|atk|1\n|-boost|p1b: Puff Daddy|spe|1\n|move|p2a: Weezing|Toxic|p1a: Mimsy\n|debug|Follow Me redirected target of move\n|-status|p1a: Mimsy|tox\n|move|p2b: Poliwrath|Bulk Up|p2b: Poliwrath\n|-boost|p2b: Poliwrath|atk|1\n|-boost|p2b: Poliwrath|def|1\n|\n|-heal|p2a: Weezing|315/334|[from] item: Leftovers\n|-damage|p1a: Mimsy|267/284 tox|[from] psn\n|upkeep\n|turn|9\n|\n|t:|1741221889\n|move|p1a: Mimsy|Follow Me|p1a: Mimsy\n|-singleturn|p1a: Mimsy|move: Follow Me\n|move|p1b: Puff Daddy|Dragon Dance|p1b: Puff Daddy\n|-boost|p1b: Puff Daddy|atk|1\n|-boost|p1b: Puff Daddy|spe|1\n|move|p2a: Weezing|Taunt|p1a: Mimsy\n|debug|Follow Me redirected target of move\n|-start|p1a: Mimsy|move: Taunt\n|cant|p2b: Poliwrath|par\n|\n|-heal|p2a: Weezing|334/334|[from] item: Leftovers\n|-damage|p1a: Mimsy|233/284 tox|[from] psn\n|upkeep\n|turn|10\n|\n|t:|1741221909\n|switch|p1a: Clifford|Clefairy, M|56/282\n|move|p1b: Puff Daddy|Dragon Claw|p2a: Weezing\n|-damage|p2a: Weezing|135/334\n|move|p2a: Weezing|Toxic|p1b: Puff Daddy\n|-status|p1b: Puff Daddy|tox\n|move|p2b: Poliwrath|Circle Throw|p1b: Puff Daddy\n|-resisted|p1b: Puff Daddy\n|debug|Friend Guard weaken\n|-damage|p1b: Puff Daddy|267/324 tox\n|drag|p1b: Randy|Machoke, M|7/301 tox\n|\n|-heal|p2a: Weezing|155/334|[from] item: Leftovers\n|-damage|p1b: Randy|0 fnt|[from] psn\n|faint|p1b: Randy\n|-sideend|p1: mistermoscow|move: Tailwind\n|upkeep\n|\n|t:|1741221924\n|switch|p1b: Mimsy|Mr. Mime, M|233/284 tox\n|turn|11\n|-message|mistermoscow forfeited.\n|\n|win|Mango Meloetta\n|c|☆mistermoscow|gg\n|c|☆Mango Meloetta|ggg\n|c|☆Mango Meloetta|i'll ujpload\n","uploadtime":1741221987,"views":"12","formatid":"gen9doublescustomgame","rating":null,"private":0,"password":null}