{"id":"gen9doublescustomgame-2102778194","format":"[Gen 9] Doubles Custom Game","players":["Mango Meloetta","mattmandaman"],"log":"|uhtml|medal-msg|<div class=\"broadcast-blue\">Curious what those medals under the avatar are? PS now has Ladder Seasons! For more information, check out the <a href=\"https://www.smogon.com/forums/threads/3740067/\">thread on Smogon.</a></div>\n|uhtml|medal-msg|<div class=\"broadcast-blue\">Curious what those medals under the avatar are? PS now has Ladder Seasons! For more information, check out the <a href=\"https://www.smogon.com/forums/threads/3740067/\">thread on Smogon.</a></div>\n|j|☆Mango Meloetta\n|j|☆mattmandaman\n|t:|1713041685\n|gametype|doubles\n|player|p1|Mango Meloetta|li|\n|player|p2|mattmandaman|giovanni|\n|teamsize|p1|6\n|teamsize|p2|6\n|gen|9\n|tier|[Gen 9] Doubles Custom Game\n|clearpoke\n|poke|p1|Gengar, M|\n|poke|p1|Murkrow, F|\n|poke|p1|Porygon2|\n|poke|p1|Heatran, M|\n|poke|p1|Zygarde|\n|poke|p1|Chien-Pao|\n|poke|p2|Deoxys-Defense|\n|poke|p2|Ting-Lu|\n|poke|p2|Marshadow|\n|poke|p2|Kangaskhan, F|\n|poke|p2|Kartana|\n|poke|p2|Thundurus, M|\n|teampreview\n|j| mistermoscow\n|j| je64\n|\n|t:|1713041752\n|start\n|switch|p1a: My Guard|Zygarde|420/420\n|switch|p1b: Kung Pao Chicken|Chien-Pao|301/301\n|switch|p2a: Ting-Lu|Ting-Lu|514/514\n|switch|p2b: Kangaskhan|Kangaskhan, F|414/414\n|-ability|p1b: Kung Pao Chicken|Sword of Ruin\n|-ability|p1a: My Guard|Aura Break\n|-ability|p2a: Ting-Lu|Vessel of Ruin\n|turn|1\n|\n|t:|1713041769\n|switch|p1b: Muckracker|Murkrow, F|324/324\n|switch|p1a: Goonatar|Gengar, M|262/262\n|detailschange|p2b: Kangaskhan|Kangaskhan-Mega, F\n|-mega|p2b: Kangaskhan|Kangaskhan|Kangaskhanite\n|move|p2b: Kangaskhan|Fake Out|p1b: Muckracker\n|-damage|p1b: Muckracker|225/324\n|debug|Parental Bond modifier: 0.25\n|-damage|p1b: Muckracker|198/324\n|debug|move failed because it did nothing\n|-hitcount|p1b: Muckracker|2\n|move|p2a: Ting-Lu|Stealth Rock|p1a: Goonatar\n|-sidestart|p1: Mango Meloetta|move: Stealth Rock\n|\n|upkeep\n|turn|2\n|\n|t:|1713041803\n|switch|p1b: Porous Gone|Porygon2|374/374\n|-damage|p1b: Porous Gone|328/374|[from] Stealth Rock\n|-ability|p1b: Porous Gone|Download|boost\n|-boost|p1b: Porous Gone|spa|1\n|detailschange|p1a: Goonatar|Gengar-Mega, M\n|-mega|p1a: Goonatar|Gengar|Gengarite\n|move|p1a: Goonatar|Sludge Bomb|p2b: Kangaskhan\n|debug|Vessel of Ruin SpA drop\n|-damage|p2b: Kangaskhan|267/414\n|-status|p2b: Kangaskhan|psn\n|move|p2b: Kangaskhan|Return|p1b: Porous Gone\n|-damage|p1b: Porous Gone|213/374\n|debug|Parental Bond modifier: 0.25\n|-damage|p1b: Porous Gone|185/374\n|-hitcount|p1b: Porous Gone|2\n|move|p2a: Ting-Lu|Stomping Tantrum|p1a: Goonatar\n|-supereffective|p1a: Goonatar\n|-damage|p1a: Goonatar|44/262\n|\n|-damage|p2b: Kangaskhan|216/414 psn|[from] psn\n|upkeep\n|turn|3\n|\n|t:|1713041855\n|move|p1a: Goonatar|Protect|p1a: Goonatar\n|-singleturn|p1a: Goonatar|Protect\n|move|p2b: Kangaskhan|Sucker Punch||[still]\n|-fail|p2b: Kangaskhan\n|move|p1b: Porous Gone|Reflect|p1b: Porous Gone\n|-sidestart|p1: Mango Meloetta|Reflect\n|move|p2a: Ting-Lu|Throat Chop|p1b: Porous Gone\n|debug|Reflect weaken\n|-damage|p1b: Porous Gone|145/374\n|-start|p1b: Porous Gone|Throat Chop|[silent]\n|\n|-damage|p2b: Kangaskhan|165/414 psn|[from] psn\n|upkeep\n|turn|4\n|\n|t:|1713041903\n|move|p1a: Goonatar|Icy Wind|p2b: Kangaskhan|[spread] p2a,p2b\n|debug|Vessel of Ruin SpA drop\n|debug|Spread modifier: 0.75\n|-supereffective|p2a: Ting-Lu\n|debug|Vessel of Ruin SpA drop\n|debug|Spread modifier: 0.75\n|-damage|p2a: Ting-Lu|420/514\n|-damage|p2b: Kangaskhan|120/414 psn\n|-unboost|p2a: Ting-Lu|spe|1\n|-unboost|p2b: Kangaskhan|spe|1\n|move|p2b: Kangaskhan|Drain Punch|p1b: Porous Gone\n|-supereffective|p1b: Porous Gone\n|-crit|p1b: Porous Gone\n|-damage|p1b: Porous Gone|0 fnt\n|-heal|p2b: Kangaskhan|193/414 psn|[from] drain|[of] p1b: Porous Gone\n|faint|p1b: Porous Gone\n|-hitcount|p1: Porous Gone|1\n|move|p2a: Ting-Lu|Throat Chop|p1a: Goonatar\n|-supereffective|p1a: Goonatar\n|debug|Reflect weaken\n|-damage|p1a: Goonatar|0 fnt\n|faint|p1a: Goonatar\n|\n|-heal|p2a: Ting-Lu|452/514|[from] item: Leftovers\n|-damage|p2b: Kangaskhan|142/414 psn|[from] psn\n|upkeep\n|\n|t:|1713041921\n|switch|p1a: My Guard|Zygarde|420/420\n|switch|p1b: Kung Pao Chicken|Chien-Pao|301/301\n|-damage|p1b: Kung Pao Chicken|226/301|[from] Stealth Rock\n|-ability|p1b: Kung Pao Chicken|Sword of Ruin\n|-damage|p1a: My Guard|394/420|[from] Stealth Rock\n|-ability|p1a: My Guard|Aura Break\n|turn|5\n|\n|t:|1713041937\n|switch|p2b: Deoxys|Deoxys-Defense|304/304\n|-ability|p2b: Deoxys|Pressure\n|move|p1b: Kung Pao Chicken|Ice Spinner|p2a: Ting-Lu\n|debug|Sword of Ruin Def drop\n|-supereffective|p2a: Ting-Lu\n|-damage|p2a: Ting-Lu|188/514\n|move|p1a: My Guard|Thousand Arrows|p2b: Deoxys|[spread] p2a,p2b\n|debug|Sword of Ruin Def drop\n|debug|Spread modifier: 0.75\n|debug|Sword of Ruin Def drop\n|debug|Spread modifier: 0.75\n|-damage|p2a: Ting-Lu|94/514\n|-damage|p2b: Deoxys|208/304\n|move|p2a: Ting-Lu|Whirlwind|p1b: Kung Pao Chicken\n|drag|p1b: Muckracker|Murkrow, F|198/324\n|-damage|p1b: Muckracker|117/324|[from] Stealth Rock\n|\n|-heal|p1a: My Guard|420/420|[from] item: Leftovers\n|-heal|p2a: Ting-Lu|126/514|[from] item: Leftovers\n|upkeep\n|turn|6\n|\n|t:|1713042015\n|move|p1b: Muckracker|Taunt|p2b: Deoxys\n|-start|p2b: Deoxys|move: Taunt\n|-enditem|p2b: Deoxys|Mental Herb\n|-end|p2b: Deoxys|move: Taunt\n|move|p1a: My Guard|Substitute|p1a: My Guard\n|-start|p1a: My Guard|Substitute\n|-damage|p1a: My Guard|315/420\n|move|p2a: Ting-Lu|Stomping Tantrum|p1a: My Guard\n|debug|Reflect weaken\n|-activate|p1a: My Guard|move: Substitute|[damage]\n|move|p2b: Deoxys|Teleport|p2b: Deoxys\n|\n|t:|1713042053\n|switch|p2b: Marshadow|Marshadow|384/384|[from] Teleport\n|\n|-heal|p1a: My Guard|341/420|[from] item: Leftovers\n|-heal|p2a: Ting-Lu|158/514|[from] item: Leftovers\n|upkeep\n|turn|7\n|\n|t:|1713042073\n|move|p2b: Marshadow|Drain Punch|p1b: Muckracker\n|debug|Base Power: 75\n|debug|Reflect weaken\n|-damage|p1b: Muckracker|0 fnt\n|faint|p1b: Muckracker\n|move|p1a: My Guard|Thousand Arrows|p2a: Ting-Lu|[spread] p2a,p2b\n|debug|Spread modifier: 0.75\n|debug|Spread modifier: 0.75\n|-damage|p2a: Ting-Lu|86/514\n|-damage|p2b: Marshadow|240/384\n|move|p2a: Ting-Lu|Whirlwind|p1a: My Guard\n|drag|p1a: Kung Pao Chicken|Chien-Pao|226/301\n|-damage|p1a: Kung Pao Chicken|151/301|[from] Stealth Rock\n|-ability|p1a: Kung Pao Chicken|Sword of Ruin\n|\n|-heal|p2a: Ting-Lu|118/514|[from] item: Leftovers\n|-sideend|p1: Mango Meloetta|Reflect\n|upkeep\n|\n|t:|1713042083\n|switch|p1b: My Guard|Zygarde|341/420\n|-damage|p1b: My Guard|315/420|[from] Stealth Rock\n|-ability|p1b: My Guard|Aura Break\n|turn|8\n|\n|t:|1713042098\n|-terastallize|p1a: Kung Pao Chicken|Dark\n|move|p1a: Kung Pao Chicken|Sucker Punch|p2b: Marshadow\n|debug|Sword of Ruin Def drop\n|-damage|p2b: Marshadow|0 fnt\n|faint|p2b: Marshadow\n|move|p1b: My Guard|Dragon Dance|p1b: My Guard\n|-boost|p1b: My Guard|atk|1\n|-boost|p1b: My Guard|spe|1\n|move|p2a: Ting-Lu|Whirlwind|p1a: Kung Pao Chicken\n|drag|p1a: Heat Ran|Heatran, M|386/386\n|-damage|p1a: Heat Ran|338/386|[from] Stealth Rock\n|\n|-heal|p1b: My Guard|341/420|[from] item: Leftovers\n|-heal|p2a: Ting-Lu|150/514|[from] item: Leftovers\n|upkeep\n|\n|t:|1713042128\n|switch|p2b: Kartana|Kartana|260/260\n|turn|9\n|\n|t:|1713042175\n|move|p2b: Kartana|Protect|p2b: Kartana\n|-singleturn|p2b: Kartana|Protect\n|move|p1b: My Guard|Thousand Arrows|p2b: Kartana|[spread] p2a\n|-activate|p2b: Kartana|move: Protect\n|debug|Spread modifier: 0.75\n|-damage|p2a: Ting-Lu|42/514\n|move|p1a: Heat Ran|Heat Wave|p2b: Kartana|[spread] p2a\n|-activate|p2b: Kartana|move: Protect\n|debug|Vessel of Ruin SpA drop\n|debug|Spread modifier: 0.75\n|-damage|p2a: Ting-Lu|0 fnt\n|faint|p2a: Ting-Lu\n|\n|-heal|p1b: My Guard|367/420|[from] item: Leftovers\n|upkeep\n|\n|t:|1713042191\n|switch|p2a: Thundurus|Thundurus, M|300/300\n|turn|10\n|\n|t:|1713042280\n|move|p2a: Thundurus|Leer|p1a: Heat Ran|[spread] p1a,p1b\n|-unboost|p1a: Heat Ran|def|1\n|-unboost|p1b: My Guard|def|1\n|move|p2b: Kartana|Sacred Sword|p1a: Heat Ran\n|debug|Negating (sp)def boost/penalty.\n|-supereffective|p1a: Heat Ran\n|-damage|p1a: Heat Ran|92/386\n|move|p1b: My Guard|Thousand Arrows|p2b: Kartana|[spread] p2a,p2b\n|debug|Spread modifier: 0.75\n|debug|Spread modifier: 0.75\n|-damage|p2a: Thundurus|84/300\n|-damage|p2b: Kartana|136/260\n|-start|p2a: Thundurus|Smack Down\n|move|p1a: Heat Ran|Heat Wave|p2a: Thundurus|[spread] p2a,p2b\n|debug|Spread modifier: 0.75\n|debug|Spread modifier: 0.75\n|-supereffective|p2b: Kartana\n|-damage|p2a: Thundurus|0 fnt\n|-damage|p2b: Kartana|0 fnt\n|debug|Covert Cloak prevent secondary\n|faint|p2a: Thundurus\n|faint|p2b: Kartana\n|\n|-heal|p1b: My Guard|393/420|[from] item: Leftovers\n|upkeep\n|\n|t:|1713042300\n|switch|p2a: Kangaskhan|Kangaskhan-Mega, F|142/414 psn\n|switch|p2b: Deoxys|Deoxys-Defense|208/304\n|-ability|p2b: Deoxys|Pressure\n|turn|11\n|\n|t:|1713042322\n|move|p1b: My Guard|Dragon Dance|p1b: My Guard\n|-boost|p1b: My Guard|atk|1\n|-boost|p1b: My Guard|spe|1\n|move|p2a: Kangaskhan|Drain Punch|p1a: Heat Ran\n|-supereffective|p1a: Heat Ran\n|-damage|p1a: Heat Ran|0 fnt\n|-heal|p2a: Kangaskhan|188/414 psn|[from] drain|[of] p1a: Heat Ran\n|faint|p1a: Heat Ran\n|-hitcount|p1: Heat Ran|1\n|move|p2b: Deoxys|Psychic Noise|p1b: My Guard\n|-crit|p1b: My Guard\n|-damage|p1b: My Guard|285/420\n|-start|p1b: My Guard|move: Heal Block\n|\n|-damage|p2a: Kangaskhan|137/414 psn|[from] psn\n|upkeep\n|\n|t:|1713042331\n|switch|p1a: Kung Pao Chicken|Chien-Pao, tera:Dark|151/301\n|-damage|p1a: Kung Pao Chicken|114/301|[from] Stealth Rock\n|-ability|p1a: Kung Pao Chicken|Sword of Ruin\n|turn|12\n|\n|t:|1713042380\n|-terastallize|p2b: Deoxys|Fairy\n|move|p1a: Kung Pao Chicken|Sucker Punch||[still]\n|-fail|p1a: Kung Pao Chicken\n|move|p2a: Kangaskhan|Sucker Punch|p1b: My Guard\n|debug|Sword of Ruin Def drop\n|-damage|p1b: My Guard|121/420\n|debug|Sword of Ruin Def drop\n|debug|Parental Bond modifier: 0.25\n|-damage|p1b: My Guard|84/420\n|-hitcount|p1b: My Guard|2\n|move|p1b: My Guard|Thousand Arrows|p2b: Deoxys|[spread] p2a,p2b\n|debug|Sword of Ruin Def drop\n|debug|Spread modifier: 0.75\n|debug|Sword of Ruin Def drop\n|debug|Spread modifier: 0.75\n|-damage|p2a: Kangaskhan|0 fnt\n|-damage|p2b: Deoxys|28/304\n|faint|p2a: Kangaskhan\n|move|p2b: Deoxys|Thunder Wave|p1a: Kung Pao Chicken\n|-status|p1a: Kung Pao Chicken|par\n|\n|-end|p1b: My Guard|move: Heal Block\n|upkeep\n|turn|13\n|\n|t:|1713042405\n|move|p1b: My Guard|Extreme Speed|p2b: Deoxys\n|debug|Sword of Ruin Def drop\n|-damage|p2b: Deoxys|0 fnt\n|faint|p2b: Deoxys\n|\n|win|Mango Meloetta\n","uploadtime":1713042409,"views":"50","formatid":"gen9doublescustomgame","rating":null,"private":0,"password":null}