{"id":"gen9doublescustomgame-2133220173","format":"[Gen 9] Doubles Custom Game","players":["je64","mattmandaman"],"log":"|j|☆je64\n|j|☆mattmandaman\n|t:|1717030182\n|gametype|doubles\n|player|p1|je64|266|\n|player|p2|mattmandaman|giovanni|\n|teamsize|p1|6\n|teamsize|p2|6\n|gen|9\n|tier|[Gen 9] Doubles Custom Game\n|clearpoke\n|poke|p1|Entei|\n|poke|p1|Salamence, F|\n|poke|p1|Jirachi|\n|poke|p1|Zeraora|\n|poke|p1|Ursaluna-Bloodmoon, M|\n|poke|p1|Flutter Mane|\n|poke|p2|Kangaskhan, F|\n|poke|p2|Volcanion|\n|poke|p2|Marshadow|\n|poke|p2|Kartana|\n|poke|p2|Thundurus, M|\n|poke|p2|Diancie|\n|teampreview\n|j| mistermoscow\n|\n|t:|1717030320\n|start\n|switch|p1a: M as in Mancy|Salamence, F|331/331\n|switch|p1b: Steve Stolen Star|Jirachi|404/404\n|switch|p2a: Kangaskhan|Kangaskhan, F|352/352\n|switch|p2b: Diancie|Diancie|304/304\n|-ability|p1a: M as in Mancy|Intimidate|boost\n|-fail|p2a: Kangaskhan|unboost|Attack|[from] ability: Scrappy|[of] p2a: Kangaskhan\n|-fail|p2b: Diancie|unboost|[from] ability: Clear Body|[of] p2b: Diancie\n|turn|1\n|j| smokeydabearrr\n|\n|t:|1717030383\n|switch|p1a: Yāoguài 妖怪|Ursaluna-Bloodmoon, M|430/430\n|detailschange|p2a: Kangaskhan|Kangaskhan-Mega, F\n|-mega|p2a: Kangaskhan|Kangaskhan|Kangaskhanite\n|move|p2a: Kangaskhan|Fake Out|p1b: Steve Stolen Star\n|-resisted|p1b: Steve Stolen Star\n|-damage|p1b: Steve Stolen Star|376/404\n|debug|Parental Bond modifier: 0.25\n|-resisted|p1b: Steve Stolen Star\n|-damage|p1b: Steve Stolen Star|370/404\n|debug|move failed because it did nothing\n|-hitcount|p1b: Steve Stolen Star|2\n|cant|p1b: Steve Stolen Star|flinch\n|move|p2b: Diancie|Stealth Rock|p1a: Yāoguài 妖怪\n|-sidestart|p1: je64|move: Stealth Rock\n|\n|upkeep\n|turn|2\n|\n|t:|1717030455\n|switch|p2b: Thundurus|Thundurus, M|362/362\n|move|p1b: Steve Stolen Star|Follow Me|p1b: Steve Stolen Star\n|-singleturn|p1b: Steve Stolen Star|move: Follow Me\n|move|p2a: Kangaskhan|Sucker Punch||[still]\n|debug|Follow Me redirected target of move\n|-fail|p2a: Kangaskhan\n|move|p1a: Yāoguài 妖怪|Earth Power|p2b: Thundurus\n|-immune|p2b: Thundurus\n|\n|upkeep\n|turn|3\n|\n|t:|1717030504\n|move|p1a: Yāoguài 妖怪|Protect|p1a: Yāoguài 妖怪\n|-singleturn|p1a: Yāoguài 妖怪|Protect\n|move|p2b: Thundurus|Leer|p1b: Steve Stolen Star|[spread] p1b\n|-activate|p1a: Yāoguài 妖怪|move: Protect\n|-unboost|p1b: Steve Stolen Star|def|1\n|move|p2a: Kangaskhan|Drain Punch|p1a: Yāoguài 妖怪\n|-activate|p1a: Yāoguài 妖怪|move: Protect\n|move|p1b: Steve Stolen Star|Thunder Wave|p2a: Kangaskhan\n|-status|p2a: Kangaskhan|par\n|\n|upkeep\n|turn|4\n|\n|t:|1717030574\n|-terastallize|p1a: Yāoguài 妖怪|Normal\n|move|p2b: Thundurus|Leer|p1a: Yāoguài 妖怪|[spread] p1a,p1b\n|-unboost|p1a: Yāoguài 妖怪|def|1\n|-unboost|p1b: Steve Stolen Star|def|1\n|debug|doubling secondary chance\n|move|p1b: Steve Stolen Star|Iron Head|p2a: Kangaskhan\n|-damage|p2a: Kangaskhan|258/352 par\n|move|p2a: Kangaskhan|Drain Punch|p1b: Steve Stolen Star\n|-damage|p1b: Steve Stolen Star|230/404\n|-heal|p2a: Kangaskhan|328/352 par|[from] drain|[of] p1b: Steve Stolen Star\n|debug|Parental Bond modifier: 0.25\n|-damage|p1b: Steve Stolen Star|195/404\n|-heal|p2a: Kangaskhan|346/352 par|[from] drain|[of] p1b: Steve Stolen Star\n|-enditem|p1b: Steve Stolen Star|Sitrus Berry|[eat]\n|-heal|p1b: Steve Stolen Star|296/404|[from] item: Sitrus Berry\n|-hitcount|p1b: Steve Stolen Star|2\n|move|p1a: Yāoguài 妖怪|Blood Moon|p2b: Thundurus\n|-damage|p2b: Thundurus|0 fnt\n|faint|p2b: Thundurus\n|\n|upkeep\n|\n|t:|1717030603\n|switch|p2b: Volcanion|Volcanion|364/364\n|turn|5\n|\n|t:|1717030615\n|move|p2b: Volcanion|Protect|p2b: Volcanion\n|-singleturn|p2b: Volcanion|Protect\n|move|p1a: Yāoguài 妖怪|Protect|p1a: Yāoguài 妖怪\n|-singleturn|p1a: Yāoguài 妖怪|Protect\n|move|p1b: Steve Stolen Star|Thunder Wave|p2b: Volcanion\n|-activate|p2b: Volcanion|move: Protect\n|move|p2a: Kangaskhan|Drain Punch|p1a: Yāoguài 妖怪\n|-activate|p1a: Yāoguài 妖怪|move: Protect\n|\n|upkeep\n|turn|6\n|\n|t:|1717030695\n|move|p1b: Steve Stolen Star|Follow Me|p1b: Steve Stolen Star\n|-singleturn|p1b: Steve Stolen Star|move: Follow Me\n|move|p2b: Volcanion|Heat Wave|p1b: Steve Stolen Star|[spread] p1a,p1b\n|debug|Spread modifier: 0.75\n|debug|Spread modifier: 0.75\n|-supereffective|p1b: Steve Stolen Star\n|-crit|p1b: Steve Stolen Star\n|-damage|p1a: Yāoguài 妖怪|222/430\n|-damage|p1b: Steve Stolen Star|0 fnt\n|faint|p1b: Steve Stolen Star\n|move|p2a: Kangaskhan|Drain Punch|p1a: Yāoguài 妖怪\n|-supereffective|p1a: Yāoguài 妖怪\n|-damage|p1a: Yāoguài 妖怪|0 fnt\n|-heal|p2a: Kangaskhan|352/352 par|[from] drain|[of] p1a: Yāoguài 妖怪\n|faint|p1a: Yāoguài 妖怪\n|-hitcount|p1: Yāoguài 妖怪|1\n|\n|upkeep\n|\n|t:|1717030762\n|switch|p1b: Dragonball Durag|Zeraora|318/318\n|switch|p1a: M as in Mancy|Salamence, F|331/331\n|-damage|p1b: Dragonball Durag|279/318|[from] Stealth Rock\n|-damage|p1a: M as in Mancy|249/331|[from] Stealth Rock\n|-ability|p1a: M as in Mancy|Intimidate|boost\n|-unboost|p2a: Kangaskhan|atk|1\n|-unboost|p2b: Volcanion|atk|1\n|turn|7\n|\n|t:|1717030818\n|switch|p2a: Diancie|Diancie|304/304\n|detailschange|p1a: M as in Mancy|Salamence-Mega, F\n|-mega|p1a: M as in Mancy|Salamence|Salamencite\n|move|p2b: Volcanion|Protect|p2b: Volcanion\n|-singleturn|p2b: Volcanion|Protect\n|move|p1b: Dragonball Durag|Electroweb|p2b: Volcanion|[spread] p2a\n|-activate|p2b: Volcanion|move: Protect\n|debug|Spread modifier: 0.75\n|-damage|p2a: Diancie|252/304\n|debug|move failed because it did nothing\n|-damage|p1b: Dragonball Durag|248/318|[from] item: Life Orb\n|move|p1a: M as in Mancy|Return|p2a: Diancie\n|-resisted|p2a: Diancie\n|-damage|p2a: Diancie|169/304\n|\n|upkeep\n|turn|8\n|\n|t:|1717030921\n|-terastallize|p2b: Volcanion|Ground\n|move|p1b: Dragonball Durag|Taunt|p2a: Diancie\n|-start|p2a: Diancie|move: Taunt\n|move|p1a: M as in Mancy|Return|p2b: Volcanion\n|-damage|p2b: Volcanion|156/364\n|move|p2b: Volcanion|Steam Eruption|p1b: Dragonball Durag\n|-damage|p1b: Dragonball Durag|5/318\n|-status|p1b: Dragonball Durag|brn\n|cant|p2a: Diancie|move: Taunt|Trick Room\n|\n|-damage|p1b: Dragonball Durag|0 fnt|[from] brn\n|faint|p1b: Dragonball Durag\n|upkeep\n|\n|t:|1717030970\n|switch|p1b: Scratching Fire|Entei|434/434\n|-damage|p1b: Scratching Fire|326/434|[from] Stealth Rock\n|turn|9\n|\n|t:|1717030989\n|move|p1a: M as in Mancy|Return|p2b: Volcanion\n|-damage|p2b: Volcanion|0 fnt\n|faint|p2b: Volcanion\n|move|p1b: Scratching Fire|Iron Head|p2a: Diancie\n|-supereffective|p2a: Diancie\n|-damage|p2a: Diancie|0 fnt\n|debug|move failed because it did nothing\n|faint|p2a: Diancie\n|\n|upkeep\n|\n|t:|1717031011\n|switch|p2b: Kartana|Kartana|260/260\n|switch|p2a: Kangaskhan|Kangaskhan-Mega, F|352/352 par\n|turn|10\n|\n|t:|1717031058\n|move|p2a: Kangaskhan|Fake Out|p1a: M as in Mancy\n|-damage|p1a: M as in Mancy|180/331\n|debug|Parental Bond modifier: 0.25\n|-damage|p1a: M as in Mancy|162/331\n|debug|move failed because it did nothing\n|-hitcount|p1a: M as in Mancy|2\n|cant|p1a: M as in Mancy|flinch\n|move|p2b: Kartana|Knock Off|p1b: Scratching Fire\n|-damage|p1b: Scratching Fire|153/434\n|-enditem|p1b: Scratching Fire|Assault Vest|[from] move: Knock Off|[of] p2b: Kartana\n|move|p1b: Scratching Fire|Sacred Fire|p2b: Kartana\n|-supereffective|p2b: Kartana\n|-enditem|p2b: Kartana|Focus Sash\n|-damage|p2b: Kartana|1/260\n|-status|p2b: Kartana|brn\n|\n|-damage|p2b: Kartana|0 fnt|[from] brn\n|faint|p2b: Kartana\n|upkeep\n|\n|t:|1717031075\n|switch|p2b: Marshadow|Marshadow|322/322\n|turn|11\n|\n|t:|1717031101\n|move|p2b: Marshadow|Shadow Sneak|p1a: M as in Mancy\n|debug|Base Power: 40\n|debug|Technician boost\n|-damage|p1a: M as in Mancy|37/331\n|-damage|p2b: Marshadow|290/322|[from] item: Life Orb\n|move|p2a: Kangaskhan|Sucker Punch|p1b: Scratching Fire\n|-damage|p1b: Scratching Fire|47/434\n|debug|Parental Bond modifier: 0.25\n|-damage|p1b: Scratching Fire|21/434\n|-hitcount|p1b: Scratching Fire|2\n|move|p1a: M as in Mancy|Return|p2b: Marshadow\n|-supereffective|p2b: Marshadow\n|-damage|p2b: Marshadow|0 fnt\n|faint|p2b: Marshadow\n|move|p1b: Scratching Fire|Sacred Fire|p2a: Kangaskhan\n|-damage|p2a: Kangaskhan|174/352 par\n|\n|upkeep\n|turn|12\n|\n|t:|1717031202\n|cant|p2a: Kangaskhan|par\n|move|p1a: M as in Mancy|Return|p2a: Kangaskhan\n|-damage|p2a: Kangaskhan|0 fnt\n|faint|p2a: Kangaskhan\n|\n|win|je64\n","uploadtime":1717031210,"views":"36","formatid":"gen9doublescustomgame","rating":null,"private":0,"password":null}