{"id":"gen9doublescustomgame-2261341252","format":"[Gen 9] Doubles Custom Game","players":["mattmandaman","noli_cannoli10"],"log":"|badge|p1|silver|gen9doublesou|30-3\n|uhtml|medal-msg|<div class=\"broadcast-blue\">Curious what those medals under the avatar are? PS now has Ladder Seasons! For more information, check out the <a href=\"https://www.smogon.com/forums/threads/3740067/\">thread on Smogon.</a></div>\n|j|☆mattmandaman\n|j|☆noli_cannoli10\n|t:|1733964201\n|gametype|doubles\n|player|p1|mattmandaman|giovanni|\n|player|p2|noli_cannoli10|102|\n|teamsize|p1|6\n|teamsize|p2|6\n|gen|9\n|tier|[Gen 9] Doubles Custom Game\n|clearpoke\n|poke|p1|Cloyster, M|\n|poke|p1|Fearow, F|\n|poke|p1|Electrode|\n|poke|p1|Primeape, M|\n|poke|p1|Pinsir, M|\n|poke|p1|Gengar, F|\n|poke|p2|Aerodactyl, F|\n|poke|p2|Scyther, M|\n|poke|p2|Paras, F|\n|poke|p2|Hypno, M|\n|poke|p2|Machamp, F|\n|poke|p2|Slowbro, F|\n|teampreview\n|\n|t:|1733964249\n|start\n|switch|p1a: Electrode|Electrode|281/281\n|switch|p1b: Pinsir|Pinsir, M|272/272\n|switch|p2a: Barney's Cuz|Aerodactyl, F, shiny|301/301\n|switch|p2b: Stoner child|Slowbro, F|394/394\n|turn|1\n|\n|t:|1733964277\n|move|p1a: Electrode|Thunderbolt|p2a: Barney's Cuz\n|-supereffective|p2a: Barney's Cuz\n|-damage|p2a: Barney's Cuz|31/301\n|move|p2a: Barney's Cuz|Sky Attack||[still]\n|-prepare|p2a: Barney's Cuz|Sky Attack\n|move|p1b: Pinsir|X-Scissor|p2b: Stoner child\n|-supereffective|p2b: Stoner child\n|-damage|p2b: Stoner child|178/394\n|move|p2b: Stoner child|Trick Room|p2b: Stoner child\n|-fieldstart|move: Trick Room|[of] p2b: Stoner child\n|\n|-heal|p2b: Stoner child|202/394|[from] item: Leftovers\n|upkeep\n|turn|2\n|\n|t:|1733964341\n|switch|p1a: Cloyster|Cloyster, M|267/267\n|move|p2b: Stoner child|Scald|p1a: Cloyster\n|-resisted|p1a: Cloyster\n|-damage|p1a: Cloyster|219/267\n|move|p1b: Pinsir|Rock Slide|p2b: Stoner child|[spread] p2a,p2b\n|debug|Spread modifier: 0.75\n|-supereffective|p2a: Barney's Cuz\n|debug|Spread modifier: 0.75\n|-damage|p2a: Barney's Cuz|0 fnt\n|-damage|p2b: Stoner child|153/394\n|faint|p2a: Barney's Cuz\n|\n|-heal|p2b: Stoner child|177/394|[from] item: Leftovers\n|upkeep\n|\n|t:|1733964354\n|switch|p2a: snom nose|Hypno, M|374/374\n|turn|3\n|\n|t:|1733964374\n|move|p2b: Stoner child|Psyshock|p1b: Pinsir\n|-damage|p1b: Pinsir|172/272\n|move|p2a: snom nose|Psychic Terrain|p2a: snom nose\n|-fieldstart|move: Psychic Terrain\n|move|p1a: Cloyster|Icicle Spear|p2a: snom nose\n|-damage|p2a: snom nose|319/374\n|-damage|p2a: snom nose|268/374\n|-damage|p2a: snom nose|211/374\n|-damage|p2a: snom nose|160/374\n|-damage|p2a: snom nose|106/374\n|-hitcount|p2a: snom nose|5\n|move|p1b: Pinsir|X-Scissor|p2b: Stoner child\n|-supereffective|p2b: Stoner child\n|-damage|p2b: Stoner child|0 fnt\n|faint|p2b: Stoner child\n|\n|upkeep\n|c|☆noli_cannoli10|ouch\n|\n|t:|1733964394\n|switch|p2b: I hate bugs|Paras, F|274/274\n|turn|4\n|\n|t:|1733964406\n|move|p2b: I hate bugs|Knock Off|p1b: Pinsir\n|-damage|p1b: Pinsir|83/272\n|-enditem|p1b: Pinsir|Mirror Herb|[from] move: Knock Off|[of] p2b: I hate bugs\n|move|p2a: snom nose|Expanding Force|p1a: Cloyster|[spread] p1a,p1b\n|debug|psychic terrain boost\n|debug|terrain buff\n|debug|Spread modifier: 0.75\n|debug|psychic terrain boost\n|debug|terrain buff\n|debug|Spread modifier: 0.75\n|-damage|p1a: Cloyster|47/267\n|-damage|p1b: Pinsir|0 fnt\n|faint|p1b: Pinsir\n|move|p1a: Cloyster|Rock Blast|p2b: I hate bugs\n|-supereffective|p2b: I hate bugs\n|-damage|p2b: I hate bugs|186/274\n|-supereffective|p2b: I hate bugs\n|-damage|p2b: I hate bugs|94/274\n|-supereffective|p2b: I hate bugs\n|-damage|p2b: I hate bugs|0 fnt\n|faint|p2b: I hate bugs\n|-hitcount|p2: I hate bugs|3\n|\n|upkeep\n|\n|t:|1733964434\n|switch|p2b: People's Champ|Machamp, F|384/384\n|switch|p1b: Electrode|Electrode|281/281\n|turn|5\n|\n|t:|1733964451\n|move|p1b: Electrode|Protect|p1b: Electrode\n|-singleturn|p1b: Electrode|Protect\n|move|p2b: People's Champ|Thunder Punch|p1a: Cloyster\n|-supereffective|p1a: Cloyster\n|-damage|p1a: Cloyster|0 fnt\n|faint|p1a: Cloyster\n|move|p2a: snom nose|Expanding Force|p1b: Electrode\n|-activate|p1b: Electrode|move: Protect\n|\n|-fieldend|move: Trick Room\n|upkeep\n|\n|t:|1733964465\n|switch|p1a: Fearow|Fearow, F|272/272\n|turn|6\n|\n|t:|1733964478\n|move|p1b: Electrode|Thunderbolt|p2a: snom nose\n|-damage|p2a: snom nose|12/374\n|move|p1a: Fearow|Drill Peck|p2b: People's Champ\n|-supereffective|p2b: People's Champ\n|-damage|p2b: People's Champ|120/384\n|move|p2a: snom nose|Expanding Force|p1b: Electrode|[spread] p1a,p1b\n|debug|psychic terrain boost\n|debug|terrain buff\n|debug|Spread modifier: 0.75\n|debug|psychic terrain boost\n|debug|terrain buff\n|debug|Spread modifier: 0.75\n|-damage|p1a: Fearow|0 fnt\n|-damage|p1b: Electrode|62/281\n|-enditem|p1b: Electrode|Wiki Berry|[eat]\n|-heal|p1b: Electrode|155/281|[from] item: Wiki Berry\n|faint|p1a: Fearow\n|move|p2b: People's Champ|Thunder Punch|p1b: Electrode\n|-resisted|p1b: Electrode\n|-damage|p1b: Electrode|93/281\n|\n|upkeep\n|\n|t:|1733964500\n|switch|p1a: Gengar|Gengar, F|262/262\n|turn|7\n|c|☆mattmandaman|thats alot of damage\\\n|\n|t:|1733964521\n|move|p2b: People's Champ|Bullet Punch|p1a: Gengar\n|-activate|p1a: Gengar|move: Psychic Terrain\n|move|p1b: Electrode|Thunderbolt|p2a: snom nose\n|-damage|p2a: snom nose|0 fnt\n|faint|p2a: snom nose\n|move|p1a: Gengar|Sludge Bomb|p2b: People's Champ\n|-damage|p2b: People's Champ|0 fnt\n|debug|move failed because it did nothing\n|faint|p2b: People's Champ\n|-damage|p1a: Gengar|236/262|[from] item: Life Orb\n|\n|-fieldend|move: Psychic Terrain\n|upkeep\n|\n|t:|1733964540\n|switch|p2b: Mantis Man|Scyther, M, shiny|281/281\n|turn|8\n|\n|t:|1733964554\n|move|p1b: Electrode|Thunderbolt|p2b: Mantis Man\n|-supereffective|p2b: Mantis Man\n|-damage|p2b: Mantis Man|77/281\n|move|p2b: Mantis Man|Aerial Ace|p1b: Electrode\n|debug|Base Power: 60\n|debug|Technician boost\n|-resisted|p1b: Electrode\n|-damage|p1b: Electrode|3/281\n|-status|p2b: Mantis Man|par|[from] ability: Static|[of] p1b: Electrode\n|move|p1a: Gengar|Sludge Bomb|p2b: Mantis Man\n|-damage|p2b: Mantis Man|0 fnt\n|faint|p2b: Mantis Man\n|-damage|p1a: Gengar|210/262|[from] item: Life Orb\n|\n|win|mattmandaman\n|c|☆noli_cannoli10|gg\n|c|☆mattmandaman|gg\n","uploadtime":1733964572,"views":"29","formatid":"gen9doublescustomgame","rating":null,"private":0,"password":null}