{"id":"gen9doublescustomgame-2293270228","format":"[Gen 9] Doubles Custom Game","players":["mistermoscow","Mattmandaman"],"log":"|j|☆mistermoscow\n|j|☆Mattmandaman\n|t:|1738544475\n|gametype|doubles\n|player|p1|mistermoscow|alder|\n|player|p2|Mattmandaman|giovanni|\n|teamsize|p1|6\n|teamsize|p2|6\n|gen|9\n|tier|[Gen 9] Doubles Custom Game\n|clearpoke\n|poke|p1|Nidoking, M|\n|poke|p1|Poliwrath, M|\n|poke|p1|Victreebel, M|\n|poke|p1|Dewgong, M|\n|poke|p1|Gengar, M|\n|poke|p1|Dragonite, M|\n|poke|p2|Machamp, M|\n|poke|p2|Starmie|\n|poke|p2|Chansey, F|\n|poke|p2|Nidoking, M|\n|poke|p2|Gengar, M|\n|poke|p2|Muk, F|\n|teampreview\n|\n|t:|1738544513\n|start\n|switch|p1a: Dewey|Dewgong, M|384/384\n|switch|p1b: Victor|Victreebel, M|364/364\n|switch|p2a: Machamp|Machamp, M|384/384\n|switch|p2b: Gengar|Gengar, M|262/262\n|turn|1\n|\n|t:|1738544545\n|move|p1a: Dewey|Ice Shard|p2b: Gengar\n|-damage|p2b: Gengar|178/262\n|move|p1b: Victor|Sucker Punch||[still]\n|-fail|p1b: Victor\n|move|p2b: Gengar|Will-O-Wisp|p1b: Victor\n|-status|p1b: Victor|brn\n|move|p2a: Machamp|Dynamic Punch|p1a: Dewey\n|debug|Punching Glove boost\n|-supereffective|p1a: Dewey\n|-damage|p1a: Dewey|0 fnt\n|debug|move failed because it did nothing\n|faint|p1a: Dewey\n|\n|-damage|p1b: Victor|342/364 brn|[from] brn\n|upkeep\n|\n|t:|1738544565\n|switch|p1a: Puff Daddy|Dragonite, M|323/323\n|turn|2\n|\n|t:|1738544577\n|move|p2a: Machamp|Protect|p2a: Machamp\n|-singleturn|p2a: Machamp|Protect\n|move|p2b: Gengar|Will-O-Wisp|p1a: Puff Daddy\n|-status|p1a: Puff Daddy|brn\n|move|p1a: Puff Daddy|Rain Dance|p1a: Puff Daddy\n|-weather|RainDance\n|move|p1b: Victor|Swords Dance|p1b: Victor\n|-boost|p1b: Victor|atk|2\n|\n|-weather|RainDance|[upkeep]\n|-damage|p1a: Puff Daddy|303/323 brn|[from] brn\n|-damage|p1b: Victor|320/364 brn|[from] brn\n|upkeep\n|turn|3\n|\n|t:|1738544622\n|switch|p2b: Nidoking|Nidoking, M|304/304\n|move|p1a: Puff Daddy|Dual Wingbeat|p2a: Machamp\n|-supereffective|p2a: Machamp\n|-damage|p2a: Machamp|285/384\n|-supereffective|p2a: Machamp\n|-damage|p2a: Machamp|189/384\n|-hitcount|p2a: Machamp|2\n|move|p1b: Victor|Swords Dance|p1b: Victor\n|-boost|p1b: Victor|atk|2\n|move|p2a: Machamp|Stone Edge|p1b: Victor\n|-crit|p1b: Victor\n|-damage|p1b: Victor|41/364 brn\n|-enditem|p1b: Victor|Aguav Berry|[eat]\n|-heal|p1b: Victor|162/364 brn|[from] item: Aguav Berry\n|\n|-weather|RainDance|[upkeep]\n|-damage|p1a: Puff Daddy|283/323 brn|[from] brn\n|-damage|p1b: Victor|140/364 brn|[from] brn\n|upkeep\n|turn|4\n|\n|t:|1738544646\n|move|p1b: Victor|Sucker Punch|p2b: Nidoking\n|-damage|p2b: Nidoking|146/304\n|move|p2b: Nidoking|Ice Beam|p1b: Victor\n|-supereffective|p1b: Victor\n|-damage|p1b: Victor|0 fnt\n|faint|p1b: Victor\n|move|p1a: Puff Daddy|Dual Wingbeat|p2a: Machamp\n|-supereffective|p2a: Machamp\n|-crit|p2a: Machamp\n|-damage|p2a: Machamp|38/384\n|-supereffective|p2a: Machamp\n|-damage|p2a: Machamp|0 fnt\n|faint|p2a: Machamp\n|-hitcount|p2: Machamp|2\n|\n|-weather|RainDance|[upkeep]\n|-damage|p1a: Puff Daddy|263/323 brn|[from] brn\n|upkeep\n|\n|t:|1738544667\n|switch|p1b: Polly|Poliwrath, M|321/321\n|switch|p2a: Starmie|Starmie|262/262\n|turn|5\n|\n|t:|1738544694\n|switch|p2b: Muk|Muk, F|414/414\n|move|p1b: Polly|Liquidation|p2b: Muk\n|debug|rain water boost\n|-damage|p2b: Muk|173/414\n|-unboost|p2b: Muk|def|1\n|move|p2a: Starmie|Psychic|p1b: Polly\n|-supereffective|p1b: Polly\n|-damage|p1b: Polly|27/321\n|debug|Covert Cloak prevent secondary\n|move|p1a: Puff Daddy|Dragon Claw|p2a: Starmie\n|-damage|p2a: Starmie|178/262\n|\n|-weather|RainDance|[upkeep]\n|-heal|p2b: Muk|198/414|[from] item: Black Sludge\n|-damage|p1a: Puff Daddy|243/323 brn|[from] brn\n|upkeep\n|turn|6\n|\n|t:|1738544734\n|move|p2b: Muk|Shadow Sneak|p1b: Polly\n|-damage|p1b: Polly|0 fnt\n|faint|p1b: Polly\n|move|p2a: Starmie|Ice Beam|p1a: Puff Daddy\n|-supereffective|p1a: Puff Daddy\n|-damage|p1a: Puff Daddy|0 fnt\n|faint|p1a: Puff Daddy\n|\n|-weather|none\n|-heal|p2b: Muk|223/414|[from] item: Black Sludge\n|upkeep\n|\n|t:|1738544742\n|switch|p1a: King Nido|Nidoking, M|304/304\n|switch|p1b: Gang Gang|Gengar, M|262/262\n|turn|7\n|\n|t:|1738544762\n|move|p2b: Muk|Shadow Sneak|p1b: Gang Gang\n|-supereffective|p1b: Gang Gang\n|-damage|p1b: Gang Gang|128/262\n|-start|p2b: Muk|Disable|Shadow Sneak|[from] ability: Cursed Body|[of] p1b: Gang Gang\n|debug|natural status immunity\n|debug|immune to status\n|move|p1a: King Nido|Sludge Wave|p2a: Starmie|[spread] p1b,p2a,p2b\n|debug|Spread modifier: 0.75\n|-resisted|p1b: Gang Gang\n|debug|Spread modifier: 0.75\n|debug|Spread modifier: 0.75\n|-resisted|p2b: Muk\n|-damage|p1b: Gang Gang|88/262\n|-damage|p2a: Starmie|79/262\n|-damage|p2b: Muk|159/414\n|move|p2a: Starmie|Icy Wind|p1a: King Nido|[spread] p1a,p1b\n|debug|Spread modifier: 0.75\n|-supereffective|p1a: King Nido\n|debug|Spread modifier: 0.75\n|-damage|p1a: King Nido|198/304\n|-damage|p1b: Gang Gang|31/262\n|-unboost|p1a: King Nido|spe|1\n|-unboost|p1b: Gang Gang|spe|1\n|move|p1b: Gang Gang|Shadow Ball|p2b: Muk\n|-damage|p2b: Muk|11/414\n|\n|-heal|p2b: Muk|36/414|[from] item: Black Sludge\n|upkeep\n|turn|8\n|-message|mistermoscow forfeited.\n|\n|win|Mattmandaman\n|c|☆mistermoscow|gg\n|c|☆Mattmandaman|gg\n","uploadtime":1738544791,"views":"26","formatid":"gen9doublescustomgame","rating":null,"private":0,"password":null}