{"id":"gen9doublescustomgame-2284304066","format":"[Gen 9] Doubles Custom Game","players":["mistermoscow","Mango Meloetta"],"log":"|j|☆mistermoscow\n|j|☆Mango Meloetta\n|t:|1737329591\n|gametype|doubles\n|player|p1|mistermoscow|alder|\n|player|p2|Mango Meloetta|li|\n|teamsize|p1|6\n|teamsize|p2|6\n|gen|9\n|tier|[Gen 9] Doubles Custom Game\n|clearpoke\n|poke|p1|Clefairy, M|\n|poke|p1|Poliwrath, F|\n|poke|p1|Gengar, M|\n|poke|p1|Jolteon, M|\n|poke|p1|Snorlax, M|\n|poke|p1|Dragonite, M|\n|poke|p2|Snorlax, F|\n|poke|p2|Cloyster, M|\n|poke|p2|Parasect, M|\n|poke|p2|Arcanine, M|\n|poke|p2|Weezing, F|\n|poke|p2|Golduck, F|\n|teampreview\n|j| je64\n|j| Mattmandaman\n|\n|t:|1737329623\n|start\n|switch|p1a: Polly|Poliwrath, F|384/384\n|switch|p1b: Puff Daddy|Dragonite, M|355/355\n|switch|p2a: Woof Burn|Arcanine, M|321/321\n|switch|p2b: Too High|Golduck, F|301/301\n|-ability|p2a: Woof Burn|Intimidate|boost\n|-unboost|p1a: Polly|atk|1\n|-fail|p1b: Puff Daddy|unboost|[from] item: Clear Amulet|[of] p1b: Puff Daddy\n|-ability|p2b: Too High|Cloud Nine\n|turn|1\n|\n|t:|1737329675\n|move|p1b: Puff Daddy|Protect|p1b: Puff Daddy\n|-singleturn|p1b: Puff Daddy|Protect\n|move|p2a: Woof Burn|Play Rough|p1a: Polly\n|-supereffective|p1a: Polly\n|-damage|p1a: Polly|62/384\n|debug|Covert Cloak prevent secondary\n|move|p2b: Too High|Psychic|p1a: Polly\n|-supereffective|p1a: Polly\n|-damage|p1a: Polly|0 fnt\n|debug|Covert Cloak prevent secondary\n|faint|p1a: Polly\n|\n|upkeep\n|\n|t:|1737329690\n|switch|p1a: Sparky|Jolteon, M|271/271\n|-item|p1a: Sparky|Air Balloon\n|turn|2\n|\n|t:|1737329704\n|switch|p1b: Snax|Snorlax, M|461/461\n|move|p1a: Sparky|Electroweb|p2b: Too High|[spread] p2a,p2b\n|debug|Spread modifier: 0.75\n|debug|Spread modifier: 0.75\n|-supereffective|p2b: Too High\n|-damage|p2a: Woof Burn|249/321\n|-damage|p2b: Too High|143/301\n|-unboost|p2a: Woof Burn|spe|1\n|-unboost|p2b: Too High|spe|1\n|move|p2a: Woof Burn|Play Rough|p1b: Snax\n|-damage|p1b: Snax|325/461\n|move|p2b: Too High|Ice Beam|p1b: Snax\n|-damage|p1b: Snax|273/461\n|\n|upkeep\n|turn|3\n|\n|t:|1737329728\n|switch|p2a: Too Dank|Weezing, F|334/334\n|-ability|p2a: Too Dank|Neutralizing Gas\n|switch|p2b: Aroma Boy|Parasect, M|324/324\n|debug|PreStart handler suppressed by Gastro Acid or Neutralizing Gas\n|debug|Start handler suppressed by Gastro Acid or Neutralizing Gas\n|move|p1a: Sparky|Electroweb|p2a: Too Dank|[spread] p2a,p2b\n|debug|Spread modifier: 0.75\n|debug|Spread modifier: 0.75\n|-resisted|p2b: Aroma Boy\n|-damage|p2a: Too Dank|261/334\n|-damage|p2b: Aroma Boy|297/324\n|-unboost|p2a: Too Dank|spe|1\n|-unboost|p2b: Aroma Boy|spe|1\n|debug|DamagingHit handler suppressed by Gastro Acid or Neutralizing Gas\n|move|p1b: Snax|Darkest Lariat|p2a: Too Dank\n|debug|Negating (sp)def boost/penalty.\n|-crit|p2a: Too Dank\n|-damage|p2a: Too Dank|151/334\n|\n|-heal|p2b: Aroma Boy|317/324|[from] item: Leftovers\n|upkeep\n|turn|4\n|\n|t:|1737329778\n|move|p1a: Sparky|Shadow Ball|p2b: Aroma Boy\n|-damage|p2b: Aroma Boy|242/324\n|-unboost|p2b: Aroma Boy|spd|1\n|debug|DamagingHit handler suppressed by Gastro Acid or Neutralizing Gas\n|move|p2a: Too Dank|Will-O-Wisp|p1b: Snax\n|debug|SetStatus handler suppressed by Gastro Acid or Neutralizing Gas\n|-status|p1b: Snax|brn\n|move|p1b: Snax|Double-Edge|p2b: Aroma Boy\n|-damage|p2b: Aroma Boy|125/324\n|debug|DamagingHit handler suppressed by Gastro Acid or Neutralizing Gas\n|-damage|p1b: Snax|234/461 brn|[from] Recoil\n|move|p2b: Aroma Boy|Reflect|p2b: Aroma Boy\n|-sidestart|p2: Mango Meloetta|Reflect\n|\n|-heal|p2b: Aroma Boy|145/324|[from] item: Leftovers\n|-damage|p1b: Snax|206/461 brn|[from] brn\n|upkeep\n|turn|5\n|\n|t:|1737329804\n|switch|p2b: Woof Burn|Arcanine, M|249/321\n|debug|PreStart handler suppressed by Gastro Acid or Neutralizing Gas\n|debug|Start handler suppressed by Gastro Acid or Neutralizing Gas\n|move|p1a: Sparky|Electroweb|p2a: Too Dank|[spread] p2a,p2b\n|debug|Spread modifier: 0.75\n|debug|Spread modifier: 0.75\n|-damage|p2a: Too Dank|72/334\n|-damage|p2b: Woof Burn|177/321\n|-unboost|p2a: Too Dank|spe|1\n|-unboost|p2b: Woof Burn|spe|1\n|move|p1b: Snax|Facade|p2a: Too Dank\n|debug|Reflect weaken\n|-damage|p2a: Too Dank|0 fnt\n|faint|p2a: Too Dank\n|-end|p2a: Too Dank|ability: Neutralizing Gas\n|-ability|p2b: Woof Burn|Intimidate|boost\n|-unboost|p1a: Sparky|atk|1\n|-unboost|p1b: Snax|atk|1\n|\n|-damage|p1b: Snax|178/461 brn|[from] brn\n|upkeep\n|\n|t:|1737329827\n|switch|p2a: The Cloisters|Cloyster, M|282/282\n|turn|6\n|\n|t:|1737329839\n|switch|p1b: Clifford|Clefairy, M|344/344\n|move|p1a: Sparky|Electroweb|p2b: Woof Burn|[spread] p2a,p2b\n|debug|Spread modifier: 0.75\n|-supereffective|p2a: The Cloisters\n|debug|Spread modifier: 0.75\n|-damage|p2a: The Cloisters|42/282\n|-damage|p2b: Woof Burn|95/321\n|-unboost|p2a: The Cloisters|spe|1\n|-unboost|p2b: Woof Burn|spe|1\n|-enditem|p2a: The Cloisters|Weakness Policy\n|-boost|p2a: The Cloisters|atk|2|[from] item: Weakness Policy\n|-boost|p2a: The Cloisters|spa|2|[from] item: Weakness Policy\n|move|p2b: Woof Burn|Close Combat|p1b: Clifford\n|-resisted|p1b: Clifford\n|-damage|p1b: Clifford|239/344\n|-unboost|p2b: Woof Burn|def|1\n|-unboost|p2b: Woof Burn|spd|1\n|move|p2a: The Cloisters|Shell Smash|p2a: The Cloisters\n|-unboost|p2a: The Cloisters|def|1\n|-unboost|p2a: The Cloisters|spd|1\n|-boost|p2a: The Cloisters|atk|2\n|-boost|p2a: The Cloisters|spa|2\n|-boost|p2a: The Cloisters|spe|2\n|\n|upkeep\n|turn|7\n|\n|t:|1737329878\n|switch|p2b: Aroma Boy|Parasect, M|145/324\n|move|p1b: Clifford|Follow Me|p1b: Clifford\n|-singleturn|p1b: Clifford|move: Follow Me\n|move|p2a: The Cloisters|Ice Shard|p1b: Clifford\n|debug|Follow Me redirected target of move\n|-damage|p1b: Clifford|29/344\n|move|p1a: Sparky|Electroweb|p2b: Aroma Boy|[spread] p2a,p2b\n|debug|Spread modifier: 0.75\n|-supereffective|p2a: The Cloisters\n|debug|Spread modifier: 0.75\n|-resisted|p2b: Aroma Boy\n|-damage|p2a: The Cloisters|0 fnt\n|-damage|p2b: Aroma Boy|116/324\n|-unboost|p2b: Aroma Boy|spe|1\n|faint|p2a: The Cloisters\n|\n|-heal|p2b: Aroma Boy|136/324|[from] item: Leftovers\n|upkeep\n|\n|t:|1737329891\n|switch|p2a: Woof Burn|Arcanine, M|95/321\n|-ability|p2a: Woof Burn|Intimidate|boost\n|-unboost|p1a: Sparky|atk|1\n|-unboost|p1b: Clifford|atk|1\n|turn|8\n|\n|t:|1737329915\n|move|p1a: Sparky|Electroweb|p2a: Woof Burn|[spread] p2a,p2b\n|debug|Spread modifier: 0.75\n|debug|Spread modifier: 0.75\n|-resisted|p2b: Aroma Boy\n|-damage|p2a: Woof Burn|13/321\n|-damage|p2b: Aroma Boy|107/324\n|-unboost|p2a: Woof Burn|spe|1\n|-unboost|p2b: Aroma Boy|spe|1\n|move|p2a: Woof Burn|Flame Charge|p1b: Clifford\n|-damage|p1b: Clifford|0 fnt\n|-boost|p2a: Woof Burn|spe|1\n|faint|p1b: Clifford\n|move|p2b: Aroma Boy|Spore|p1a: Sparky\n|-status|p1a: Sparky|slp|[from] move: Spore\n|\n|-heal|p2b: Aroma Boy|127/324|[from] item: Leftovers\n|-sideend|p2: Mango Meloetta|Reflect\n|upkeep\n|\n|t:|1737329936\n|switch|p1b: Gang Gang|Gengar, M|262/262\n|turn|9\n|\n|t:|1737329952\n|cant|p1a: Sparky|slp\n|move|p1b: Gang Gang|Shadow Ball|p2b: Aroma Boy\n|-damage|p2b: Aroma Boy|0 fnt\n|faint|p2b: Aroma Boy\n|move|p2a: Woof Burn|Flame Charge|p1b: Gang Gang\n|-damage|p1b: Gang Gang|67/262\n|-boost|p2a: Woof Burn|spe|1\n|-start|p2a: Woof Burn|Disable|Flame Charge|[from] ability: Cursed Body|[of] p1b: Gang Gang\n|\n|upkeep\n|\n|t:|1737329969\n|switch|p2b: Too High|Golduck, F|143/301\n|-ability|p2b: Too High|Cloud Nine\n|turn|10\n|\n|t:|1737330013\n|switch|p2a: Snack Lax|Snorlax, F|524/524\n|cant|p1a: Sparky|slp\n|move|p1b: Gang Gang|Perish Song|p1b: Gang Gang\n|-start|p1a: Sparky|perish3|[silent]\n|-start|p1b: Gang Gang|perish3|[silent]\n|-start|p2a: Snack Lax|perish3|[silent]\n|-start|p2b: Too High|perish3|[silent]\n|-fieldactivate|move: Perish Song\n|move|p2b: Too High|Psychic|p1b: Gang Gang\n|-supereffective|p1b: Gang Gang\n|-damage|p1b: Gang Gang|0 fnt\n|faint|p1b: Gang Gang\n|\n|-start|p1a: Sparky|perish3\n|-start|p2b: Too High|perish3\n|-start|p2a: Snack Lax|perish3\n|upkeep\n|\n|t:|1737330030\n|switch|p1b: Puff Daddy|Dragonite, M|355/355\n|turn|11\n|\n|t:|1737330058\n|switch|p2a: Woof Burn|Arcanine, M|13/321\n|-ability|p2a: Woof Burn|Intimidate|boost\n|-unboost|p1a: Sparky|atk|1\n|-fail|p1b: Puff Daddy|unboost|[from] item: Clear Amulet|[of] p1b: Puff Daddy\n|move|p1b: Puff Daddy|Protect|p1b: Puff Daddy\n|-singleturn|p1b: Puff Daddy|Protect\n|cant|p1a: Sparky|slp\n|move|p2b: Too High|Ice Beam|p1a: Sparky\n|-damage|p1a: Sparky|173/271 slp\n|-enditem|p1a: Sparky|Air Balloon\n|\n|-start|p1a: Sparky|perish2\n|-start|p2b: Too High|perish2\n|upkeep\n|turn|12\n|\n|t:|1737330089\n|switch|p1b: Snax|Snorlax, M|178/461 brn\n|-curestatus|p1a: Sparky|slp|[msg]\n|move|p1a: Sparky|Electroweb|p2a: Woof Burn|[spread] p2a,p2b\n|debug|Spread modifier: 0.75\n|debug|Spread modifier: 0.75\n|-supereffective|p2b: Too High\n|-damage|p2a: Woof Burn|0 fnt\n|-damage|p2b: Too High|0 fnt\n|faint|p2a: Woof Burn\n|faint|p2b: Too High\n|\n|-damage|p1b: Snax|150/461 brn|[from] brn\n|-start|p1a: Sparky|perish1\n|upkeep\n|\n|t:|1737330098\n|switch|p2b: Snack Lax|Snorlax, F|524/524\n|turn|13\n|\n|t:|1737330111\n|move|p1a: Sparky|Reflect|p1a: Sparky\n|-sidestart|p1: mistermoscow|Reflect\n|move|p2b: Snack Lax|Belly Drum|p2b: Snack Lax\n|-damage|p2b: Snack Lax|262/524\n|-setboost|p2b: Snack Lax|atk|6|[from] move: Belly Drum\n|-enditem|p2b: Snack Lax|Aguav Berry|[eat]\n|-heal|p2b: Snack Lax|436/524|[from] item: Aguav Berry\n|move|p1b: Snax|Facade|p2b: Snack Lax\n|-damage|p2b: Snack Lax|90/524\n|\n|-damage|p1b: Snax|122/461 brn|[from] brn\n|-start|p1a: Sparky|perish0\n|faint|p1a: Sparky\n|upkeep\n|\n|t:|1737330125\n|switch|p1a: Puff Daddy|Dragonite, M|355/355\n|turn|14\n|\n|t:|1737330134\n|move|p1a: Puff Daddy|Dragon Claw|p2b: Snack Lax\n|-damage|p2b: Snack Lax|0 fnt\n|faint|p2b: Snack Lax\n|\n|win|mistermoscow\n","uploadtime":1737330138,"views":"12","formatid":"gen9doublescustomgame","rating":null,"private":0,"password":null}