{"id":"gen9doublescustomgame-2119302793","format":"[Gen 9] Doubles Custom Game","players":["mistermoscow","mattmandaman"],"log":"|j|☆mistermoscow\n|j|☆mattmandaman\n|t:|1715035632\n|gametype|doubles\n|player|p1|mistermoscow|101|\n|player|p2|mattmandaman|giovanni|\n|teamsize|p1|6\n|teamsize|p2|6\n|gen|9\n|tier|[Gen 9] Doubles Custom Game\n|clearpoke\n|poke|p1|Roaring Moon|\n|poke|p1|Incineroar, F|\n|poke|p1|Ninetales-Alola, F|\n|poke|p1|Landorus, M|\n|poke|p1|Ogerpon-Wellspring, F|\n|poke|p1|Gholdengo|\n|poke|p2|Indeedee-F, F|\n|poke|p2|Deoxys-Attack|\n|poke|p2|Ting-Lu|\n|poke|p2|Kangaskhan, F|\n|poke|p2|Diancie|\n|poke|p2|Marshadow|\n|teampreview\n|\n|t:|1715035670\n|start\n|switch|p1a: Moonie|Roaring Moon|360/360\n|switch|p1b: Princess Buttercup|Ninetales-Alola, F|350/350\n|switch|p2a: Ting-Lu|Ting-Lu|514/514\n|switch|p2b: Kangaskhan|Kangaskhan, F|352/352\n|-weather|Snow|[from] ability: Snow Warning|[of] p1b: Princess Buttercup\n|-ability|p2a: Ting-Lu|Vessel of Ruin\n|-enditem|p1a: Moonie|Booster Energy\n|-activate|p1a: Moonie|ability: Protosynthesis|[fromitem]\n|-start|p1a: Moonie|protosynthesisspe\n|turn|1\n|debug|Protosynthesis spe boost\n|debug|Protosynthesis spe boost\n|\n|t:|1715035701\n|detailschange|p2b: Kangaskhan|Kangaskhan-Mega, F\n|-mega|p2b: Kangaskhan|Kangaskhan|Kangaskhanite\n|debug|Protosynthesis spe boost\n|debug|Protosynthesis spe boost\n|move|p1a: Moonie|Tailwind|p1a: Moonie\n|-sidestart|p1: mistermoscow|move: Tailwind\n|debug|Protosynthesis spe boost\n|move|p1b: Princess Buttercup|Aurora Veil|p1b: Princess Buttercup\n|-sidestart|p1: mistermoscow|move: Aurora Veil\n|debug|Protosynthesis spe boost\n|move|p2b: Kangaskhan|Power-Up Punch|p1b: Princess Buttercup\n|debug|Aurora Veil weaken\n|-damage|p1b: Princess Buttercup|323/350\n|-boost|p2b: Kangaskhan|atk|1\n|debug|Parental Bond modifier: 0.25\n|debug|Aurora Veil weaken\n|-damage|p1b: Princess Buttercup|314/350\n|-boost|p2b: Kangaskhan|atk|1\n|-hitcount|p1b: Princess Buttercup|2\n|debug|Protosynthesis spe boost\n|move|p2a: Ting-Lu|Stealth Rock|p1b: Princess Buttercup\n|-sidestart|p1: mistermoscow|move: Stealth Rock\n|\n|debug|Protosynthesis spe boost\n|-weather|Snow|[upkeep]\n|upkeep\n|turn|2\n|j| je64\n|debug|Protosynthesis spe boost\n|debug|Protosynthesis spe boost\n|\n|t:|1715035759\n|-end|p1a: Moonie|Protosynthesis|[silent]\n|switch|p1a: Goldi|Gholdengo|347/347\n|-damage|p1a: Goldi|326/347|[from] Stealth Rock\n|switch|p1b: Cindy|Incineroar, F|363/363\n|-ability|p1b: Cindy|Intimidate|boost\n|-unboost|p2a: Ting-Lu|atk|1\n|-unboost|p2b: Kangaskhan|atk|1\n|move|p2b: Kangaskhan|Return|p1b: Cindy\n|debug|Aurora Veil weaken\n|-damage|p1b: Cindy|167/363\n|debug|Parental Bond modifier: 0.25\n|debug|Aurora Veil weaken\n|-damage|p1b: Cindy|118/363\n|-hitcount|p1b: Cindy|2\n|move|p2a: Ting-Lu|Whirlwind|p1a: Goldi\n|-immune|p1a: Goldi|[from] ability: Good as Gold\n|\n|-weather|Snow|[upkeep]\n|-heal|p1a: Goldi|347/347|[from] item: Leftovers\n|upkeep\n|turn|3\n|\n|t:|1715035795\n|move|p1a: Goldi|Nasty Plot|p1a: Goldi\n|-boost|p1a: Goldi|spa|2\n|move|p1b: Cindy|Parting Shot|p2b: Kangaskhan\n|-unboost|p2b: Kangaskhan|atk|1\n|-unboost|p2b: Kangaskhan|spa|1\n|\n|t:|1715035823\n|switch|p1b: God|Landorus, M|319/319|[from] Parting Shot\n|-damage|p1b: God|280/319|[from] Stealth Rock\n|move|p2b: Kangaskhan|Power-Up Punch|p1b: God\n|-resisted|p1b: God\n|debug|Aurora Veil weaken\n|-damage|p1b: God|264/319\n|-boost|p2b: Kangaskhan|atk|1\n|debug|Parental Bond modifier: 0.25\n|-resisted|p1b: God\n|debug|Aurora Veil weaken\n|-damage|p1b: God|258/319\n|-boost|p2b: Kangaskhan|atk|1\n|-hitcount|p1b: God|2\n|move|p2a: Ting-Lu|Throat Chop|p1a: Goldi\n|-supereffective|p1a: Goldi\n|debug|Aurora Veil weaken\n|-damage|p1a: Goldi|251/347\n|-start|p1a: Goldi|Throat Chop|[silent]\n|\n|-weather|Snow|[upkeep]\n|-heal|p1a: Goldi|272/347|[from] item: Leftovers\n|upkeep\n|turn|4\n|\n|t:|1715036008\n|-terastallize|p1a: Goldi|Fairy\n|move|p2b: Kangaskhan|Sucker Punch|p1a: Goldi\n|-resisted|p1a: Goldi\n|debug|Aurora Veil weaken\n|-damage|p1a: Goldi|211/347\n|debug|Parental Bond modifier: 0.25\n|-resisted|p1a: Goldi\n|debug|Aurora Veil weaken\n|-damage|p1a: Goldi|197/347\n|-hitcount|p1a: Goldi|2\n|move|p1b: God|Sandsear Storm|p2a: Ting-Lu|[spread] p2a,p2b\n|debug|Vessel of Ruin SpA drop\n|debug|Spread modifier: 0.75\n|debug|Vessel of Ruin SpA drop\n|debug|Spread modifier: 0.75\n|-damage|p2a: Ting-Lu|353/514\n|-damage|p2b: Kangaskhan|206/352\n|move|p1a: Goldi|Make It Rain|p2b: Kangaskhan|[spread] p2a,p2b\n|debug|Vessel of Ruin SpA drop\n|debug|Spread modifier: 0.75\n|debug|Vessel of Ruin SpA drop\n|debug|Spread modifier: 0.75\n|-damage|p2a: Ting-Lu|106/514\n|-damage|p2b: Kangaskhan|0 fnt\n|-unboost|p1a: Goldi|spa|1\n|faint|p2b: Kangaskhan\n|move|p2a: Ting-Lu|Throat Chop|p1a: Goldi\n|-resisted|p1a: Goldi\n|debug|Aurora Veil weaken\n|-damage|p1a: Goldi|175/347\n|\n|-weather|Snow|[upkeep]\n|-heal|p1a: Goldi|196/347|[from] item: Leftovers\n|-end|p1a: Goldi|Throat Chop|[silent]\n|-sideend|p1: mistermoscow|move: Tailwind\n|upkeep\n|\n|t:|1715036047\n|switch|p2b: Deoxys|Deoxys-Attack|241/241\n|-ability|p2b: Deoxys|Pressure\n|turn|5\n|\n|t:|1715036079\n|move|p2b: Deoxys|Protect|p2b: Deoxys\n|-singleturn|p2b: Deoxys|Protect\n|move|p1b: God|Sludge Bomb|p2b: Deoxys\n|-activate|p2b: Deoxys|move: Protect\n|move|p1a: Goldi|Dazzling Gleam|p2b: Deoxys|[spread] p2a\n|-activate|p2b: Deoxys|move: Protect\n|debug|Vessel of Ruin SpA drop\n|debug|Spread modifier: 0.75\n|-supereffective|p2a: Ting-Lu\n|-damage|p2a: Ting-Lu|0 fnt\n|faint|p2a: Ting-Lu\n|\n|-weather|none\n|-heal|p1a: Goldi|217/347|[from] item: Leftovers\n|upkeep\n|\n|t:|1715036088\n|switch|p2a: Indeedee|Indeedee-F, F|344/344\n|-fieldstart|move: Psychic Terrain|[from] ability: Psychic Surge|[of] p2a: Indeedee\n|turn|6\n|\n|t:|1715036099\n|-terastallize|p2b: Deoxys|Psychic\n|move|p2a: Indeedee|Helping Hand|p2b: Deoxys\n|-singleturn|p2b: Deoxys|Helping Hand|[of] p2a: Indeedee\n|move|p2b: Deoxys|Expanding Force|p1b: God|[spread] p1a,p1b\n|debug|Boosting from Helping Hand: 1.5\n|debug|psychic terrain boost\n|debug|terrain buff\n|debug|Spread modifier: 0.75\n|debug|Aurora Veil weaken\n|debug|Boosting from Helping Hand: 1.5\n|debug|psychic terrain boost\n|debug|terrain buff\n|debug|Spread modifier: 0.75\n|debug|Aurora Veil weaken\n|-damage|p1a: Goldi|0 fnt\n|-damage|p1b: God|0 fnt\n|faint|p1a: Goldi\n|faint|p1b: God\n|\n|upkeep\n|\n|t:|1715036153\n|switch|p1b: Zora|Ogerpon-Wellspring, F|364/364\n|switch|p1a: Princess Buttercup|Ninetales-Alola, F|314/350\n|-damage|p1a: Princess Buttercup|227/350|[from] Stealth Rock\n|-weather|Snow|[from] ability: Snow Warning|[of] p1a: Princess Buttercup\n|-damage|p1b: Zora|319/364|[from] Stealth Rock\n|turn|7\n|\n|t:|1715036175\n|move|p2a: Indeedee|Helping Hand|p2b: Deoxys\n|-singleturn|p2b: Deoxys|Helping Hand|[of] p2a: Indeedee\n|move|p1b: Zora|Spiky Shield|p1b: Zora\n|-singleturn|p1b: Zora|move: Protect\n|move|p2b: Deoxys|Expanding Force|p1a: Princess Buttercup|[spread] p1a\n|-activate|p1b: Zora|move: Protect\n|debug|Boosting from Helping Hand: 1.5\n|debug|psychic terrain boost\n|debug|terrain buff\n|debug|Spread modifier: 0.75\n|-crit|p1a: Princess Buttercup\n|-damage|p1a: Princess Buttercup|0 fnt\n|faint|p1a: Princess Buttercup\n|\n|-weather|Snow|[upkeep]\n|upkeep\n|\n|t:|1715036187\n|switch|p1a: Moonie|Roaring Moon|360/360\n|-damage|p1a: Moonie|315/360|[from] Stealth Rock\n|turn|8\n|\n|t:|1715036221\n|move|p2a: Indeedee|Helping Hand|p2b: Deoxys\n|-singleturn|p2b: Deoxys|Helping Hand|[of] p2a: Indeedee\n|move|p1a: Moonie|Protect|p1a: Moonie\n|-singleturn|p1a: Moonie|Protect\n|move|p2b: Deoxys|Expanding Force|p1a: Moonie|[spread] p1b\n|-activate|p1a: Moonie|move: Protect\n|debug|Boosting from Helping Hand: 1.5\n|debug|psychic terrain boost\n|debug|terrain buff\n|debug|Spread modifier: 0.75\n|debug|Aurora Veil weaken\n|-damage|p1b: Zora|0 fnt\n|faint|p1b: Zora\n|\n|-weather|Snow|[upkeep]\n|-sideend|p1: mistermoscow|move: Aurora Veil\n|upkeep\n|\n|t:|1715036230\n|switch|p1b: Cindy|Incineroar, F|118/363\n|-ability|p1b: Cindy|Intimidate|boost\n|-unboost|p2a: Indeedee|atk|1\n|-unboost|p2b: Deoxys|atk|1\n|turn|9\n|\n|t:|1715036249\n|move|p2a: Indeedee|Helping Hand|p2b: Deoxys\n|-singleturn|p2b: Deoxys|Helping Hand|[of] p2a: Indeedee\n|move|p2b: Deoxys|Superpower|p1a: Moonie\n|debug|Boosting from Helping Hand: 1.5\n|-supereffective|p1a: Moonie\n|-damage|p1a: Moonie|0 fnt\n|-unboost|p2b: Deoxys|atk|1\n|-unboost|p2b: Deoxys|def|1\n|faint|p1a: Moonie\n|-end|p1a: Moonie|Protosynthesis|[silent]\n|move|p1b: Cindy|Knock Off|p2b: Deoxys\n|-supereffective|p2b: Deoxys\n|-enditem|p2b: Deoxys|Focus Sash\n|-damage|p2b: Deoxys|1/241\n|\n|-weather|Snow|[upkeep]\n|upkeep\n|turn|10\n|\n|t:|1715036305\n|move|p2a: Indeedee|Helping Hand|p2b: Deoxys\n|-singleturn|p2b: Deoxys|Helping Hand|[of] p2a: Indeedee\n|move|p2b: Deoxys|Superpower|p1b: Cindy\n|debug|Boosting from Helping Hand: 1.5\n|-supereffective|p1b: Cindy\n|-damage|p1b: Cindy|0 fnt\n|-unboost|p2b: Deoxys|atk|1\n|-unboost|p2b: Deoxys|def|1\n|faint|p1b: Cindy\n|\n|win|mattmandaman\n","uploadtime":1715036338,"views":"22","formatid":"gen9doublescustomgame","rating":null,"private":0,"password":null}