{"id":"gen9doublescustomgame-2262012788","format":"[Gen 9] Doubles Custom Game","players":["mistermoscow","mattmandaman"],"log":"|badge|p2|gold|gen9doublesou|3-3\n|uhtml|medal-msg|<div class=\"broadcast-blue\">Curious what those medals under the avatar are? PS now has Ladder Seasons! For more information, check out the <a href=\"https://www.smogon.com/forums/threads/3740067/\">thread on Smogon.</a></div>\n|j|☆mistermoscow\n|j|☆mattmandaman\n|t:|1734053731\n|gametype|doubles\n|player|p1|mistermoscow|alder|\n|player|p2|mattmandaman|giovanni|\n|teamsize|p1|6\n|teamsize|p2|6\n|gen|9\n|tier|[Gen 9] Doubles Custom Game\n|clearpoke\n|poke|p1|Nidoqueen, F|\n|poke|p1|Meowth, M|\n|poke|p1|Clefairy, M|\n|poke|p1|Ditto|\n|poke|p1|Victreebel, M|\n|poke|p1|Snorlax, M|\n|poke|p2|Cloyster, M|\n|poke|p2|Fearow, M|\n|poke|p2|Electrode|\n|poke|p2|Primeape, F|\n|poke|p2|Pinsir, M|\n|poke|p2|Gengar, M|\n|teampreview\n|\n|t:|1734053755\n|start\n|switch|p1a: Miss Nido|Nidoqueen, F|353/353\n|switch|p1b: Clifford|Clefairy, M|344/344\n|switch|p2a: Cloyster|Cloyster, M|267/267\n|switch|p2b: Fearow|Fearow, M|272/272\n|turn|1\n|\n|t:|1734053787\n|switch|p1a: Snax|Snorlax, M|524/524\n|move|p2b: Fearow|Tailwind|p2b: Fearow\n|-sidestart|p2: mattmandaman|move: Tailwind\n|move|p2a: Cloyster|Icicle Spear|p1a: Snax\n|-damage|p1a: Snax|487/524\n|-damage|p1a: Snax|447/524\n|-damage|p1a: Snax|410/524\n|-damage|p1a: Snax|371/524\n|-damage|p1a: Snax|332/524\n|-hitcount|p1a: Snax|5\n|move|p1b: Clifford|Minimize|p1b: Clifford\n|-boost|p1b: Clifford|evasion|2\n|\n|-heal|p1a: Snax|364/524|[from] item: Leftovers\n|upkeep\n|turn|2\n|\n|t:|1734053825\n|switch|p2b: Gengar|Gengar, M|324/324\n|switch|p2a: Primeape|Primeape, F|334/334\n|move|p1b: Clifford|Follow Me|p1b: Clifford\n|-singleturn|p1b: Clifford|move: Follow Me\n|move|p1a: Snax|Power-Up Punch|p2a: Primeape\n|-damage|p2a: Primeape|298/334\n|-boost|p1a: Snax|atk|1\n|\n|-heal|p1a: Snax|396/524|[from] item: Leftovers\n|upkeep\n|turn|3\n|\n|t:|1734053881\n|move|p2b: Gengar|Haze|p2b: Gengar\n|-clearallboost\n|move|p2a: Primeape|Bulk Up|p2a: Primeape\n|-boost|p2a: Primeape|atk|1\n|-boost|p2a: Primeape|def|1\n|move|p1b: Clifford|Cosmic Power|p1b: Clifford\n|-boost|p1b: Clifford|def|1\n|-boost|p1b: Clifford|spd|1\n|move|p1a: Snax|Crunch|p2b: Gengar\n|-supereffective|p2b: Gengar\n|-crit|p2b: Gengar\n|-damage|p2b: Gengar|12/324\n|-start|p1a: Snax|Disable|Crunch|[from] ability: Cursed Body|[of] p2b: Gengar\n|\n|-heal|p2b: Gengar|32/324|[from] item: Leftovers\n|-heal|p1a: Snax|428/524|[from] item: Leftovers\n|upkeep\n|turn|4\n|\n|t:|1734053932\n|switch|p2b: Electrode|Electrode|324/324\n|switch|p1b: Imp|Ditto|300/300\n|-transform|p1b: Imp|p2a: Primeape|[from] ability: Imposter\n|move|p2a: Primeape|Rage Fist|p1b: Imp\n|-damage|p1b: Imp|139/300\n|move|p1a: Snax|Psych Up|p2a: Primeape\n|-copyboost|p1a: Snax|p2a: Primeape|[from] move: Psych Up\n|\n|-heal|p1a: Snax|460/524|[from] item: Leftovers\n|-sideend|p2: mattmandaman|move: Tailwind\n|upkeep\n|turn|5\n|c|☆mistermoscow|brb\n|\n|t:|1734054076\n|switch|p1a: Clifford|Clefairy, M|344/344\n|move|p2b: Electrode|Protect|p2b: Electrode\n|-singleturn|p2b: Electrode|Protect\n|move|p1b: Imp|Rage Fist|p2a: Primeape\n|-damage|p2a: Primeape|126/334\n|move|p2a: Primeape|Bulk Up|p2a: Primeape\n|-boost|p2a: Primeape|atk|1\n|-boost|p2a: Primeape|def|1\n|\n|upkeep\n|turn|6\n|\n|t:|1734054124\n|move|p2a: Primeape|Protect|p2a: Primeape\n|-singleturn|p2a: Primeape|Protect\n|move|p1a: Clifford|Follow Me|p1a: Clifford\n|-singleturn|p1a: Clifford|move: Follow Me\n|move|p2b: Electrode|Electroweb|p1b: Imp|[spread] p1a,p1b\n|debug|Spread modifier: 0.75\n|debug|Spread modifier: 0.75\n|-damage|p1a: Clifford|296/344\n|-damage|p1b: Imp|64/300\n|-unboost|p1a: Clifford|spe|1\n|-unboost|p1b: Imp|spe|1\n|move|p1b: Imp|Rage Fist|p2b: Electrode\n|-damage|p2b: Electrode|0 fnt\n|-status|p1b: Imp|par|[from] ability: Static|[of] p2b: Electrode\n|faint|p2b: Electrode\n|\n|upkeep\n|\n|t:|1734054153\n|switch|p2b: Gengar|Gengar, M|32/324\n|turn|7\n|\n|t:|1734054189\n|switch|p1b: Snax|Snorlax, M|460/524\n|switch|p1a: Miss Nido|Nidoqueen, F|353/353\n|move|p2b: Gengar|Shadow Ball|p1b: Snax\n|-immune|p1b: Snax\n|move|p2a: Primeape|Drain Punch|p1b: Snax\n|-supereffective|p1b: Snax\n|-damage|p1b: Snax|0 fnt\n|-heal|p2a: Primeape|334/334|[from] drain|[of] p1b: Snax\n|faint|p1b: Snax\n|\n|-heal|p2b: Gengar|52/324|[from] item: Leftovers\n|upkeep\n|\n|t:|1734054204\n|switch|p1b: Imp|Ditto|64/300 par\n|-transform|p1b: Imp|p2a: Primeape|[from] ability: Imposter\n|turn|8\n|\n|t:|1734054220\n|switch|p1b: Prince Puss|Meowth, M|284/284\n|move|p2b: Gengar|Shadow Ball|p1b: Prince Puss\n|-immune|p1b: Prince Puss\n|move|p2a: Primeape|Rage Fist|p1a: Miss Nido\n|-damage|p1a: Miss Nido|0 fnt\n|faint|p1a: Miss Nido\n|\n|-heal|p2b: Gengar|72/324|[from] item: Leftovers\n|upkeep\n|\n|t:|1734054244\n|switch|p1a: Victor|Victreebel, M|364/364\n|turn|9\n|\n|t:|1734054261\n|move|p2a: Primeape|Protect|p2a: Primeape\n|-singleturn|p2a: Primeape|Protect\n|move|p1b: Prince Puss|Feint|p2a: Primeape\n|-activate|p2a: Primeape|move: Feint\n|debug|Base Power: 30\n|debug|Technician boost\n|-damage|p2a: Primeape|318/334\n|move|p2b: Gengar|Shadow Ball|p1a: Victor\n|-damage|p1a: Victor|252/364\n|debug|Covert Cloak prevent secondary\n|move|p1a: Victor|Sleep Powder|p2a: Primeape|[miss]\n|-miss|p1a: Victor|p2a: Primeape\n|\n|-heal|p2b: Gengar|92/324|[from] item: Leftovers\n|upkeep\n|turn|10\n|c|☆mistermoscow|ugh\n|\n|t:|1734054283\n|switch|p1b: Clifford|Clefairy, M|296/344\n|move|p1a: Victor|Sucker Punch||[still]\n|-fail|p1a: Victor\n|move|p2b: Gengar|Substitute|p2b: Gengar\n|-start|p2b: Gengar|Substitute\n|-damage|p2b: Gengar|11/324\n|move|p2a: Primeape|Drain Punch|p1b: Clifford\n|-resisted|p1b: Clifford\n|-damage|p1b: Clifford|203/344\n|-heal|p2a: Primeape|334/334|[from] drain|[of] p1b: Clifford\n|\n|-heal|p2b: Gengar|31/324|[from] item: Leftovers\n|upkeep\n|turn|11\n|\n|t:|1734054311\n|switch|p1b: Prince Puss|Meowth, M|284/284\n|move|p2b: Gengar|Shadow Ball|p1a: Victor\n|-damage|p1a: Victor|122/364\n|debug|Covert Cloak prevent secondary\n|move|p2a: Primeape|Rage Fist|p1b: Prince Puss\n|-immune|p1b: Prince Puss\n|move|p1a: Victor|Sleep Powder|p2a: Primeape\n|-immune|p2a: Primeape|[from] ability: Vital Spirit\n|debug|set status [slp] interrupted\n|debug|move failed because it did nothing\n|\n|-heal|p2b: Gengar|51/324|[from] item: Leftovers\n|upkeep\n|turn|12\n|c|☆mistermoscow|right...i knew he had that from my ditto\n|c|☆mattmandaman|lol freshly smoked im sure\n|\n|t:|1734054380\n|move|p1b: Prince Puss|Helping Hand|p1a: Victor\n|-singleturn|p1a: Victor|Helping Hand|[of] p1b: Prince Puss\n|move|p2b: Gengar|Shadow Ball|p1a: Victor\n|-damage|p1a: Victor|4/364\n|debug|Covert Cloak prevent secondary\n|move|p2a: Primeape|Drain Punch|p1b: Prince Puss\n|-supereffective|p1b: Prince Puss\n|-enditem|p1b: Prince Puss|Focus Sash\n|-damage|p1b: Prince Puss|1/284\n|move|p1a: Victor|Leaf Blade|p2a: Primeape\n|debug|Boosting from Helping Hand: 1.5\n|-damage|p2a: Primeape|250/334\n|\n|-heal|p2b: Gengar|71/324|[from] item: Leftovers\n|upkeep\n|turn|13\n|\n|t:|1734054405\n|switch|p1b: Imp|Ditto|64/300 par\n|-transform|p1b: Imp|p2a: Primeape|[from] ability: Imposter\n|switch|p1a: Clifford|Clefairy, M|203/344\n|move|p2b: Gengar|Shadow Ball|p1a: Clifford\n|-damage|p1a: Clifford|89/344\n|-unboost|p1a: Clifford|spd|1\n|move|p2a: Primeape|Drain Punch|p1b: Imp\n|-damage|p1b: Imp|0 fnt\n|-heal|p2a: Primeape|282/334|[from] drain|[of] p1b: Imp\n|faint|p1b: Imp\n|\n|-heal|p2b: Gengar|91/324|[from] item: Leftovers\n|upkeep\n|-message|mistermoscow forfeited.\n|\n|win|mattmandaman\n|c|☆mistermoscow|lame\n","uploadtime":1734054427,"views":"32","formatid":"gen9doublescustomgame","rating":null,"private":0,"password":null}