{"id":"gen9doublescustomgame-2305435883","format":"[Gen 9] Doubles Custom Game","players":["noli_cannoli10","smokeydabearrr"],"log":"|j|☆noli_cannoli10\n|j|☆smokeydabearrr\n|t:|1740186248\n|gametype|doubles\n|player|p1|noli_cannoli10|170|\n|player|p2|smokeydabearrr|169|\n|teamsize|p1|6\n|teamsize|p2|6\n|gen|9\n|tier|[Gen 9] Doubles Custom Game\n|clearpoke\n|poke|p1|Moltres|\n|poke|p1|Venusaur, F|\n|poke|p1|Flareon, F|\n|poke|p1|Machamp, F|\n|poke|p1|Primeape, F|\n|poke|p1|Scyther, F|\n|poke|p2|Charizard, M|\n|poke|p2|Raichu, M|\n|poke|p2|Dragonite, F|\n|poke|p2|Mew|\n|poke|p2|Rhydon, F|\n|poke|p2|Butterfree, M|\n|teampreview\n|c|☆smokeydabearrr|jesus your team looks scary lmao\n|c|☆smokeydabearrr|im rusty , glhf hehe\n|j| je64\n|c|☆noli_cannoli10|lol made this team right before last tourney and fucked up like 2 builds but forgot to change them before forgetting\n|\n|t:|1740186330\n|start\n|switch|p1a: shiny or no?|Scyther, F, shiny|343/343\n|switch|p1b: orgy champ|Machamp, F|321/321\n|switch|p2a: Mew|Mew|342/342\n|switch|p2b: Butterfree|Butterfree, M|261/261\n|turn|1\n|c|☆noli_cannoli10|hi jesse\n|c| je64|let's gooooo\n|c|☆smokeydabearrr|hey buddayyy\n|\n|t:|1740186371\n|move|p2a: Mew|Fake Out|p1a: shiny or no?\n|-damage|p1a: shiny or no?|309/343\n|cant|p1a: shiny or no?|flinch\n|-ability|p1a: shiny or no?|Steadfast|boost\n|-boost|p1a: shiny or no?|spe|1\n|move|p2b: Butterfree|Sleep Powder|p1b: orgy champ\n|debug|compoundeyes - enhancing accuracy\n|-status|p1b: orgy champ|slp|[from] move: Sleep Powder\n|cant|p1b: orgy champ|slp\n|\n|upkeep\n|turn|2\n|j| mattmandaman\n|c|☆smokeydabearrr|its a party its a party\n|\n|t:|1740186441\n|cant|p1b: orgy champ|slp\n|move|p1a: shiny or no?|Sunny Day|p1a: shiny or no?\n|-weather|SunnyDay\n|move|p2a: Mew|Tailwind|p2a: Mew\n|-sidestart|p2: smokeydabearrr|move: Tailwind\n|move|p2b: Butterfree|Quiver Dance|p2b: Butterfree\n|-boost|p2b: Butterfree|spa|1\n|-boost|p2b: Butterfree|spd|1\n|-boost|p2b: Butterfree|spe|1\n|\n|-weather|SunnyDay|[upkeep]\n|upkeep\n|turn|3\n|c| mattmandaman|party time\n|c|☆noli_cannoli10|now im nervous\n|\n|t:|1740186541\n|switch|p1a: mad toad|Venusaur, F|301/301\n|switch|p1b: third bird|Moltres|321/321\n|-ability|p1b: third bird|Pressure\n|move|p2b: Butterfree|Quiver Dance|p2b: Butterfree\n|-boost|p2b: Butterfree|spa|1\n|-boost|p2b: Butterfree|spd|1\n|-boost|p2b: Butterfree|spe|1\n|move|p2a: Mew|Dazzling Gleam|p1a: mad toad|[spread] p1a,p1b\n|debug|Spread modifier: 0.75\n|-resisted|p1a: mad toad\n|debug|Spread modifier: 0.75\n|-resisted|p1b: third bird\n|-crit|p1b: third bird\n|-damage|p1a: mad toad|272/301\n|-damage|p1b: third bird|273/321\n|\n|-weather|SunnyDay|[upkeep]\n|-heal|p1a: mad toad|290/301|[from] item: Leftovers\n|upkeep\n|turn|4\n|\n|t:|1740186590\n|move|p2b: Butterfree|Baton Pass|p2b: Butterfree\n|\n|t:|1740186623\n|switch|p2b: Dragonite|Dragonite, F|386/386|[from] Baton Pass\n|move|p2a: Mew|Coaching|p2b: Dragonite\n|-boost|p2b: Dragonite|atk|1\n|-boost|p2b: Dragonite|def|1\n|move|p1a: mad toad|Sludge Bomb|p2b: Dragonite\n|-damage|p2b: Dragonite|337/386\n|-status|p2b: Dragonite|psn\n|move|p1b: third bird|Solar Beam||[still]\n|-prepare|p1b: third bird|Solar Beam\n|-anim|p1b: third bird|Solar Beam|p2a: Mew\n|-damage|p2a: Mew|156/342\n|-damage|p1b: third bird|241/321|[from] item: Life Orb\n|\n|-weather|SunnyDay|[upkeep]\n|-heal|p1a: mad toad|301/301|[from] item: Leftovers\n|-damage|p2b: Dragonite|289/386 psn|[from] psn\n|upkeep\n|turn|5\n|\n|t:|1740186693\n|switch|p2a: Charizard|Charizard, M|297/297\n|move|p1a: mad toad|Protect|p1a: mad toad\n|-singleturn|p1a: mad toad|Protect\n|move|p2b: Dragonite|Dual Wingbeat|p1a: mad toad\n|-activate|p1a: mad toad|move: Protect\n|move|p1b: third bird|Heat Wave|p2a: Charizard|[spread] p2a,p2b\n|debug|Spread modifier: 0.75\n|debug|Sunny Day fire boost\n|-resisted|p2a: Charizard\n|debug|Spread modifier: 0.75\n|debug|Sunny Day fire boost\n|-resisted|p2b: Dragonite\n|-damage|p2a: Charizard|149/297\n|-damage|p2b: Dragonite|247/386 psn\n|-damage|p1b: third bird|209/321|[from] item: Life Orb\n|\n|-weather|SunnyDay|[upkeep]\n|-damage|p2a: Charizard|112/297|[from] ability: Solar Power|[of] p2a: Charizard\n|-damage|p2b: Dragonite|199/386 psn|[from] psn\n|-sideend|p2: smokeydabearrr|move: Tailwind\n|upkeep\n|turn|6\n|\n|t:|1740186743\n|move|p1a: mad toad|Sludge Bomb|p2a: Charizard\n|-damage|p2a: Charizard|0 fnt\n|debug|move failed because it did nothing\n|faint|p2a: Charizard\n|move|p2b: Dragonite|Dual Wingbeat|p1a: mad toad\n|-supereffective|p1a: mad toad\n|-damage|p1a: mad toad|47/301\n|-supereffective|p1a: mad toad\n|-damage|p1a: mad toad|0 fnt\n|faint|p1a: mad toad\n|-hitcount|p1: mad toad|2\n|move|p1b: third bird|Heat Wave|p2b: Dragonite\n|debug|Sunny Day fire boost\n|-resisted|p2b: Dragonite\n|-damage|p2b: Dragonite|143/386 psn\n|-damage|p1b: third bird|177/321|[from] item: Life Orb\n|\n|-weather|none\n|-damage|p2b: Dragonite|95/386 psn|[from] psn\n|upkeep\n|\n|t:|1740186779\n|switch|p2a: Mew|Mew|156/342\n|switch|p1a: orgy champ|Machamp, F|321/321 slp\n|turn|7\n|\n|t:|1740186826\n|switch|p1b: shiny or no?|Scyther, F, shiny|309/343\n|move|p2a: Mew|Fake Out|p1b: shiny or no?\n|-damage|p1b: shiny or no?|273/343\n|cant|p1a: orgy champ|slp\n|move|p2b: Dragonite|Dual Wingbeat|p1a: orgy champ\n|-supereffective|p1a: orgy champ\n|-damage|p1a: orgy champ|57/321 slp\n|-supereffective|p1a: orgy champ\n|-damage|p1a: orgy champ|0 fnt\n|faint|p1a: orgy champ\n|-hitcount|p1: orgy champ|2\n|\n|-damage|p2b: Dragonite|47/386 psn|[from] psn\n|upkeep\n|j| mistermoscow\n|c|☆noli_cannoli10|wake up champ the orgy needed you\n|\n|t:|1740186854\n|switch|p1a: fire dog|Flareon, F|334/334\n|turn|8\n|c|☆smokeydabearrr|speaking of orgies, steves here!\n|c| je64|;''D\n|c| mistermoscow|oh i didnt realize we were doing an orgy, ill go get my stuff\n|\n|t:|1740186934\n|move|p2b: Dragonite|Dual Wingbeat|p1b: shiny or no?\n|-supereffective|p1b: shiny or no?\n|-damage|p1b: shiny or no?|25/343\n|-supereffective|p1b: shiny or no?\n|-damage|p1b: shiny or no?|0 fnt\n|faint|p1b: shiny or no?\n|-hitcount|p1: shiny or no?|2\n|move|p2a: Mew|Tailwind|p2a: Mew\n|-sidestart|p2: smokeydabearrr|move: Tailwind\n|move|p1a: fire dog|Calm Mind|p1a: fire dog\n|-boost|p1a: fire dog|spa|1\n|-boost|p1a: fire dog|spd|1\n|\n|-damage|p2b: Dragonite|0 fnt|[from] psn\n|faint|p2b: Dragonite\n|upkeep\n|\n|t:|1740186949\n|switch|p1b: third bird|Moltres|177/321\n|switch|p2b: Butterfree|Butterfree, M|261/261\n|-ability|p1b: third bird|Pressure\n|turn|9\n|\n|t:|1740186998\n|move|p2a: Mew|Dazzling Gleam|p1a: fire dog|[spread] p1a,p1b\n|debug|Spread modifier: 0.75\n|-resisted|p1a: fire dog\n|debug|Spread modifier: 0.75\n|-resisted|p1b: third bird\n|-damage|p1a: fire dog|315/334\n|-damage|p1b: third bird|142/321\n|move|p2b: Butterfree|Sleep Powder|p1b: third bird\n|debug|compoundeyes - enhancing accuracy\n|-status|p1b: third bird|slp|[from] move: Sleep Powder\n|cant|p1b: third bird|slp\n|move|p1a: fire dog|Scorching Sands|p2a: Mew\n|-damage|p2a: Mew|50/342\n|debug|Covert Cloak prevent secondary\n|\n|upkeep\n|turn|10\n|\n|t:|1740187029\n|switch|p2a: Raichu|Raichu, M|261/261\n|-item|p2a: Raichu|Air Balloon\n|move|p2b: Butterfree|Sleep Powder|p1a: fire dog\n|debug|compoundeyes - enhancing accuracy\n|-status|p1a: fire dog|slp|[from] move: Sleep Powder\n|cant|p1b: third bird|slp\n|cant|p1a: fire dog|slp\n|\n|upkeep\n|turn|11\n|c|☆smokeydabearrr|lullabyyyy\n|c|☆smokeydabearrr|and gooodnighttt\n|c|☆noli_cannoli10|gg\n|\n|t:|1740187062\n|move|p2a: Raichu|Volt Switch|p1b: third bird\n|-supereffective|p1b: third bird\n|-damage|p1b: third bird|0 fnt\n|faint|p1b: third bird\n|\n|t:|1740187066\n|switch|p2a: Mew|Mew|50/342|[from] Volt Switch\n|move|p2b: Butterfree|Quiver Dance|p2b: Butterfree\n|-boost|p2b: Butterfree|spa|1\n|-boost|p2b: Butterfree|spd|1\n|-boost|p2b: Butterfree|spe|1\n|-curestatus|p1a: fire dog|slp|[msg]\n|move|p1a: fire dog|Lava Plume|p2b: Butterfree|[spread] p2a,p2b\n|debug|Spread modifier: 0.75\n|debug|Spread modifier: 0.75\n|-supereffective|p2b: Butterfree\n|-damage|p2a: Mew|0 fnt\n|-damage|p2b: Butterfree|69/261\n|debug|Covert Cloak prevent secondary\n|faint|p2a: Mew\n|\n|-sideend|p2: smokeydabearrr|move: Tailwind\n|upkeep\n|\n|t:|1740187087\n|switch|p2a: Raichu|Raichu, M|261/261\n|switch|p1b: Mr. Slave|Primeape, F|271/271\n|-item|p2a: Raichu|Air Balloon\n|turn|12\n|\n|t:|1740187153\n|move|p2a: Raichu|Fake Out|p1b: Mr. Slave\n|-damage|p1b: Mr. Slave|228/271\n|move|p2b: Butterfree|Sleep Powder|p1a: fire dog\n|debug|compoundeyes - enhancing accuracy\n|-status|p1a: fire dog|slp|[from] move: Sleep Powder\n|cant|p1b: Mr. Slave|flinch\n|cant|p1a: fire dog|slp\n|\n|upkeep\n|turn|13\n|\n|t:|1740187174\n|move|p2b: Butterfree|Baton Pass|p2b: Butterfree\n|\n|t:|1740187176\n|switch|p2b: Rhydon|Rhydon, F|380/380|[from] Baton Pass\n|move|p2a: Raichu|Nuzzle|p2b: Rhydon\n|-activate|p2b: Rhydon|ability: Lightning Rod\n|-ability|p2b: Rhydon|Lightning Rod|boost\n|-boost|p2b: Rhydon|spa|1\n|move|p1b: Mr. Slave|Fire Punch|p2b: Rhydon\n|-resisted|p2b: Rhydon\n|-damage|p2b: Rhydon|359/380\n|-curestatus|p1a: fire dog|slp|[msg]\n|move|p1a: fire dog|Lava Plume|p2a: Raichu|[spread] p1b,p2a,p2b\n|debug|Spread modifier: 0.75\n|debug|Spread modifier: 0.75\n|debug|Spread modifier: 0.75\n|-resisted|p2b: Rhydon\n|-damage|p1b: Mr. Slave|69/271\n|-damage|p2a: Raichu|116/261\n|-damage|p2b: Rhydon|317/380\n|-status|p1b: Mr. Slave|brn\n|-enditem|p2a: Raichu|Air Balloon\n|\n|-damage|p1b: Mr. Slave|53/271 brn|[from] brn\n|upkeep\n|turn|14\n|c|☆smokeydabearrr|ugh i did that last night too lol\n|c| je64|oh nooooo\n|c|☆noli_cannoli10|ok so now we wake up\n|c|☆noli_cannoli10|i hate this game\n|c|☆noli_cannoli10|put me down\n|\n|t:|1740187240\n|move|p2b: Rhydon|Protect|p2b: Rhydon\n|-singleturn|p2b: Rhydon|Protect\n|move|p2a: Raichu|Draining Kiss|p1b: Mr. Slave\n|-supereffective|p1b: Mr. Slave\n|-damage|p1b: Mr. Slave|0 fnt\n|-heal|p2a: Raichu|156/261|[from] drain|[of] p1b: Mr. Slave\n|faint|p1b: Mr. Slave\n|move|p1a: fire dog|Scorching Sands|p2a: Raichu\n|-supereffective|p2a: Raichu\n|-damage|p2a: Raichu|0 fnt\n|faint|p2a: Raichu\n|\n|upkeep\n|\n|t:|1740187250\n|switch|p2a: Butterfree|Butterfree, M|69/261\n|turn|15\n|\n|t:|1740187259\n|move|p2a: Butterfree|Sleep Powder|p1a: fire dog\n|debug|compoundeyes - enhancing accuracy\n|-status|p1a: fire dog|slp|[from] move: Sleep Powder\n|move|p2b: Rhydon|Earthquake|p1a: fire dog|[spread] p1a\n|-immune|p2a: Butterfree\n|debug|Spread modifier: 0.75\n|-supereffective|p1a: fire dog\n|-damage|p1a: fire dog|0 fnt\n|faint|p1a: fire dog\n|\n|win|smokeydabearrr\n|c|☆noli_cannoli10|gg\n|c|☆smokeydabearrr|gg buddy\n|c| je64|close game\n","uploadtime":1740187267,"views":"12","formatid":"gen9doublescustomgame","rating":null,"private":0,"password":null}