{"id":"gen9doublescustomgame-2348517692","format":"[Gen 9] Doubles Custom Game","players":["mistermoscow","Mattmandaman"],"log":"|j|☆mistermoscow\n|j|☆Mattmandaman\n|t:|1745356673\n|gametype|doubles\n|player|p1|mistermoscow|alder|\n|player|p2|Mattmandaman|giovanni|\n|teamsize|p1|6\n|teamsize|p2|6\n|gen|9\n|tier|[Gen 9] Doubles Custom Game\n|clearpoke\n|poke|p1|Nidoking, M|\n|poke|p1|Primeape, M|\n|poke|p1|Exeggutor, M|\n|poke|p1|Mr. Mime, M|\n|poke|p1|Jolteon, M|\n|poke|p1|Dragonite, M|\n|poke|p2|Onix, F|\n|poke|p2|Ponyta, F|\n|poke|p2|Pikachu, F|\n|poke|p2|Pinsir, F|\n|poke|p2|Farfetch’d, F|\n|poke|p2|Nidoqueen, F|\n|teampreview\n|\n|t:|1745356719\n|start\n|switch|p1a: Mimsy|Mr. Mime, M|284/284\n|switch|p1b: Sparky|Jolteon, M|272/272\n|switch|p2a: Onix|Onix, F|212/212\n|switch|p2b: Farfetch’d|Farfetch’d, F|246/246\n|-item|p2a: Onix|Air Balloon\n|turn|1\n|\n|t:|1745356738\n|move|p1b: Sparky|Sunny Day|p1b: Sparky\n|-weather|SunnyDay\n|move|p2a: Onix|Stealth Rock|p1b: Sparky\n|-sidestart|p1: mistermoscow|move: Stealth Rock\n|move|p2b: Farfetch’d|Tailwind|p2b: Farfetch’d\n|-sidestart|p2: Mattmandaman|move: Tailwind\n|move|p1a: Mimsy|Psychic Terrain|p1a: Mimsy\n|-fieldstart|move: Psychic Terrain\n|\n|-weather|SunnyDay|[upkeep]\n|upkeep\n|turn|2\n|\n|t:|1745356756\n|switch|p2b: Nidoqueen|Nidoqueen, F|384/384\n|switch|p1b: Puff Daddy|Dragonite, M|386/386\n|-damage|p1b: Puff Daddy|290/386|[from] Stealth Rock\n|move|p2a: Onix|Body Press|p1b: Puff Daddy\n|-resisted|p1b: Puff Daddy\n|-damage|p1b: Puff Daddy|234/386\n|move|p1a: Mimsy|Expanding Force|p2b: Nidoqueen|[spread] p2a,p2b\n|debug|psychic terrain boost\n|debug|terrain buff\n|debug|Spread modifier: 0.75\n|debug|psychic terrain boost\n|debug|terrain buff\n|debug|Spread modifier: 0.75\n|-supereffective|p2b: Nidoqueen\n|-ability|p2a: Onix|Sturdy\n|-damage|p2a: Onix|1/212\n|-damage|p2b: Nidoqueen|66/384\n|-enditem|p2a: Onix|Air Balloon\n|\n|-weather|SunnyDay|[upkeep]\n|upkeep\n|turn|3\n|\n|t:|1745356783\n|move|p1a: Mimsy|Follow Me|p1a: Mimsy\n|-singleturn|p1a: Mimsy|move: Follow Me\n|move|p2a: Onix|Body Press|p1a: Mimsy\n|debug|Follow Me redirected target of move\n|-resisted|p1a: Mimsy\n|-damage|p1a: Mimsy|256/284\n|move|p2b: Nidoqueen|Sludge Wave|p1b: Puff Daddy|[spread] p2a,p1a,p1b\n|debug|Spread modifier: 0.75\n|-resisted|p2a: Onix\n|debug|Spread modifier: 0.75\n|-supereffective|p1a: Mimsy\n|-crit|p1a: Mimsy\n|debug|Filter neutralize\n|debug|Spread modifier: 0.75\n|-damage|p2a: Onix|0 fnt\n|-damage|p1a: Mimsy|0 fnt\n|-damage|p1b: Puff Daddy|69/386\n|faint|p2a: Onix\n|faint|p1a: Mimsy\n|move|p1b: Puff Daddy|Scale Shot|p2b: Nidoqueen\n|-damage|p2b: Nidoqueen|12/384\n|-damage|p2b: Nidoqueen|0 fnt\n|faint|p2b: Nidoqueen\n|-hitcount|p2: Nidoqueen|2\n|-unboost|p1b: Puff Daddy|def|1\n|-boost|p1b: Puff Daddy|spe|1\n|\n|-weather|SunnyDay|[upkeep]\n|upkeep\n|\n|t:|1745356808\n|switch|p2a: Farfetch’d|Farfetch’d, F|246/246\n|switch|p1a: Eggman|Exeggutor, M|332/332\n|switch|p2b: Ponyta|Ponyta, F|304/304\n|-damage|p1a: Eggman|291/332|[from] Stealth Rock\n|turn|4\n|\n|t:|1745356847\n|move|p1a: Eggman|Protect|p1a: Eggman\n|-singleturn|p1a: Eggman|Protect\n|move|p2a: Farfetch’d|Feint|p1b: Puff Daddy\n|-hint|Psychic Terrain doesn't affect Pokémon immune to Ground.\n|-damage|p1b: Puff Daddy|0 fnt\n|faint|p1b: Puff Daddy\n|move|p2b: Ponyta|Flare Blitz|p1a: Eggman\n|-activate|p1a: Eggman|move: Protect\n|\n|-weather|SunnyDay|[upkeep]\n|-sideend|p2: Mattmandaman|move: Tailwind\n|upkeep\n|\n|t:|1745356873\n|switch|p1b: Apollo|Primeape, M|334/334\n|-damage|p1b: Apollo|314/334|[from] Stealth Rock\n|turn|5\n|\n|t:|1745356885\n|switch|p2b: Pikachu|Pikachu, F|211/211\n|move|p1a: Eggman|Expanding Force|p2b: Pikachu|[spread] p2a,p2b\n|debug|psychic terrain boost\n|debug|terrain buff\n|debug|Spread modifier: 0.75\n|debug|psychic terrain boost\n|debug|terrain buff\n|debug|Spread modifier: 0.75\n|-enditem|p2a: Farfetch’d|Focus Sash\n|-damage|p2a: Farfetch’d|1/246\n|-damage|p2b: Pikachu|0 fnt\n|faint|p2b: Pikachu\n|-damage|p1a: Eggman|258/332|[from] item: Life Orb\n|move|p1b: Apollo|Bulk Up|p1b: Apollo\n|-boost|p1b: Apollo|atk|1\n|-boost|p1b: Apollo|def|1\n|move|p2a: Farfetch’d|Tailwind|p2a: Farfetch’d\n|-sidestart|p2: Mattmandaman|move: Tailwind\n|\n|-weather|none\n|-fieldend|move: Psychic Terrain\n|upkeep\n|\n|t:|1745356900\n|switch|p2b: Ponyta|Ponyta, F|304/304\n|turn|6\n|\n|t:|1745356913\n|move|p2b: Ponyta|Hypnosis|p1b: Apollo\n|-status|p1b: Apollo|slp|[from] move: Hypnosis\n|move|p2a: Farfetch’d|Dual Wingbeat|p1a: Eggman|[miss]\n|-miss|p2a: Farfetch’d|p1a: Eggman\n|cant|p1b: Apollo|slp\n|move|p1a: Eggman|Expanding Force|p2b: Ponyta\n|-damage|p2b: Ponyta|109/304\n|-damage|p1a: Eggman|225/332|[from] item: Life Orb\n|\n|upkeep\n|turn|7\n|\n|t:|1745356929\n|move|p1a: Eggman|Protect|p1a: Eggman\n|-singleturn|p1a: Eggman|Protect\n|move|p2b: Ponyta|Flare Blitz|p1a: Eggman\n|-activate|p1a: Eggman|move: Protect\n|move|p2a: Farfetch’d|Dual Wingbeat|p1b: Apollo\n|-supereffective|p1b: Apollo\n|-damage|p1b: Apollo|234/334 slp\n|-supereffective|p1b: Apollo\n|-damage|p1b: Apollo|156/334 slp\n|-hitcount|p1b: Apollo|2\n|cant|p1b: Apollo|slp\n|\n|upkeep\n|turn|8\n|\n|t:|1745356951\n|switch|p1a: King Nido|Nidoking, M|303/303\n|-damage|p1a: King Nido|285/303|[from] Stealth Rock\n|move|p2b: Ponyta|Hypnosis|p1a: King Nido|[miss]\n|-miss|p2b: Ponyta|p1a: King Nido\n|move|p2a: Farfetch’d|Dual Wingbeat|p1b: Apollo\n|-supereffective|p1b: Apollo\n|-damage|p1b: Apollo|72/334 slp\n|-supereffective|p1b: Apollo\n|-damage|p1b: Apollo|0 fnt\n|faint|p1b: Apollo\n|-hitcount|p1: Apollo|2\n|\n|-sideend|p2: Mattmandaman|move: Tailwind\n|upkeep\n|\n|t:|1745356964\n|switch|p1b: Sparky|Jolteon, M|272/272\n|-damage|p1b: Sparky|238/272|[from] Stealth Rock\n|turn|9\n|\n|t:|1745357011\n|move|p2a: Farfetch’d|Feint|p1a: King Nido\n|-damage|p1a: King Nido|227/303\n|move|p1a: King Nido|Flamethrower|p2a: Farfetch’d\n|-damage|p2a: Farfetch’d|0 fnt\n|faint|p2a: Farfetch’d\n|move|p1b: Sparky|Electroweb|p2b: Ponyta\n|-damage|p2b: Ponyta|25/304\n|-unboost|p2b: Ponyta|spe|1\n|move|p2b: Ponyta|Hypnosis|p1a: King Nido\n|-status|p1a: King Nido|slp|[from] move: Hypnosis\n|\n|upkeep\n|\n|t:|1745357022\n|switch|p2a: Pinsir|Pinsir, F|272/272\n|turn|10\n|\n|t:|1745357039\n|move|p2b: Ponyta|Ally Switch|p2b: Ponyta\n|swap|p2b: Ponyta|0|[from] move: Ally Switch\n|move|p2b: Pinsir|Earthquake|p1b: Sparky|[spread] p2a,p1a,p1b\n|debug|Spread modifier: 0.75\n|-supereffective|p2a: Ponyta\n|debug|Spread modifier: 0.75\n|-supereffective|p1a: King Nido\n|debug|Spread modifier: 0.75\n|-supereffective|p1b: Sparky\n|-damage|p2a: Ponyta|0 fnt\n|-damage|p1a: King Nido|0 fnt\n|-damage|p1b: Sparky|0 fnt\n|faint|p2a: Ponyta\n|faint|p1a: King Nido\n|faint|p1b: Sparky\n|-ability|p2b: Pinsir|Moxie|boost\n|-boost|p2b: Pinsir|atk|3\n|\n|upkeep\n|\n|t:|1745357050\n|switch|p1b: Eggman|Exeggutor, M|225/332\n|-damage|p1b: Eggman|184/332|[from] Stealth Rock\n|turn|11\n|\n|t:|1745357068\n|move|p2b: Pinsir|Earthquake|p1b: Eggman\n|-resisted|p1b: Eggman\n|-damage|p1b: Eggman|0 fnt\n|faint|p1b: Eggman\n|\n|win|Mattmandaman\n","uploadtime":1745357075,"views":"12","formatid":"gen9doublescustomgame","rating":null,"private":0,"password":null}