{"id":"gen9doublescustomgame-2292173108","format":"[Gen 9] Doubles Custom Game","players":["mistermoscow","Mattmandaman"],"log":"|j|☆mistermoscow\n|j|☆Mattmandaman\n|t:|1738374525\n|gametype|doubles\n|player|p1|mistermoscow|alder|\n|player|p2|Mattmandaman|giovanni|\n|teamsize|p1|6\n|teamsize|p2|6\n|gen|9\n|tier|[Gen 9] Doubles Custom Game\n|clearpoke\n|poke|p1|Poliwrath, F|\n|poke|p1|Victreebel, M|\n|poke|p1|Gengar, M|\n|poke|p1|Jolteon, M|\n|poke|p1|Snorlax, M|\n|poke|p1|Dragonite, M|\n|poke|p2|Electrode|\n|poke|p2|Dodrio, M|\n|poke|p2|Gengar, F|\n|poke|p2|Nidoking, M|\n|poke|p2|Wartortle, M|\n|poke|p2|Starmie|\n|teampreview\n|\n|t:|1738374568\n|start\n|switch|p1a: Puff Daddy|Dragonite, M|386/386\n|switch|p1b: Gang Gang|Gengar, M|262/262\n|switch|p2a: Gengar|Gengar, F|262/262\n|switch|p2b: Wartortle|Wartortle, M|322/322\n|turn|1\n|\n|t:|1738374583\n|move|p1b: Gang Gang|Protect|p1b: Gang Gang\n|-singleturn|p1b: Gang Gang|Protect\n|move|p2a: Gengar|Protect|p2a: Gengar\n|-singleturn|p2a: Gengar|Protect\n|move|p1a: Puff Daddy|Tailwind|p1a: Puff Daddy\n|-sidestart|p1: mistermoscow|move: Tailwind\n|move|p2b: Wartortle|Icy Wind|p1b: Gang Gang|[spread] p1a\n|-activate|p1b: Gang Gang|move: Protect\n|debug|Spread modifier: 0.75\n|-supereffective|p1a: Puff Daddy\n|-damage|p1a: Puff Daddy|294/386\n|debug|move failed because it did nothing\n|\n|upkeep\n|turn|2\n|\n|t:|1738374622\n|switch|p1b: Sparky|Jolteon, M|271/271\n|switch|p2a: Electrode|Electrode|324/324\n|move|p1a: Puff Daddy|Dual Wingbeat|p2a: Electrode\n|-resisted|p2a: Electrode\n|-crit|p2a: Electrode\n|-damage|p2a: Electrode|249/324\n|-resisted|p2a: Electrode\n|-damage|p2a: Electrode|191/324\n|-hitcount|p2a: Electrode|2\n|move|p2b: Wartortle|Icy Wind|p1a: Puff Daddy|[spread] p1a,p1b\n|debug|Spread modifier: 0.75\n|-supereffective|p1a: Puff Daddy\n|debug|Spread modifier: 0.75\n|-damage|p1a: Puff Daddy|206/386\n|-damage|p1b: Sparky|249/271\n|debug|move failed because it did nothing\n|debug|Covert Cloak prevent secondary\n|\n|upkeep\n|turn|3\n|\n|t:|1738374699\n|move|p1b: Sparky|Hyper Voice|p2a: Electrode|[spread] p2b\n|-immune|p2a: Electrode|[from] ability: Soundproof\n|debug|Spread modifier: 0.75\n|-damage|p2b: Wartortle|281/322\n|move|p2a: Electrode|Metal Sound|p1b: Sparky\n|-unboost|p1b: Sparky|spd|2\n|move|p1a: Puff Daddy|Dragon Claw|p2a: Electrode\n|-damage|p2a: Electrode|0 fnt\n|faint|p2a: Electrode\n|move|p2b: Wartortle|Flip Turn|p1b: Sparky\n|-damage|p1b: Sparky|171/271\n|\n|t:|1738374728\n|switch|p2b: Gengar|Gengar, F|262/262|[from] Flip Turn\n|\n|upkeep\n|\n|t:|1738374730\n|switch|p2a: Nidoking|Nidoking, M|304/304\n|turn|4\n|\n|t:|1738374766\n|switch|p1b: Gang Gang|Gengar, M|262/262\n|move|p2b: Gengar|Protect|p2b: Gengar\n|-singleturn|p2b: Gengar|Protect\n|move|p2a: Nidoking|Protect|p2a: Nidoking\n|-singleturn|p2a: Nidoking|Protect\n|move|p1a: Puff Daddy|Dual Wingbeat|p2b: Gengar\n|-activate|p2b: Gengar|move: Protect\n|\n|-sideend|p1: mistermoscow|move: Tailwind\n|upkeep\n|turn|5\n|\n|t:|1738374796\n|move|p1a: Puff Daddy|Protect|p1a: Puff Daddy\n|-singleturn|p1a: Puff Daddy|Protect\n|move|p1b: Gang Gang|Psychic|p2a: Nidoking\n|-supereffective|p2a: Nidoking\n|-damage|p2a: Nidoking|34/304\n|move|p2b: Gengar|Icy Wind|p1b: Gang Gang|[spread] p1b\n|-activate|p1a: Puff Daddy|move: Protect\n|debug|Spread modifier: 0.75\n|-damage|p1b: Gang Gang|202/262\n|-unboost|p1b: Gang Gang|spe|1\n|move|p2a: Nidoking|Earth Power|p1b: Gang Gang\n|-supereffective|p1b: Gang Gang\n|-damage|p1b: Gang Gang|0 fnt\n|faint|p1b: Gang Gang\n|\n|upkeep\n|\n|t:|1738374816\n|switch|p1b: Sparky|Jolteon, M|171/271\n|turn|6\n|\n|t:|1738374855\n|move|p1b: Sparky|Hyper Voice|p2b: Gengar|[spread] p2a\n|-immune|p2b: Gengar\n|debug|Spread modifier: 0.75\n|-damage|p2a: Nidoking|0 fnt\n|faint|p2a: Nidoking\n|move|p2b: Gengar|Sludge Bomb|p1b: Sparky\n|-damage|p1b: Sparky|5/271\n|debug|Covert Cloak prevent secondary\n|move|p1a: Puff Daddy|Tailwind|p1a: Puff Daddy\n|-sidestart|p1: mistermoscow|move: Tailwind\n|\n|upkeep\n|\n|t:|1738374866\n|switch|p2a: Wartortle|Wartortle, M|281/322\n|turn|7\n|\n|t:|1738374884\n|move|p1b: Sparky|Protect|p1b: Sparky\n|-singleturn|p1b: Sparky|Protect\n|move|p2a: Wartortle|Fake Out|p1b: Sparky\n|-activate|p1b: Sparky|move: Protect\n|move|p1a: Puff Daddy|Dual Wingbeat|p2b: Gengar\n|-damage|p2b: Gengar|135/262\n|-damage|p2b: Gengar|6/262\n|-hitcount|p2b: Gengar|2\n|move|p2b: Gengar|Icy Wind|p1a: Puff Daddy|[spread] p1a\n|-activate|p1b: Sparky|move: Protect\n|debug|Spread modifier: 0.75\n|-supereffective|p1a: Puff Daddy\n|-damage|p1a: Puff Daddy|2/386\n|debug|move failed because it did nothing\n|\n|upkeep\n|turn|8\n|\n|t:|1738374907\n|switch|p1a: Polly|Poliwrath, F|322/322\n|move|p2b: Gengar|Protect|p2b: Gengar\n|-singleturn|p2b: Gengar|Protect\n|move|p1b: Sparky|Electroweb|p2a: Wartortle|[spread] p2a\n|-activate|p2b: Gengar|move: Protect\n|debug|Spread modifier: 0.75\n|-supereffective|p2a: Wartortle\n|-damage|p2a: Wartortle|201/322\n|-unboost|p2a: Wartortle|spe|1\n|move|p2a: Wartortle|Icy Wind|p1a: Polly|[spread] p1a,p1b\n|debug|Spread modifier: 0.75\n|-resisted|p1a: Polly\n|debug|Spread modifier: 0.75\n|-damage|p1a: Polly|310/322\n|-damage|p1b: Sparky|0 fnt\n|-unboost|p1a: Polly|spe|1\n|debug|Covert Cloak prevent secondary\n|faint|p1b: Sparky\n|\n|upkeep\n|\n|t:|1738374950\n|switch|p1b: Victor|Victreebel, M|302/302\n|turn|9\n|\n|t:|1738374984\n|move|p1b: Victor|Leaf Blade|p2a: Wartortle\n|-supereffective|p2a: Wartortle\n|-crit|p2a: Wartortle\n|-damage|p2a: Wartortle|0 fnt\n|faint|p2a: Wartortle\n|-damage|p1b: Victor|272/302|[from] item: Life Orb\n|move|p2b: Gengar|Sludge Bomb|p1a: Polly\n|-damage|p1a: Polly|132/322\n|move|p1a: Polly|Liquidation|p2b: Gengar\n|-damage|p2b: Gengar|0 fnt\n|-start|p1a: Polly|Disable|Liquidation|[from] ability: Cursed Body|[of] p2b: Gengar\n|faint|p2b: Gengar\n|\n|-sideend|p1: mistermoscow|move: Tailwind\n|upkeep\n|\n|t:|1738374994\n|switch|p2b: Starmie|Starmie|262/262\n|switch|p2a: Dodrio|Dodrio, M|324/324\n|turn|10\n|\n|t:|1738375013\n|move|p1b: Victor|Protect|p1b: Victor\n|-singleturn|p1b: Victor|Protect\n|move|p2b: Starmie|Psychic|p1b: Victor\n|-activate|p1b: Victor|move: Protect\n|move|p2a: Dodrio|Brave Bird|p1a: Polly\n|-supereffective|p1a: Polly\n|-damage|p1a: Polly|0 fnt\n|faint|p1a: Polly\n|-damage|p2a: Dodrio|280/324|[from] Recoil\n|\n|upkeep\n|\n|t:|1738375033\n|switch|p1a: Snax|Snorlax, M|461/461\n|turn|11\n|\n|t:|1738375073\n|move|p1b: Victor|Sucker Punch|p2b: Starmie\n|-supereffective|p2b: Starmie\n|-damage|p2b: Starmie|20/262\n|-damage|p1b: Victor|242/302|[from] item: Life Orb\n|move|p2b: Starmie|Scald|p1a: Snax\n|-damage|p1a: Snax|380/461\n|move|p2a: Dodrio|Brave Bird|p1b: Victor\n|-supereffective|p1b: Victor\n|-damage|p1b: Victor|0 fnt\n|faint|p1b: Victor\n|-damage|p2a: Dodrio|200/324|[from] Recoil\n|move|p1a: Snax|Outrage|p2b: Starmie\n|-damage|p2b: Starmie|0 fnt\n|faint|p2b: Starmie\n|\n|upkeep\n|\n|t:|1738375091\n|switch|p1b: Puff Daddy|Dragonite, M|2/386\n|turn|12\n|\n|t:|1738375101\n|move|p2a: Dodrio|Protect|p2a: Dodrio\n|-singleturn|p2a: Dodrio|Protect\n|move|p1b: Puff Daddy|Dragon Claw|p2a: Dodrio\n|-activate|p2a: Dodrio|move: Protect\n|move|p1a: Snax|Outrage|p2a: Dodrio|[from] lockedmove\n|-activate|p2a: Dodrio|move: Protect\n|-start|p1a: Snax|confusion|[fatigue]\n|\n|upkeep\n|turn|13\n|\n|t:|1738375116\n|move|p1b: Puff Daddy|Protect|p1b: Puff Daddy\n|-singleturn|p1b: Puff Daddy|Protect\n|move|p2a: Dodrio|Brave Bird|p1b: Puff Daddy\n|-activate|p1b: Puff Daddy|move: Protect\n|-activate|p1a: Snax|confusion\n|move|p1a: Snax|Self-Destruct|p2a: Dodrio|[spread] p2a\n|-activate|p1b: Puff Daddy|move: Protect\n|debug|Spread modifier: 0.75\n|-damage|p2a: Dodrio|0 fnt\n|faint|p1a: Snax\n|faint|p2a: Dodrio\n|\n|win|mistermoscow\n|c|☆Mattmandaman|lol gg\n|c|☆mistermoscow|Gg\n|c|☆mistermoscow|Gonna hop off now. Good battles my dude\n","uploadtime":1738375148,"views":"11","formatid":"gen9doublescustomgame","rating":null,"private":0,"password":null}