{"id":"gen9doublescustomgame-2284290889","format":"[Gen 9] Doubles Custom Game","players":["mistermoscow","je64"],"log":"|j|☆mistermoscow\n|j|☆je64\n|t:|1737327957\n|gametype|doubles\n|player|p1|mistermoscow|alder|\n|player|p2|je64|170|\n|teamsize|p1|6\n|teamsize|p2|6\n|gen|9\n|tier|[Gen 9] Doubles Custom Game\n|clearpoke\n|poke|p1|Clefairy, M|\n|poke|p1|Poliwrath, F|\n|poke|p1|Gengar, M|\n|poke|p1|Jolteon, M|\n|poke|p1|Snorlax, M|\n|poke|p1|Dragonite, M|\n|poke|p2|Dugtrio, M|\n|poke|p2|Kadabra, F|\n|poke|p2|Dodrio, M|\n|poke|p2|Hitmonchan, M|\n|poke|p2|Magmar, F|\n|poke|p2|Gyarados, F|\n|teampreview\n|\n|t:|1737327993\n|start\n|switch|p1a: Sparky|Jolteon, M|271/271\n|switch|p1b: Puff Daddy|Dragonite, M|355/355\n|switch|p2a: Jackie|Hitmonchan, M|242/242\n|switch|p2b: San Ti Ren 三体人|Dodrio, M|261/261\n|-item|p1a: Sparky|Air Balloon\n|turn|1\n|j| Mattmandaman\n|\n|t:|1737328019\n|switch|p1a: Polly|Poliwrath, F|384/384\n|move|p2a: Jackie|Fake Out|p1a: Polly\n|-damage|p1a: Polly|336/384\n|debug|Covert Cloak prevent secondary\n|move|p2b: San Ti Ren 三体人|Tailwind|p2b: San Ti Ren 三体人\n|-sidestart|p2: je64|move: Tailwind\n|move|p1b: Puff Daddy|Dragon Dance|p1b: Puff Daddy\n|-boost|p1b: Puff Daddy|atk|1\n|-boost|p1b: Puff Daddy|spe|1\n|\n|upkeep\n|turn|2\n|j| Mango Meloetta\n|\n|t:|1737328061\n|move|p1b: Puff Daddy|Protect|p1b: Puff Daddy\n|-singleturn|p1b: Puff Daddy|Protect\n|move|p2b: San Ti Ren 三体人|Brave Bird|p1a: Polly\n|-supereffective|p1a: Polly\n|-damage|p1a: Polly|0 fnt\n|faint|p1a: Polly\n|-damage|p2b: San Ti Ren 三体人|150/261|[from] Recoil\n|move|p2a: Jackie|Coaching|p2b: San Ti Ren 三体人\n|-boost|p2b: San Ti Ren 三体人|atk|1\n|-boost|p2b: San Ti Ren 三体人|def|1\n|\n|upkeep\n|\n|t:|1737328082\n|switch|p1a: Gang Gang|Gengar, M|262/262\n|turn|3\n|\n|t:|1737328094\n|move|p1b: Puff Daddy|Extreme Speed|p2b: San Ti Ren 三体人\n|-damage|p2b: San Ti Ren 三体人|3/261\n|move|p2b: San Ti Ren 三体人|Brave Bird|p1a: Gang Gang\n|-enditem|p1a: Gang Gang|Focus Sash\n|-damage|p1a: Gang Gang|1/262\n|-damage|p2b: San Ti Ren 三体人|0 fnt|[from] Recoil\n|faint|p2b: San Ti Ren 三体人\n|move|p2a: Jackie|Ice Punch|p1b: Puff Daddy\n|debug|Punching Glove boost\n|debug|Iron Fist boost\n|-supereffective|p1b: Puff Daddy\n|-damage|p1b: Puff Daddy|0 fnt\n|faint|p1b: Puff Daddy\n|move|p1a: Gang Gang|Will-O-Wisp|p2a: Jackie\n|-status|p2a: Jackie|brn\n|\n|-damage|p2a: Jackie|227/242 brn|[from] brn\n|upkeep\n|\n|t:|1737328124\n|switch|p2b: K.Dot|Kadabra, F|221/221\n|switch|p1b: Sparky|Jolteon, M|271/271\n|-item|p1b: Sparky|Air Balloon\n|turn|4\n|\n|t:|1737328140\n|switch|p1a: Snax|Snorlax, M|461/461\n|move|p2b: K.Dot|Calm Mind|p2b: K.Dot\n|-boost|p2b: K.Dot|spa|1\n|-boost|p2b: K.Dot|spd|1\n|move|p2a: Jackie|Ice Punch|p1a: Snax\n|debug|Iron Fist boost\n|debug|Punching Glove boost\n|-damage|p1a: Snax|401/461\n|move|p1b: Sparky|Electroweb|p2b: K.Dot|[spread] p2a,p2b\n|debug|Spread modifier: 0.75\n|debug|Spread modifier: 0.75\n|-damage|p2a: Jackie|161/242 brn\n|-damage|p2b: K.Dot|160/221\n|-unboost|p2a: Jackie|spe|1\n|-unboost|p2b: K.Dot|spe|1\n|\n|-damage|p2a: Jackie|146/242 brn|[from] brn\n|-sideend|p2: je64|move: Tailwind\n|upkeep\n|turn|5\n|\n|t:|1737328191\n|switch|p2a: Fissure Bro|Dugtrio, M, shiny|212/212\n|switch|p1a: Clifford|Clefairy, M|344/344\n|move|p2b: K.Dot|Protect|p2b: K.Dot\n|-singleturn|p2b: K.Dot|Protect\n|move|p1b: Sparky|Electroweb|p2b: K.Dot|[spread] \n|-activate|p2b: K.Dot|move: Protect\n|-immune|p2a: Fissure Bro\n|\n|upkeep\n|turn|6\n|\n|t:|1737328217\n|move|p1b: Sparky|Reflect|p1b: Sparky\n|-sidestart|p1: mistermoscow|Reflect\n|move|p2a: Fissure Bro|Rock Slide|p1a: Clifford|[spread] p1b\n|-miss|p2a: Fissure Bro|p1a: Clifford\n|debug|Spread modifier: 0.75\n|debug|Friend Guard weaken\n|debug|Reflect weaken\n|-damage|p1b: Sparky|226/271\n|-enditem|p1b: Sparky|Air Balloon\n|move|p2b: K.Dot|Calm Mind|p2b: K.Dot\n|-boost|p2b: K.Dot|spa|1\n|-boost|p2b: K.Dot|spd|1\n|move|p1a: Clifford|Stealth Rock|p2b: K.Dot\n|-sidestart|p2: je64|move: Stealth Rock\n|\n|upkeep\n|turn|7\n|\n|t:|1737328262\n|move|p1a: Clifford|Follow Me|p1a: Clifford\n|-singleturn|p1a: Clifford|move: Follow Me\n|move|p1b: Sparky|Shadow Ball|p2a: Fissure Bro\n|-damage|p2a: Fissure Bro|103/212\n|move|p2a: Fissure Bro|High Horsepower|p1a: Clifford\n|debug|Follow Me redirected target of move\n|debug|Reflect weaken\n|-damage|p1a: Clifford|223/344\n|move|p2b: K.Dot|Calm Mind|p2b: K.Dot\n|-boost|p2b: K.Dot|spa|1\n|-boost|p2b: K.Dot|spd|1\n|\n|upkeep\n|turn|8\n|\n|t:|1737328287\n|switch|p2a: Jackie|Hitmonchan, M|146/242 brn\n|-damage|p2a: Jackie|131/242 brn|[from] Stealth Rock\n|move|p1a: Clifford|Follow Me|p1a: Clifford\n|-singleturn|p1a: Clifford|move: Follow Me\n|move|p1b: Sparky|Light Screen|p1b: Sparky\n|-sidestart|p1: mistermoscow|move: Light Screen\n|move|p2b: K.Dot|Dazzling Gleam|p1b: Sparky|[spread] p1a,p1b\n|debug|Spread modifier: 0.75\n|debug|Light Screen weaken\n|debug|Spread modifier: 0.75\n|debug|Friend Guard weaken\n|debug|Light Screen weaken\n|-damage|p1a: Clifford|22/344\n|-damage|p1b: Sparky|108/271\n|debug|damage event failed\n|\n|-damage|p2a: Jackie|116/242 brn|[from] brn\n|upkeep\n|turn|9\n|\n|t:|1737328336\n|switch|p1b: Snax|Snorlax, M|401/461\n|move|p1a: Clifford|Protect|p1a: Clifford\n|-singleturn|p1a: Clifford|Protect\n|move|p2a: Jackie|Fake Out|p1b: Snax\n|debug|Friend Guard weaken\n|debug|Reflect weaken\n|-damage|p1b: Snax|389/461\n|move|p2b: K.Dot|Dazzling Gleam|p1b: Snax|[spread] p1b\n|-activate|p1a: Clifford|move: Protect\n|debug|Spread modifier: 0.75\n|debug|Friend Guard weaken\n|debug|Light Screen weaken\n|-damage|p1b: Snax|317/461\n|debug|damage event failed\n|\n|-damage|p2a: Jackie|101/242 brn|[from] brn\n|upkeep\n|turn|10\n|\n|t:|1737328429\n|move|p2b: K.Dot|Protect|p2b: K.Dot\n|-singleturn|p2b: K.Dot|Protect\n|move|p1a: Clifford|Protect||[still]\n|debug|Success chance: 33%\n|-fail|p1a: Clifford\n|move|p2a: Jackie|Ice Punch|p1a: Clifford\n|debug|Iron Fist boost\n|debug|Punching Glove boost\n|debug|Reflect weaken\n|-damage|p1a: Clifford|0 fnt\n|faint|p1a: Clifford\n|move|p1b: Snax|Darkest Lariat|p2b: K.Dot\n|-activate|p2b: K.Dot|move: Protect\n|\n|-damage|p2a: Jackie|86/242 brn|[from] brn\n|-sideend|p1: mistermoscow|Reflect\n|upkeep\n|\n|t:|1737328452\n|switch|p1a: Sparky|Jolteon, M|108/271\n|turn|11\n|\n|t:|1737328473\n|move|p1a: Sparky|Electroweb|p2b: K.Dot|[spread] p2a,p2b\n|debug|Spread modifier: 0.75\n|debug|Spread modifier: 0.75\n|-damage|p2a: Jackie|31/242 brn\n|-damage|p2b: K.Dot|127/221\n|-unboost|p2a: Jackie|spe|1\n|-unboost|p2b: K.Dot|spe|1\n|move|p2b: K.Dot|Psychic|p1b: Snax\n|debug|Light Screen weaken\n|-damage|p1b: Snax|104/461\n|debug|damage event failed\n|move|p2a: Jackie|Drain Punch|p1b: Snax\n|debug|Iron Fist boost\n|debug|Punching Glove boost\n|-supereffective|p1b: Snax\n|-damage|p1b: Snax|0 fnt\n|-heal|p2a: Jackie|83/242 brn|[from] drain|[of] p1b: Snax\n|faint|p1b: Snax\n|\n|-damage|p2a: Jackie|68/242 brn|[from] brn\n|upkeep\n|\n|t:|1737328489\n|switch|p1b: Gang Gang|Gengar, M|1/262\n|turn|12\n|\n|t:|1737328519\n|move|p1a: Sparky|Shadow Ball|p2a: Jackie\n|-damage|p2a: Jackie|0 fnt\n|faint|p2a: Jackie\n|move|p1b: Gang Gang|Shadow Ball|p2b: K.Dot\n|-supereffective|p2b: K.Dot\n|-damage|p2b: K.Dot|0 fnt\n|faint|p2b: K.Dot\n|\n|-sideend|p1: mistermoscow|move: Light Screen\n|upkeep\n|\n|t:|1737328587\n|switch|p2b: Myagmar|Magmar, F|271/271\n|switch|p2a: Fissure Bro|Dugtrio, M, shiny|103/212\n|-damage|p2a: Fissure Bro|90/212|[from] Stealth Rock\n|-damage|p2b: Myagmar|204/271|[from] Stealth Rock\n|debug|natural status immunity\n|turn|13\n|\n|t:|1737328693\n|move|p1a: Sparky|Shadow Ball|p2a: Fissure Bro\n|-damage|p2a: Fissure Bro|0 fnt\n|faint|p2a: Fissure Bro\n|move|p1b: Gang Gang|Shadow Ball|p2b: Myagmar\n|-damage|p2b: Myagmar|30/271\n|-unboost|p2b: Myagmar|spd|1\n|move|p2b: Myagmar|Heat Wave|p1b: Gang Gang|[spread] p1a,p1b\n|debug|Spread modifier: 0.75\n|debug|Spread modifier: 0.75\n|-damage|p1a: Sparky|0 fnt\n|-damage|p1b: Gang Gang|0 fnt\n|faint|p1a: Sparky\n|faint|p1b: Gang Gang\n|\n|win|je64\n","uploadtime":1737328714,"views":"11","formatid":"gen9doublescustomgame","rating":null,"private":0,"password":null}