{"id":"gen9championsdoublescustomgame-2666017238","format":"[Gen 9 Champions] Doubles Custom Game","players":["mistermoscow","Jamochi"],"log":"|j|☆mistermoscow\n|j|☆Jamochi\n|t:|1786934444\n|gametype|doubles\n|player|p1|mistermoscow|benga|\n|player|p2|Jamochi|li|\n|gen|9\n|tier|[Gen 9 Champions] Doubles Custom Game\n|clearpoke\n|poke|p1|Venusaur, L50, M|\n|poke|p1|Ninetales-Alola, L50, F|\n|poke|p1|Zapdos-Galar, L50|\n|poke|p1|Magearna, L50|\n|poke|p1|Ursaluna, L50, M|\n|poke|p1|Chi-Yu, L50|\n|poke|p2|Dragonite, L50|\n|poke|p2|Cresselia, L50|\n|poke|p2|Celesteela, L50|\n|poke|p2|Landorus-Therian, L50|\n|poke|p2|Brute Bonnet, L50|\n|poke|p2|Tapu Lele, L50|\n|teampreview\n|c|☆Jamochi|shit sorry I missed wehat happened\n|j| MattcanDaPan\n|c|☆mistermoscow|its all godd, you selected gen 9 custom instead of champions custom\n|c|☆Jamochi|ohh shit\n|c|☆mistermoscow|yeah its all good, noticed before we did anything lol\n|c|☆Jamochi|i keep defaulting to that custom doubles haha\n|\n|t:|1786934506\n|teamsize|p1|6\n|teamsize|p2|6\n|start\n|switch|p1a: Princess Sparkle|Ninetales-Alola, L50, F|180/180\n|switch|p1b: Daniel|Zapdos-Galar, L50|197/197\n|switch|p2a: Cresselia|Cresselia, L50|227/227\n|switch|p2b: Celesteela|Celesteela, L50|204/204\n|-weather|Snowscape|[from] ability: Snow Warning|[of] p1a: Princess Sparkle\n|turn|1\n|\n|t:|1786934529\n|switch|p1b: Banjo|Ursaluna, L50, M|237/237\n|move|p1a: Princess Sparkle|Aurora Veil|p1a: Princess Sparkle\n|-sidestart|p1: mistermoscow|move: Aurora Veil\n|move|p2b: Celesteela|Heavy Slam|p1a: Princess Sparkle\n|debug|BP: 120\n|-supereffective|p1a: Princess Sparkle|2\n|debug|Aurora Veil weaken\n|-damage|p1a: Princess Sparkle|28/180\n|move|p2a: Cresselia|Trick Room|p2a: Cresselia\n|-fieldstart|move: Trick Room|[of] p2a: Cresselia\n|\n|-weather|Snowscape|[upkeep]\n|-status|p1b: Banjo|brn|[from] item: Flame Orb\n|upkeep\n|turn|2\n|\n|t:|1786934614\n|switch|p1a: Mags|Magearna, L50|157/157\n|move|p2a: Cresselia|Helping Hand|p2b: Celesteela\n|-singleturn|p2b: Celesteela|Helping Hand|[of] p2a: Cresselia\n|move|p1b: Banjo|Facade|p2a: Cresselia\n|-damage|p2a: Cresselia|94/227\n|move|p2b: Celesteela|Heavy Slam|p1a: Mags\n|debug|BP: 120\n|debug|Boosting from Helping Hand: 1.5\n|debug|Aurora Veil weaken\n|-damage|p1a: Mags|104/157\n|\n|-weather|Snowscape|[upkeep]\n|-heal|p1a: Mags|113/157|[from] item: Leftovers\n|-damage|p1b: Banjo|223/237 brn|[from] brn\n|upkeep\n|turn|3\n|\n|t:|1786934691\n|move|p2a: Cresselia|Helping Hand|p2b: Celesteela\n|-singleturn|p2b: Celesteela|Helping Hand|[of] p2a: Cresselia\n|move|p1b: Banjo|Facade|p2a: Cresselia\n|-damage|p2a: Cresselia|0 fnt\n|faint|p2a: Cresselia\n|-ability|p1a: Mags|Soul-Heart|boost\n|-boost|p1a: Mags|spa|1\n|move|p2b: Celesteela|Flamethrower|p1a: Mags\n|debug|Boosting from Helping Hand: 1.5\n|-supereffective|p1a: Mags|1\n|debug|Aurora Veil weaken\n|-damage|p1a: Mags|40/157\n|move|p1a: Mags|Calm Mind|p1a: Mags\n|-boost|p1a: Mags|spa|1\n|-boost|p1a: Mags|spd|1\n|\n|-weather|Snowscape|[upkeep]\n|-heal|p1a: Mags|49/157|[from] item: Leftovers\n|-damage|p1b: Banjo|209/237 brn|[from] brn\n|upkeep\n|\n|t:|1786934761\n|switch|p2a: Brute Bonnet|Brute Bonnet, L50|218/218\n|-enditem|p2a: Brute Bonnet|Booster Energy\n|-activate|p2a: Brute Bonnet|ability: Protosynthesis|[fromitem]\n|-start|p2a: Brute Bonnet|protosynthesisatk\n|turn|4\n|\n|t:|1786934777\n|move|p1a: Mags|Protect|p1a: Mags\n|-singleturn|p1a: Mags|Protect\n|move|p1b: Banjo|Ice Punch|p2b: Celesteela\n|-damage|p2b: Celesteela|138/204\n|move|p2a: Brute Bonnet|Spore|p1a: Mags\n|-activate|p1a: Mags|move: Protect\n|move|p2b: Celesteela|Leech Seed|p1b: Banjo\n|-start|p1b: Banjo|move: Leech Seed\n|\n|-weather|Snowscape|[upkeep]\n|-heal|p2b: Celesteela|150/204|[from] item: Leftovers\n|-heal|p1a: Mags|58/157|[from] item: Leftovers\n|-damage|p1b: Banjo|180/237 brn|[from] Leech Seed|[of] p2b: Celesteela\n|-heal|p2b: Celesteela|179/204|[silent]\n|-damage|p1b: Banjo|166/237 brn|[from] brn\n|upkeep\n|turn|5\n|\n|t:|1786934862\n|switch|p1b: Chip|Chi-Yu, L50|130/130\n|-ability|p1b: Chip|Beads of Ruin\n|move|p2a: Brute Bonnet|Seed Bomb|p1b: Chip\n|debug|Protosynthesis atk boost\n|-resisted|p1b: Chip|1\n|debug|Aurora Veil weaken\n|-damage|p1b: Chip|89/130\n|move|p2b: Celesteela|Flamethrower|p1a: Mags\n|debug|Beads of Ruin SpD drop\n|-supereffective|p1a: Mags|1\n|debug|Aurora Veil weaken\n|-damage|p1a: Mags|13/157\n|-status|p1a: Mags|brn\n|move|p1a: Mags|Dazzling Gleam|p2b: Celesteela|[spread] p2a,p2b\n|debug|Beads of Ruin SpD drop\n|debug|Spread modifier: 0.75\n|-supereffective|p2a: Brute Bonnet|1\n|debug|Beads of Ruin SpD drop\n|debug|Spread modifier: 0.75\n|-resisted|p2b: Celesteela|1\n|-damage|p2a: Brute Bonnet|0 fnt\n|-damage|p2b: Celesteela|119/204\n|faint|p2a: Brute Bonnet\n|-ability|p1a: Mags|Soul-Heart|boost\n|-boost|p1a: Mags|spa|1\n|-end|p2a: Brute Bonnet|Protosynthesis|[silent]\n|\n|-weather|none\n|-heal|p2b: Celesteela|131/204|[from] item: Leftovers\n|-heal|p1a: Mags|22/157 brn|[from] item: Leftovers\n|-damage|p1a: Mags|13/157 brn|[from] brn\n|-fieldend|move: Trick Room\n|upkeep\n|\n|t:|1786934905\n|switch|p2a: Dragonite|Dragonite, L50|168/168\n|turn|6\n|\n|t:|1786934929\n|detailschange|p2a: Dragonite|Dragonite-Mega, L50\n|-mega|p2a: Dragonite|Dragonite|Dragoninite\n|move|p1a: Mags|Protect|p1a: Mags\n|-singleturn|p1a: Mags|Protect\n|move|p2b: Celesteela|Wide Guard|p2b: Celesteela\n|-singleturn|p2b: Celesteela|Wide Guard\n|move|p2a: Dragonite|Earthquake|p1b: Chip|[spread] p1b\n|-activate|p2b: Celesteela|move: Wide Guard\n|-activate|p1a: Mags|move: Protect\n|debug|Spread modifier: 0.75\n|-supereffective|p1b: Chip|1\n|debug|Aurora Veil weaken\n|-damage|p1b: Chip|17/130\n|move|p1b: Chip|Heat Wave|p2b: Celesteela|[spread] \n|-activate|p2a: Dragonite|move: Wide Guard\n|-activate|p2b: Celesteela|move: Wide Guard\n|\n|-heal|p1a: Mags|22/157 brn|[from] item: Leftovers\n|-heal|p2b: Celesteela|143/204|[from] item: Leftovers\n|-damage|p1a: Mags|13/157 brn|[from] brn\n|upkeep\n|turn|7\n|\n|t:|1786934965\n|switch|p1a: Daniel|Zapdos-Galar, L50|197/197\n|move|p1b: Chip|Protect|p1b: Chip\n|-singleturn|p1b: Chip|Protect\n|move|p2a: Dragonite|Extreme Speed|p1b: Chip\n|-activate|p1b: Chip|move: Protect\n|move|p2b: Celesteela|Flamethrower|p1a: Daniel\n|debug|Beads of Ruin SpD drop\n|debug|Aurora Veil weaken\n|-damage|p1a: Daniel|161/197\n|debug|Covert Cloak prevent secondary\n|\n|-heal|p2b: Celesteela|155/204|[from] item: Leftovers\n|upkeep\n|turn|8\n|\n|t:|1786934986\n|move|p2b: Celesteela|Wide Guard|p2b: Celesteela\n|-singleturn|p2b: Celesteela|Wide Guard\n|move|p2a: Dragonite|Extreme Speed|p1b: Chip\n|debug|Aurora Veil weaken\n|-damage|p1b: Chip|0 fnt\n|faint|p1b: Chip\n|move|p1a: Daniel|Tailwind|p1a: Daniel\n|-sidestart|p1: mistermoscow|move: Tailwind\n|\n|-heal|p2b: Celesteela|167/204|[from] item: Leftovers\n|-sideend|p1: mistermoscow|move: Aurora Veil\n|upkeep\n|\n|t:|1786935021\n|switch|p1b: Princess Sparkle|Ninetales-Alola, L50, F|28/180\n|-weather|Snowscape|[from] ability: Snow Warning|[of] p1b: Princess Sparkle\n|turn|9\n|\n|t:|1786935029\n|move|p1a: Daniel|Quick Guard|p1a: Daniel\n|-singleturn|p1a: Daniel|Quick Guard\n|move|p2a: Dragonite|Extreme Speed|p1b: Princess Sparkle\n|-activate|p1b: Princess Sparkle|move: Quick Guard\n|move|p1b: Princess Sparkle|Aurora Veil|p1b: Princess Sparkle\n|-sidestart|p1: mistermoscow|move: Aurora Veil\n|move|p2b: Celesteela|Leech Seed|p1a: Daniel\n|-start|p1a: Daniel|move: Leech Seed\n|\n|-weather|Snowscape|[upkeep]\n|-heal|p2b: Celesteela|179/204|[from] item: Leftovers\n|-damage|p1a: Daniel|137/197|[from] Leech Seed|[of] p2b: Celesteela\n|-heal|p2b: Celesteela|203/204|[silent]\n|upkeep\n|turn|10\n|\n|t:|1786935049\n|switch|p2a: Tapu Lele|Tapu Lele, L50|177/177\n|-fieldstart|move: Psychic Terrain|[from] ability: Psychic Surge|[of] p2a: Tapu Lele\n|move|p1b: Princess Sparkle|Icy Wind|p2a: Tapu Lele|[spread] p2a,p2b\n|debug|Spread modifier: 0.75\n|-crit|p2a: Tapu Lele\n|debug|Spread modifier: 0.75\n|-damage|p2a: Tapu Lele|149/177\n|-damage|p2b: Celesteela|187/204\n|-unboost|p2a: Tapu Lele|spe|1\n|-unboost|p2b: Celesteela|spe|1\n|move|p1a: Daniel|Thunderous Kick|p2b: Celesteela\n|-damage|p2b: Celesteela|123/204\n|-unboost|p2b: Celesteela|def|1\n|move|p2b: Celesteela|Heavy Slam|p1b: Princess Sparkle\n|debug|BP: 120\n|-supereffective|p1b: Princess Sparkle|2\n|debug|Aurora Veil weaken\n|-damage|p1b: Princess Sparkle|0 fnt\n|faint|p1b: Princess Sparkle\n|-ability|p2b: Celesteela|Beast Boost|boost\n|-boost|p2b: Celesteela|spd|1\n|\n|-weather|Snowscape|[upkeep]\n|-heal|p2b: Celesteela|135/204|[from] item: Leftovers\n|-damage|p1a: Daniel|113/197|[from] Leech Seed|[of] p2b: Celesteela\n|-heal|p2b: Celesteela|159/204|[silent]\n|upkeep\n|\n|t:|1786935072\n|switch|p1b: Banjo|Ursaluna, L50, M|166/237 brn\n|turn|11\n|\n|t:|1786935156\n|move|p1a: Daniel|Coaching|p1b: Banjo\n|-boost|p1b: Banjo|atk|1\n|-boost|p1b: Banjo|def|1\n|-enditem|p2a: Tapu Lele|Mirror Herb\n|-boost|p2a: Tapu Lele|atk|1|[from] item: Mirror Herb\n|-boost|p2a: Tapu Lele|def|1|[from] item: Mirror Herb\n|move|p1b: Banjo|Facade|p2a: Tapu Lele\n|-damage|p2a: Tapu Lele|0 fnt\n|faint|p2a: Tapu Lele\n|move|p2b: Celesteela|Leech Seed|p1b: Banjo\n|-start|p1b: Banjo|move: Leech Seed\n|\n|-weather|Snowscape|[upkeep]\n|-heal|p2b: Celesteela|171/204|[from] item: Leftovers\n|-damage|p1a: Daniel|89/197|[from] Leech Seed|[of] p2b: Celesteela\n|-heal|p2b: Celesteela|195/204|[silent]\n|-damage|p1b: Banjo|137/237 brn|[from] Leech Seed|[of] p2b: Celesteela\n|-heal|p2b: Celesteela|204/204|[silent]\n|-damage|p1b: Banjo|123/237 brn|[from] brn\n|-sideend|p1: mistermoscow|move: Tailwind\n|upkeep\n|\n|t:|1786935219\n|switch|p2a: Dragonite|Dragonite-Mega, L50|168/168\n|turn|12\n|\n|t:|1786935241\n|move|p1a: Daniel|Tailwind|p1a: Daniel\n|-sidestart|p1: mistermoscow|move: Tailwind\n|move|p2a: Dragonite|Dragon Dance|p2a: Dragonite\n|-boost|p2a: Dragonite|atk|1\n|-boost|p2a: Dragonite|spe|1\n|move|p1b: Banjo|Ice Punch|p2a: Dragonite\n|-supereffective|p2a: Dragonite|2\n|debug|Multiscale weaken\n|-damage|p2a: Dragonite|0 fnt\n|faint|p2a: Dragonite\n|move|p2b: Celesteela|Heavy Slam|p1b: Banjo\n|debug|BP: 80\n|debug|Aurora Veil weaken\n|-damage|p1b: Banjo|105/237 brn\n|\n|-weather|Snowscape|[upkeep]\n|-damage|p1a: Daniel|65/197|[from] Leech Seed|[of] p2b: Celesteela\n|-damage|p1b: Banjo|76/237 brn|[from] Leech Seed|[of] p2b: Celesteela\n|-damage|p1b: Banjo|62/237 brn|[from] brn\n|upkeep\n|\n|t:|1786935268\n|switch|p2a: Landorus|Landorus-Therian, L50|196/196\n|-ability|p2a: Landorus|Intimidate|boost\n|-unboost|p1a: Daniel|atk|1\n|-ability|p1a: Daniel|Defiant|boost\n|-boost|p1a: Daniel|atk|2\n|-unboost|p1b: Banjo|atk|1\n|turn|13\n|\n|t:|1786935317\n|move|p1a: Daniel|Coaching|p1b: Banjo\n|-boost|p1b: Banjo|atk|1\n|-boost|p1b: Banjo|def|1\n|move|p1b: Banjo|Ice Punch|p2b: Celesteela\n|-damage|p2b: Celesteela|52/204\n|move|p2a: Landorus|Rock Slide|p1a: Daniel|[spread] p1a\n|-miss|p2a: Landorus|p1b: Banjo\n|debug|Spread modifier: 0.75\n|debug|Aurora Veil weaken\n|-damage|p1a: Daniel|43/197\n|debug|Covert Cloak prevent secondary\n|move|p2b: Celesteela|Heavy Slam|p1b: Banjo\n|debug|BP: 80\n|debug|Negating (sp)def boost/penalty.\n|-crit|p1b: Banjo\n|-damage|p1b: Banjo|0 fnt\n|faint|p1b: Banjo\n|-ability|p2b: Celesteela|Beast Boost|boost\n|-boost|p2b: Celesteela|spd|1\n|\n|-weather|none\n|-heal|p2b: Celesteela|64/204|[from] item: Leftovers\n|-damage|p1a: Daniel|19/197|[from] Leech Seed|[of] p2b: Celesteela\n|-heal|p2b: Celesteela|88/204|[silent]\n|upkeep\n|\n|t:|1786935339\n|switch|p1b: Mags|Magearna, L50|13/157 brn\n|turn|14\n|\n|t:|1786935390\n|switch|p1b: Vinny|Venusaur, L50, M|187/187\n|move|p1a: Daniel|Thunderous Kick|p2b: Celesteela\n|-damage|p2b: Celesteela|0 fnt\n|faint|p2b: Celesteela\n|move|p2a: Landorus|Rock Slide|p1b: Vinny|[spread] p1a,p1b\n|debug|Spread modifier: 0.75\n|debug|Aurora Veil weaken\n|debug|Spread modifier: 0.75\n|debug|Aurora Veil weaken\n|-damage|p1a: Daniel|0 fnt\n|-damage|p1b: Vinny|162/187\n|debug|Covert Cloak prevent secondary\n|faint|p1a: Daniel\n|\n|-fieldend|move: Psychic Terrain\n|upkeep\n|\n|t:|1786935400\n|switch|p1a: Mags|Magearna, L50|13/157 brn\n|turn|15\n|\n|t:|1786935469\n|move|p1b: Vinny|Leech Seed|p2a: Landorus\n|-start|p2a: Landorus|move: Leech Seed\n|move|p1a: Mags|Flash Cannon|p2a: Landorus\n|-damage|p2a: Landorus|90/196\n|move|p2a: Landorus|Earthquake|p1a: Mags|[spread] p1a,p1b\n|debug|Spread modifier: 0.75\n|-supereffective|p1a: Mags|1\n|debug|Aurora Veil weaken\n|debug|Spread modifier: 0.75\n|debug|Aurora Veil weaken\n|-damage|p1a: Mags|0 fnt\n|-damage|p1b: Vinny|115/187\n|faint|p1a: Mags\n|\n|-damage|p2a: Landorus|66/196|[from] Leech Seed|[of] p1b: Vinny\n|-heal|p1b: Vinny|139/187|[silent]\n|-sideend|p1: mistermoscow|move: Tailwind\n|upkeep\n|turn|16\n|\n|t:|1786935487\n|detailschange|p1b: Vinny|Venusaur-Mega, L50, M\n|-mega|p1b: Vinny|Venusaur|Venusaurite\n|move|p2a: Landorus|Earthquake|p1b: Vinny\n|-crit|p1b: Vinny\n|-damage|p1b: Vinny|33/187\n|move|p1b: Vinny|Toxic|p2a: Landorus\n|-status|p2a: Landorus|tox\n|\n|-damage|p2a: Landorus|42/196 tox|[from] Leech Seed|[of] p1b: Vinny\n|-heal|p1b: Vinny|57/187|[silent]\n|-damage|p2a: Landorus|30/196 tox|[from] psn\n|-sideend|p1: mistermoscow|move: Aurora Veil\n|upkeep\n|turn|17\n|\n|t:|1786935531\n|move|p2a: Landorus|Earthquake|p1b: Vinny\n|-damage|p1b: Vinny|0 fnt\n|faint|p1b: Vinny\n|\n|win|Jamochi\n|c|☆Jamochi|GGGG\n|c|☆Jamochi|wow that was c lose\n|c|☆mistermoscow|gg\n|c|☆Jamochi|well played\n|c| MattcanDaPan|gg\n|c|☆Jamochi|nicely done\n|c|☆Jamochi|that was scary\n|c|☆mistermoscow|well played indeed\n","uploadtime":1786935566,"views":"3","formatid":"gen9championsdoublescustomgame","rating":null,"private":0,"password":null}