{"id":"gen9doublescustomgame-2309436992","format":"[Gen 9] Doubles Custom Game","players":["mistermoscow","mattmandaman"],"log":"|j|☆mistermoscow\n|j|☆mattmandaman\n|t:|1740716666\n|gametype|doubles\n|player|p1|mistermoscow|alder|\n|player|p2|mattmandaman|giovanni|\n|teamsize|p1|6\n|teamsize|p2|6\n|gen|9\n|tier|[Gen 9] Doubles Custom Game\n|clearpoke\n|poke|p1|Nidoking, M|\n|poke|p1|Victreebel, M|\n|poke|p1|Gengar, M|\n|poke|p1|Exeggutor, M|\n|poke|p1|Jolteon, M|\n|poke|p1|Flareon, F|\n|poke|p2|Slowpoke, M|\n|poke|p2|Dodrio, M|\n|poke|p2|Nidoking, M|\n|poke|p2|Starmie|\n|poke|p2|Electrode|\n|poke|p2|Gengar, F|\n|teampreview\n|j| frigifax\n|\n|t:|1740716748\n|start\n|switch|p1a: King Nido|Nidoking, M|304/304\n|switch|p1b: Eggman|Exeggutor, M|332/332\n|switch|p2a: Nidoking|Nidoking, M|304/304\n|switch|p2b: Dodrio|Dodrio, M|262/262\n|turn|1\n|\n|t:|1740716802\n|switch|p2a: Slowpoke|Slowpoke, M|384/384\n|move|p1a: King Nido|Earth Power|p2a: Slowpoke\n|-damage|p2a: Slowpoke|162/384\n|move|p2b: Dodrio|Tailwind|p2b: Dodrio\n|-sidestart|p2: mattmandaman|move: Tailwind\n|move|p1b: Eggman|Expanding Force|p2a: Slowpoke\n|-resisted|p2a: Slowpoke\n|-damage|p2a: Slowpoke|69/384\n|\n|upkeep\n|turn|2\n|\n|t:|1740716826\n|move|p1b: Eggman|Protect|p1b: Eggman\n|-singleturn|p1b: Eggman|Protect\n|move|p2b: Dodrio|Drill Peck|p1b: Eggman\n|-activate|p1b: Eggman|move: Protect\n|move|p1a: King Nido|Earth Power|p2a: Slowpoke\n|-damage|p2a: Slowpoke|0 fnt\n|faint|p2a: Slowpoke\n|\n|upkeep\n|\n|t:|1740716852\n|switch|p2a: Starmie|Starmie|262/262\n|turn|3\n|\n|t:|1740716876\n|switch|p1b: Sparky|Jolteon, M|271/271\n|move|p2a: Starmie|Expanding Force|p1a: King Nido\n|-supereffective|p1a: King Nido\n|-damage|p1a: King Nido|0 fnt\n|faint|p1a: King Nido\n|move|p2b: Dodrio|Drill Peck|p1b: Sparky\n|-resisted|p1b: Sparky\n|-damage|p1b: Sparky|207/271\n|\n|upkeep\n|\n|t:|1740716926\n|switch|p1a: Fluffy|Flareon, F|272/272\n|turn|4\n|\n|t:|1740716954\n|move|p1a: Fluffy|Protect|p1a: Fluffy\n|-singleturn|p1a: Fluffy|Protect\n|move|p2a: Starmie|Expanding Force|p1b: Sparky\n|-damage|p1b: Sparky|30/271\n|move|p2b: Dodrio|Drill Peck|p1b: Sparky\n|-resisted|p1b: Sparky\n|-damage|p1b: Sparky|0 fnt\n|faint|p1b: Sparky\n|\n|-sideend|p2: mattmandaman|move: Tailwind\n|-status|p1a: Fluffy|tox|[from] item: Toxic Orb\n|upkeep\n|\n|t:|1740716979\n|switch|p1b: Eggman|Exeggutor, M|332/332\n|turn|5\n|\n|t:|1740716990\n|move|p1b: Eggman|Protect|p1b: Eggman\n|-singleturn|p1b: Eggman|Protect\n|move|p2a: Starmie|Expanding Force|p1a: Fluffy\n|-damage|p1a: Fluffy|107/272 tox\n|move|p2b: Dodrio|Tailwind|p2b: Dodrio\n|-sidestart|p2: mattmandaman|move: Tailwind\n|move|p1a: Fluffy|Facade|p2a: Starmie\n|-damage|p2a: Starmie|0 fnt\n|faint|p2a: Starmie\n|\n|-damage|p1a: Fluffy|90/272 tox|[from] psn\n|upkeep\n|\n|t:|1740717009\n|switch|p2a: Electrode|Electrode|289/289\n|turn|6\n|\n|t:|1740717027\n|move|p2a: Electrode|Signal Beam|p1b: Eggman\n|-supereffective|p1b: Eggman\n|-damage|p1b: Eggman|0 fnt\n|faint|p1b: Eggman\n|move|p2b: Dodrio|Drill Peck|p1a: Fluffy\n|-damage|p1a: Fluffy|0 fnt\n|faint|p1a: Fluffy\n|\n|upkeep\n|\n|t:|1740717037\n|switch|p1a: Gang Gang|Gengar, M|262/262\n|switch|p1b: Victor|Victreebel, M|333/333\n|turn|7\n|\n|t:|1740717048\n|move|p1b: Victor|Protect|p1b: Victor\n|-singleturn|p1b: Victor|Protect\n|move|p2a: Electrode|Electroweb|p1b: Victor|[spread] p1a\n|-activate|p1b: Victor|move: Protect\n|debug|Spread modifier: 0.75\n|-damage|p1a: Gang Gang|192/262\n|-unboost|p1a: Gang Gang|spe|1\n|move|p2b: Dodrio|Drill Peck|p1b: Victor\n|-activate|p1b: Victor|move: Protect\n|move|p1a: Gang Gang|Icy Wind|p2b: Dodrio|[spread] p2a,p2b\n|debug|Spread modifier: 0.75\n|debug|Spread modifier: 0.75\n|-supereffective|p2b: Dodrio\n|-damage|p2a: Electrode|234/289\n|-damage|p2b: Dodrio|120/262\n|-unboost|p2a: Electrode|spe|1\n|-unboost|p2b: Dodrio|spe|1\n|\n|upkeep\n|turn|8\n|\n|t:|1740717072\n|move|p1b: Victor|Protect|p1b: Victor\n|debug|Success chance: 33%\n|-singleturn|p1b: Victor|Protect\n|move|p2a: Electrode|Electroweb|p1b: Victor|[spread] p1a\n|-activate|p1b: Victor|move: Protect\n|debug|Spread modifier: 0.75\n|-damage|p1a: Gang Gang|125/262\n|-unboost|p1a: Gang Gang|spe|1\n|move|p2b: Dodrio|Drill Peck|p1b: Victor\n|-activate|p1b: Victor|move: Protect\n|move|p1a: Gang Gang|Icy Wind|p2b: Dodrio|[spread] p2a,p2b\n|debug|Spread modifier: 0.75\n|debug|Spread modifier: 0.75\n|-supereffective|p2b: Dodrio\n|-damage|p2a: Electrode|178/289\n|-damage|p2b: Dodrio|0 fnt\n|-unboost|p2a: Electrode|spe|1\n|faint|p2b: Dodrio\n|\n|-sideend|p2: mattmandaman|move: Tailwind\n|upkeep\n|\n|t:|1740717089\n|switch|p2b: Gengar|Gengar, F|262/262\n|turn|9\n|\n|t:|1740717112\n|move|p2b: Gengar|Will-O-Wisp|p1b: Victor\n|-status|p1b: Victor|brn\n|move|p1b: Victor|Poison Jab|p2a: Electrode\n|-damage|p2a: Electrode|88/289\n|move|p2a: Electrode|Electroweb|p1b: Victor|[spread] p1a,p1b\n|debug|Spread modifier: 0.75\n|debug|Spread modifier: 0.75\n|-resisted|p1b: Victor\n|-damage|p1a: Gang Gang|53/262\n|-damage|p1b: Victor|296/333 brn\n|-unboost|p1a: Gang Gang|spe|1\n|-unboost|p1b: Victor|spe|1\n|move|p1a: Gang Gang|Shadow Ball|p2b: Gengar\n|-supereffective|p2b: Gengar\n|-damage|p2b: Gengar|0 fnt\n|faint|p2b: Gengar\n|\n|-heal|p1b: Victor|316/333 brn|[from] item: Black Sludge\n|-damage|p1b: Victor|296/333 brn|[from] brn\n|upkeep\n|\n|t:|1740717132\n|switch|p2b: Nidoking|Nidoking, M|304/304\n|turn|10\n|\n|t:|1740717146\n|move|p2b: Nidoking|Earth Power|p1b: Victor\n|-damage|p1b: Victor|47/333 brn\n|move|p2a: Electrode|Electroweb|p1a: Gang Gang|[spread] p1a,p1b\n|debug|Spread modifier: 0.75\n|debug|Spread modifier: 0.75\n|-resisted|p1b: Victor\n|-damage|p1a: Gang Gang|0 fnt\n|-damage|p1b: Victor|11/333 brn\n|-unboost|p1b: Victor|spe|1\n|faint|p1a: Gang Gang\n|move|p1b: Victor|Leaf Blade|p2b: Nidoking\n|-damage|p2b: Nidoking|217/304\n|\n|-heal|p1b: Victor|31/333 brn|[from] item: Black Sludge\n|-damage|p1b: Victor|11/333 brn|[from] brn\n|upkeep\n|turn|11\n|l| frigifax\n|\n|t:|1740717160\n|move|p1b: Victor|Protect|p1b: Victor\n|-singleturn|p1b: Victor|Protect\n|move|p2b: Nidoking|Earth Power|p1b: Victor\n|-activate|p1b: Victor|move: Protect\n|move|p2a: Electrode|Electroweb|p1b: Victor\n|-activate|p1b: Victor|move: Protect\n|\n|-heal|p1b: Victor|31/333 brn|[from] item: Black Sludge\n|-damage|p1b: Victor|11/333 brn|[from] brn\n|upkeep\n|turn|12\n|\n|t:|1740717172\n|move|p1b: Victor|Protect|p1b: Victor\n|debug|Success chance: 33%\n|-singleturn|p1b: Victor|Protect\n|move|p2b: Nidoking|Earth Power|p1b: Victor\n|-activate|p1b: Victor|move: Protect\n|move|p2a: Electrode|Electroweb|p1b: Victor\n|-activate|p1b: Victor|move: Protect\n|\n|-heal|p1b: Victor|31/333 brn|[from] item: Black Sludge\n|-damage|p1b: Victor|11/333 brn|[from] brn\n|upkeep\n|turn|13\n|\n|t:|1740717184\n|move|p1b: Victor|Protect||[still]\n|debug|Success chance: 11%\n|-fail|p1b: Victor\n|move|p2b: Nidoking|Earth Power|p1b: Victor\n|-damage|p1b: Victor|0 fnt\n|faint|p1b: Victor\n|\n|win|mattmandaman\n","uploadtime":1740717219,"views":"14","formatid":"gen9doublescustomgame","rating":null,"private":0,"password":null}