{"id":"gen9doublescustomgame-2133241695","format":"[Gen 9] Doubles Custom Game","players":["mattmandaman","je64"],"log":"|j|☆mattmandaman\n|j|☆je64\n|t:|1717032943\n|gametype|doubles\n|player|p1|mattmandaman|giovanni|\n|player|p2|je64|266|\n|teamsize|p1|6\n|teamsize|p2|6\n|gen|9\n|tier|[Gen 9] Doubles Custom Game\n|clearpoke\n|poke|p1|Kangaskhan, F|\n|poke|p1|Volcanion|\n|poke|p1|Marshadow|\n|poke|p1|Kartana|\n|poke|p1|Thundurus, M|\n|poke|p1|Diancie|\n|poke|p2|Entei|\n|poke|p2|Salamence, F|\n|poke|p2|Jirachi|\n|poke|p2|Zeraora|\n|poke|p2|Ursaluna-Bloodmoon, M|\n|poke|p2|Flutter Mane|\n|teampreview\n|j| mistermoscow\n|j| smokeydabearrr\n|\n|t:|1717033015\n|start\n|switch|p1a: Kangaskhan|Kangaskhan, F|352/352\n|switch|p1b: Diancie|Diancie|304/304\n|switch|p2a: Scratching Fire|Entei|434/434\n|switch|p2b: Steve Stolen Star|Jirachi|404/404\n|turn|1\n|\n|t:|1717033090\n|detailschange|p1a: Kangaskhan|Kangaskhan-Mega, F\n|-mega|p1a: Kangaskhan|Kangaskhan|Kangaskhanite\n|move|p1a: Kangaskhan|Fake Out|p2b: Steve Stolen Star\n|-resisted|p2b: Steve Stolen Star\n|-damage|p2b: Steve Stolen Star|377/404\n|debug|Parental Bond modifier: 0.25\n|-resisted|p2b: Steve Stolen Star\n|-damage|p2b: Steve Stolen Star|371/404\n|debug|move failed because it did nothing\n|-hitcount|p2b: Steve Stolen Star|2\n|move|p2a: Scratching Fire|Iron Head|p1b: Diancie\n|-supereffective|p1b: Diancie\n|-damage|p1b: Diancie|40/304\n|-enditem|p1b: Diancie|Weakness Policy\n|-boost|p1b: Diancie|atk|2|[from] item: Weakness Policy\n|-boost|p1b: Diancie|spa|2|[from] item: Weakness Policy\n|cant|p2b: Steve Stolen Star|flinch\n|move|p1b: Diancie|Diamond Storm|p2b: Steve Stolen Star|[spread] p2a,p2b\n|debug|Spread modifier: 0.75\n|-supereffective|p2a: Scratching Fire\n|debug|Spread modifier: 0.75\n|-resisted|p2b: Steve Stolen Star\n|-damage|p2a: Scratching Fire|0 fnt\n|-damage|p2b: Steve Stolen Star|288/404\n|-boost|p1b: Diancie|def|2\n|faint|p2a: Scratching Fire\n|\n|upkeep\n|\n|t:|1717033132\n|switch|p2a: M as in Mancy|Salamence, F|331/331\n|-ability|p2a: M as in Mancy|Intimidate|boost\n|-unboost|p1a: Kangaskhan|atk|1\n|-fail|p1b: Diancie|unboost|[from] ability: Clear Body|[of] p1b: Diancie\n|turn|2\n|\n|t:|1717033153\n|switch|p1a: Thundurus|Thundurus, M|362/362\n|detailschange|p2a: M as in Mancy|Salamence-Mega, F\n|-mega|p2a: M as in Mancy|Salamence|Salamencite\n|move|p2a: M as in Mancy|Hyper Voice|p1b: Diancie|[spread] p1a,p1b\n|debug|Spread modifier: 0.75\n|-resisted|p1a: Thundurus\n|debug|Spread modifier: 0.75\n|-resisted|p1b: Diancie\n|-damage|p1a: Thundurus|295/362\n|-damage|p1b: Diancie|0 fnt\n|faint|p1b: Diancie\n|move|p2b: Steve Stolen Star|Thunder Wave|p1a: Thundurus\n|debug|natural status immunity\n|debug|immune to status\n|-immune|p1a: Thundurus\n|debug|move failed because it did nothing\n|\n|upkeep\n|\n|t:|1717033182\n|switch|p1b: Kartana|Kartana|260/260\n|turn|3\n|\n|t:|1717033229\n|move|p1a: Thundurus|Leer|p2b: Steve Stolen Star|[spread] p2a,p2b\n|-unboost|p2a: M as in Mancy|def|1\n|-unboost|p2b: Steve Stolen Star|def|1\n|move|p2a: M as in Mancy|Hyper Voice|p1b: Kartana|[spread] p1a,p1b\n|debug|Spread modifier: 0.75\n|-resisted|p1a: Thundurus\n|debug|Spread modifier: 0.75\n|-damage|p1a: Thundurus|226/362\n|-enditem|p1b: Kartana|Focus Sash\n|-damage|p1b: Kartana|1/260\n|move|p1b: Kartana|Knock Off|p2b: Steve Stolen Star\n|-supereffective|p2b: Steve Stolen Star\n|-damage|p2b: Steve Stolen Star|0 fnt\n|-enditem|p2b: Steve Stolen Star|Sitrus Berry|[from] move: Knock Off|[of] p1b: Kartana\n|faint|p2b: Steve Stolen Star\n|-ability|p1b: Kartana|Beast Boost|boost\n|-boost|p1b: Kartana|atk|1\n|\n|upkeep\n|\n|t:|1717033245\n|switch|p2b: Dragonball Durag|Zeraora|318/318\n|turn|4\n|\n|t:|1717033283\n|move|p1b: Kartana|Protect|p1b: Kartana\n|-singleturn|p1b: Kartana|Protect\n|move|p2b: Dragonball Durag|Fake Out|p1b: Kartana\n|-activate|p1b: Kartana|move: Protect\n|move|p1a: Thundurus|Taunt|p2a: M as in Mancy\n|-start|p2a: M as in Mancy|move: Taunt\n|move|p2a: M as in Mancy|Return|p1a: Thundurus\n|-resisted|p1a: Thundurus\n|-damage|p1a: Thundurus|83/362\n|\n|upkeep\n|turn|5\n|\n|t:|1717033310\n|switch|p2a: Yāoguài 妖怪|Ursaluna-Bloodmoon, M|430/430\n|move|p1a: Thundurus|Leer|p2a: Yāoguài 妖怪|[spread] p2a,p2b\n|-unboost|p2a: Yāoguài 妖怪|def|1\n|-unboost|p2b: Dragonball Durag|def|1\n|move|p2b: Dragonball Durag|Volt Switch|p1b: Kartana\n|-resisted|p1b: Kartana\n|-damage|p1b: Kartana|0 fnt\n|faint|p1b: Kartana\n|-damage|p2b: Dragonball Durag|287/318|[from] item: Life Orb\n|\n|t:|1717033340\n|switch|p2b: M as in Mancy|Salamence-Mega, F|331/331|[from] Volt Switch\n|\n|upkeep\n|\n|t:|1717033346\n|switch|p1b: Kangaskhan|Kangaskhan-Mega, F|352/352\n|turn|6\n|\n|t:|1717033383\n|move|p1a: Thundurus|Leer|p2b: M as in Mancy|[spread] p2a,p2b\n|-unboost|p2a: Yāoguài 妖怪|def|1\n|-unboost|p2b: M as in Mancy|def|1\n|move|p2b: M as in Mancy|Hyper Voice|p1a: Thundurus|[spread] p1a,p1b\n|debug|Spread modifier: 0.75\n|-resisted|p1a: Thundurus\n|debug|Spread modifier: 0.75\n|-damage|p1a: Thundurus|10/362\n|-damage|p1b: Kangaskhan|237/352\n|move|p1b: Kangaskhan|Drain Punch|p2a: Yāoguài 妖怪\n|-supereffective|p2a: Yāoguài 妖怪\n|-damage|p2a: Yāoguài 妖怪|110/430\n|-heal|p1b: Kangaskhan|352/352|[from] drain|[of] p2a: Yāoguài 妖怪\n|debug|Parental Bond modifier: 0.25\n|-supereffective|p2a: Yāoguài 妖怪\n|-damage|p2a: Yāoguài 妖怪|32/430\n|-hitcount|p2a: Yāoguài 妖怪|2\n|move|p2a: Yāoguài 妖怪|Hyper Voice|p1b: Kangaskhan|[spread] p1a,p1b\n|debug|Spread modifier: 0.75\n|debug|Spread modifier: 0.75\n|-damage|p1a: Thundurus|0 fnt\n|-damage|p1b: Kangaskhan|216/352\n|faint|p1a: Thundurus\n|-enditem|p2a: Yāoguài 妖怪|Throat Spray\n|-boost|p2a: Yāoguài 妖怪|spa|1|[from] item: Throat Spray\n|\n|upkeep\n|\n|t:|1717033409\n|switch|p1a: Marshadow|Marshadow|322/322\n|turn|7\n|\n|t:|1717033474\n|-terastallize|p1a: Marshadow|Ghost\n|move|p2b: M as in Mancy|Protect|p2b: M as in Mancy\n|-singleturn|p2b: M as in Mancy|Protect\n|move|p2a: Yāoguài 妖怪|Protect|p2a: Yāoguài 妖怪\n|-singleturn|p2a: Yāoguài 妖怪|Protect\n|move|p1a: Marshadow|Spectral Thief|p2b: M as in Mancy\n|-activate|p2b: M as in Mancy|move: Protect\n|move|p1b: Kangaskhan|Drain Punch|p2a: Yāoguài 妖怪\n|-activate|p2a: Yāoguài 妖怪|move: Protect\n|\n|upkeep\n|turn|8\n|\n|t:|1717033520\n|move|p2b: M as in Mancy|Return|p1a: Marshadow\n|-damage|p1a: Marshadow|66/322\n|move|p1a: Marshadow|Spectral Thief|p2b: M as in Mancy\n|debug|Base Power: 90\n|-damage|p2b: M as in Mancy|0 fnt\n|faint|p2b: M as in Mancy\n|-damage|p1a: Marshadow|34/322|[from] item: Life Orb\n|move|p1b: Kangaskhan|Drain Punch|p2a: Yāoguài 妖怪\n|-supereffective|p2a: Yāoguài 妖怪\n|-damage|p2a: Yāoguài 妖怪|0 fnt\n|-heal|p1b: Kangaskhan|232/352|[from] drain|[of] p2a: Yāoguài 妖怪\n|faint|p2a: Yāoguài 妖怪\n|-hitcount|p2: Yāoguài 妖怪|1\n|\n|upkeep\n|\n|t:|1717033534\n|switch|p2b: Agatha|Flutter Mane|284/284\n|switch|p2a: Dragonball Durag|Zeraora|287/318\n|-enditem|p2b: Agatha|Booster Energy\n|-activate|p2b: Agatha|ability: Protosynthesis|[fromitem]\n|-start|p2b: Agatha|protosynthesisspe\n|turn|9\n|debug|Protosynthesis spe boost\n|debug|Protosynthesis spe boost\n|debug|Protosynthesis spe boost\n|\n|t:|1717033584\n|-terastallize|p2b: Agatha|Fairy\n|debug|Protosynthesis spe boost\n|debug|Protosynthesis spe boost\n|move|p1a: Marshadow|Protect|p1a: Marshadow\n|-singleturn|p1a: Marshadow|Protect\n|debug|Protosynthesis spe boost\n|debug|Protosynthesis spe boost\n|move|p2b: Agatha|Moonblast|p1b: Kangaskhan\n|-damage|p1b: Kangaskhan|8/352\n|-unboost|p1b: Kangaskhan|spa|1\n|debug|Protosynthesis spe boost\n|move|p2a: Dragonball Durag|Volt Switch|p1a: Marshadow\n|-activate|p1a: Marshadow|move: Protect\n|debug|Protosynthesis spe boost\n|move|p1b: Kangaskhan|Frustration|p2a: Dragonball Durag\n|-damage|p2a: Dragonball Durag|61/318\n|debug|Parental Bond modifier: 0.25\n|-crit|p2a: Dragonball Durag\n|-damage|p2a: Dragonball Durag|0 fnt\n|faint|p2a: Dragonball Durag\n|-hitcount|p2: Dragonball Durag|2\n|\n|debug|Protosynthesis spe boost\n|upkeep\n|turn|10\n|debug|Protosynthesis spe boost\n|debug|Protosynthesis spe boost\n|\n|t:|1717033623\n|debug|Protosynthesis spe boost\n|debug|Protosynthesis spe boost\n|move|p1a: Marshadow|Shadow Sneak|p2b: Agatha\n|debug|Base Power: 40\n|debug|Technician boost\n|-damage|p2b: Agatha|0 fnt\n|faint|p2b: Agatha\n|-end|p2b: Agatha|Protosynthesis|[silent]\n|-damage|p1a: Marshadow|2/322|[from] item: Life Orb\n|\n|win|mattmandaman\n","uploadtime":1717033633,"views":"61","formatid":"gen9doublescustomgame","rating":null,"private":0,"password":null}