{"id":"gen9doublescustomgame-2215488686","format":"[Gen 9] Doubles Custom Game","players":["mistermoscow","Mango Meloetta"],"log":"|j|☆mistermoscow\n|j|☆Mango Meloetta\n|t:|1728008113\n|gametype|doubles\n|player|p1|mistermoscow|alder|\n|player|p2|Mango Meloetta|li|\n|teamsize|p1|6\n|teamsize|p2|6\n|gen|9\n|tier|[Gen 9] Doubles Custom Game\n|clearpoke\n|poke|p1|Ninetales-Alola, F|\n|poke|p1|Murkrow, M|\n|poke|p1|Landorus, M|\n|poke|p1|Regieleki|\n|poke|p1|Basculegion, M|\n|poke|p1|Gholdengo|\n|poke|p2|Chien-Pao|\n|poke|p2|Zygarde|\n|poke|p2|Archaludon, F|\n|poke|p2|Genesect|\n|poke|p2|Alakazam, M|\n|poke|p2|Porygon2|\n|teampreview\n|j| noli_cannoli10\n|j| je64\n|\n|t:|1728008135\n|start\n|switch|p1a: Princess Buttercup|Ninetales-Alola, F|350/350\n|switch|p1b: Krowbar|Murkrow, M|261/261\n|switch|p2a: Archaludon|Archaludon, F|384/384\n|switch|p2b: Genesect|Genesect|283/283\n|-weather|Snow|[from] ability: Snow Warning|[of] p1a: Princess Buttercup\n|-ability|p2b: Genesect|Download|boost\n|-boost|p2b: Genesect|atk|1\n|turn|1\n|j| smokeydabearrr\n|j| mattmandaman\n|\n|t:|1728008182\n|move|p1b: Krowbar|Tailwind|p1b: Krowbar\n|-sidestart|p1: mistermoscow|move: Tailwind\n|move|p1a: Princess Buttercup|Aurora Veil|p1a: Princess Buttercup\n|-sidestart|p1: mistermoscow|move: Aurora Veil\n|move|p2b: Genesect|Iron Head|p1a: Princess Buttercup\n|-supereffective|p1a: Princess Buttercup\n|debug|Aurora Veil weaken\n|-damage|p1a: Princess Buttercup|0 fnt\n|faint|p1a: Princess Buttercup\n|move|p2a: Archaludon|Meteor Beam||[still]\n|-prepare|p2a: Archaludon|Meteor Beam\n|-boost|p2a: Archaludon|spa|1\n|-enditem|p2a: Archaludon|Power Herb\n|debug|power herb - remove charge turn for meteorbeam\n|-anim|p2a: Archaludon|Meteor Beam|p1b: Krowbar\n|-supereffective|p1b: Krowbar\n|debug|Aurora Veil weaken\n|-damage|p1b: Krowbar|0 fnt\n|faint|p1b: Krowbar\n|\n|-weather|Snow|[upkeep]\n|upkeep\n|c| smokeydabearrr|JELLY\n|c| je64|myaaaaaattt\n|c| je64|we're on discord\n|c| noli_cannoli10|private event sir\n|c| mattmandaman|hello boys\n|c| noli_cannoli10|please refer to discord\n|\n|t:|1728008215\n|switch|p1a: Goldi|Gholdengo|378/378\n|switch|p1b: Death Fish|Basculegion, M|381/381\n|turn|2\n|c| noli_cannoli10|Hi Jelly!\n|\n|t:|1728008266\n|switch|p2b: Porygon2|Porygon2|374/374\n|-ability|p2b: Porygon2|Good as Gold|[from] ability: Trace|[of] p1a: Goldi\n|move|p1b: Death Fish|Last Respects|p2b: Porygon2\n|-immune|p2b: Porygon2\n|move|p1a: Goldi|Nasty Plot|p1a: Goldi\n|-boost|p1a: Goldi|spa|2\n|move|p2a: Archaludon|Electro Shot||[still]\n|-prepare|p2a: Archaludon|Electro Shot\n|-boost|p2a: Archaludon|spa|1\n|\n|-weather|Snow|[upkeep]\n|upkeep\n|turn|3\n|\n|t:|1728008296\n|move|p1b: Death Fish|Protect|p1b: Death Fish\n|-singleturn|p1b: Death Fish|Protect\n|move|p1a: Goldi|Nasty Plot|p1a: Goldi\n|-boost|p1a: Goldi|spa|2\n|move|p2a: Archaludon|Electro Shot|p1b: Death Fish|[from]lockedmove\n|-activate|p1b: Death Fish|move: Protect\n|move|p2b: Porygon2|Toxic|p1b: Death Fish\n|-activate|p1b: Death Fish|move: Protect\n|\n|-weather|Snow|[upkeep]\n|upkeep\n|turn|4\n|c|☆Mango Meloetta|f lol\n|\n|t:|1728008334\n|move|p1b: Death Fish|Last Respects|p2a: Archaludon\n|-damage|p2a: Archaludon|122/384\n|-ability|p2a: Archaludon|Stamina|boost\n|-boost|p2a: Archaludon|def|1\n|move|p1a: Goldi|Make It Rain|p2a: Archaludon|[spread] p2a,p2b\n|debug|Spread modifier: 0.75\n|-resisted|p2a: Archaludon\n|debug|Spread modifier: 0.75\n|-damage|p2a: Archaludon|0 fnt\n|-damage|p2b: Porygon2|0 fnt\n|-unboost|p1a: Goldi|spa|1\n|faint|p2a: Archaludon\n|faint|p2b: Porygon2\n|\n|-weather|Snow|[upkeep]\n|-sideend|p1: mistermoscow|move: Tailwind\n|upkeep\n|\n|t:|1728008359\n|switch|p2a: Chien-Pao|Chien-Pao|301/301\n|switch|p2b: Genesect|Genesect|283/283\n|-ability|p2a: Chien-Pao|Sword of Ruin\n|-ability|p2b: Genesect|Download|boost\n|-boost|p2b: Genesect|atk|1\n|turn|5\n|\n|t:|1728008380\n|-terastallize|p2a: Chien-Pao|Dark\n|move|p1b: Death Fish|Protect|p1b: Death Fish\n|-singleturn|p1b: Death Fish|Protect\n|move|p2a: Chien-Pao|Crunch|p1a: Goldi\n|debug|Sword of Ruin Def drop\n|-supereffective|p1a: Goldi\n|debug|Aurora Veil weaken\n|-damage|p1a: Goldi|63/378\n|move|p2b: Genesect|Flamethrower|p1a: Goldi\n|-supereffective|p1a: Goldi\n|debug|Aurora Veil weaken\n|-damage|p1a: Goldi|0 fnt\n|faint|p1a: Goldi\n|\n|-weather|none\n|upkeep\n|\n|t:|1728008397\n|switch|p1a: Shock|Regieleki|301/301\n|turn|6\n|\n|t:|1728008416\n|switch|p2b: Zygarde|Zygarde|357/357\n|-ability|p2b: Zygarde|Aura Break\n|-terastallize|p1b: Death Fish|Water\n|move|p2a: Chien-Pao|Crunch|p1b: Death Fish\n|debug|Sword of Ruin Def drop\n|debug|Aurora Veil weaken\n|-damage|p1b: Death Fish|172/381\n|move|p1a: Shock|Electroweb|p2b: Zygarde|[spread] p2a\n|-immune|p2b: Zygarde\n|debug|Transistor boost\n|debug|Spread modifier: 0.75\n|-damage|p2a: Chien-Pao|177/301\n|-unboost|p2a: Chien-Pao|spe|1\n|move|p1b: Death Fish|Wave Crash|p2a: Chien-Pao\n|-damage|p2a: Chien-Pao|0 fnt\n|faint|p2a: Chien-Pao\n|-damage|p1b: Death Fish|114/381|[from] Recoil\n|\n|upkeep\n|\n|t:|1728008464\n|switch|p2a: Alakazam|Alakazam, M|251/251\n|turn|7\n|\n|t:|1728008498\n|detailschange|p2a: Alakazam|Alakazam-Mega, M\n|-mega|p2a: Alakazam|Alakazam|Alakazite\n|-ability|p2a: Alakazam|Transistor|[from] ability: Trace|[of] p1a: Shock\n|move|p1a: Shock|Electroweb|p2a: Alakazam|[spread] p2a\n|-immune|p2b: Zygarde\n|debug|Transistor boost\n|debug|Spread modifier: 0.75\n|-damage|p2a: Alakazam|170/251\n|-unboost|p2a: Alakazam|spe|1\n|move|p2b: Zygarde|Thousand Arrows|p1a: Shock|[spread] p1a,p1b\n|debug|Spread modifier: 0.75\n|-supereffective|p1a: Shock\n|debug|Aurora Veil weaken\n|debug|Spread modifier: 0.75\n|debug|Aurora Veil weaken\n|-damage|p1a: Shock|0 fnt\n|-damage|p1b: Death Fish|0 fnt\n|faint|p1a: Shock\n|faint|p1b: Death Fish\n|move|p2a: Alakazam|Dazzling Gleam|p1: Shock|[notarget]\n|-fail|p2a: Alakazam\n|\n|upkeep\n|\n|t:|1728008516\n|switch|p1b: God|Landorus, M|319/319\n|turn|8\n|\n|t:|1728008537\n|move|p2b: Zygarde|Thousand Arrows|p1b: God\n|debug|Aurora Veil weaken\n|-damage|p1b: God|182/319\n|-start|p1b: God|Smack Down\n|move|p1b: God|Sandsear Storm|p2a: Alakazam|[spread] p2a,p2b\n|debug|Spread modifier: 0.75\n|debug|Spread modifier: 0.75\n|-damage|p2a: Alakazam|0 fnt\n|-damage|p2b: Zygarde|126/357\n|faint|p2a: Alakazam\n|\n|-sideend|p1: mistermoscow|move: Aurora Veil\n|upkeep\n|\n|t:|1728008543\n|switch|p2a: Genesect|Genesect|283/283\n|-ability|p2a: Genesect|Download|boost\n|-boost|p2a: Genesect|spa|1\n|turn|9\n|\n|t:|1728008554\n|move|p1b: God|Protect|p1b: God\n|-singleturn|p1b: God|Protect\n|move|p2a: Genesect|Ice Beam|p1b: God\n|-activate|p1b: God|move: Protect\n|move|p2b: Zygarde|Thousand Arrows|p1b: God\n|-activate|p1b: God|move: Protect\n|\n|upkeep\n|turn|10\n|\n|t:|1728008564\n|move|p2a: Genesect|Ice Beam|p1b: God\n|-supereffective|p1b: God\n|-damage|p1b: God|0 fnt\n|faint|p1b: God\n|\n|win|Mango Meloetta\n|c|☆Mango Meloetta|gg\n|l|☆Mango Meloetta\n|player|p2|\n|l| noli_cannoli10\n","uploadtime":1728008569,"views":"11","formatid":"gen9doublescustomgame","rating":null,"private":0,"password":null}