{"id":"gen9doublescustomgame-2078043111","format":"[Gen 9] Doubles Custom Game","players":["mattmandaman","noli_cannoli10"],"log":"|j|☆mattmandaman\n|j|☆noli_cannoli10\n|t:|1710107463\n|gametype|doubles\n|player|p1|mattmandaman|giovanni|\n|player|p2|noli_cannoli10|2|\n|teamsize|p1|6\n|teamsize|p2|6\n|gen|9\n|tier|[Gen 9] Doubles Custom Game\n|clearpoke\n|poke|p1|Kommo-o, M|\n|poke|p1|Shaymin-Sky|\n|poke|p1|Kangaskhan, F|\n|poke|p1|Diancie|\n|poke|p1|Volcanion|\n|poke|p1|Grimmsnarl, M|\n|poke|p2|Magearna|\n|poke|p2|Camerupt, F|\n|poke|p2|Hatterene, F|\n|poke|p2|Torkoal, M|\n|poke|p2|Celesteela|\n|poke|p2|Melmetal|\n|teampreview\n|j| mistermoscow\n|j| Mango Meloetta\n|\n|t:|1710107480\n|start\n|switch|p1a: Kangaskhan|Kangaskhan, F|352/352\n|switch|p1b: Volcanion|Volcanion|364/364\n|switch|p2a: what's the body?!|Hatterene, F, shiny|318/318\n|switch|p2b: Fire squirtle|Torkoal, M, shiny|344/344\n|-item|p1b: Volcanion|Air Balloon\n|-weather|SunnyDay|[from] ability: Drought|[of] p2b: Fire squirtle\n|turn|1\n|j| je64\n|\n|t:|1710107501\n|move|p1a: Kangaskhan|Fake Out|p2a: what's the body?!\n|-crit|p2a: what's the body?!\n|-damage|p2a: what's the body?!|218/318\n|move|p1b: Volcanion|Heat Wave|p2b: Fire squirtle|[spread] p2a,p2b\n|debug|Spread modifier: 0.75\n|debug|Sunny Day fire boost\n|debug|Spread modifier: 0.75\n|debug|Sunny Day fire boost\n|-resisted|p2b: Fire squirtle\n|-damage|p2a: what's the body?!|29/318\n|-damage|p2b: Fire squirtle|211/344\n|move|p2b: Fire squirtle|Solar Beam||[still]\n|-prepare|p2b: Fire squirtle|Solar Beam\n|-anim|p2b: Fire squirtle|Solar Beam|p1a: Kangaskhan\n|-damage|p1a: Kangaskhan|213/352\n|cant|p2a: what's the body?!|flinch\n|\n|-weather|SunnyDay|[upkeep]\n|upkeep\n|turn|2\n|\n|t:|1710107541\n|move|p2a: what's the body?!|Protect|p2a: what's the body?!\n|-singleturn|p2a: what's the body?!|Protect\n|move|p1a: Kangaskhan|Return|p2a: what's the body?!\n|-activate|p2a: what's the body?!|move: Protect\n|move|p1b: Volcanion|Steam Eruption|p2b: Fire squirtle\n|debug|Sunny Day water suppress\n|-supereffective|p2b: Fire squirtle\n|-damage|p2b: Fire squirtle|0 fnt\n|faint|p2b: Fire squirtle\n|\n|-weather|SunnyDay|[upkeep]\n|upkeep\n|\n|t:|1710107558\n|switch|p2b: Spicy Camel|Camerupt, F, shiny|344/344\n|turn|3\n|\n|t:|1710107596\n|detailschange|p2b: Spicy Camel|Camerupt-Mega, F, shiny\n|-mega|p2b: Spicy Camel|Camerupt|Cameruptite\n|move|p1a: Kangaskhan|Return|p2a: what's the body?!\n|-damage|p2a: what's the body?!|0 fnt\n|faint|p2a: what's the body?!\n|move|p1b: Volcanion|Steam Eruption|p2b: Spicy Camel\n|debug|Sunny Day water suppress\n|-supereffective|p2b: Spicy Camel\n|-damage|p2b: Spicy Camel|0 fnt\n|debug|move failed because it did nothing\n|faint|p2b: Spicy Camel\n|\n|-weather|SunnyDay|[upkeep]\n|upkeep\n|\n|t:|1710107607\n|switch|p2a: Metal Gyatt|Magearna, shiny|364/364\n|switch|p2b: Steely Dan|Celesteela, shiny|397/397\n|turn|4\n|\n|t:|1710107639\n|move|p1a: Kangaskhan|Return|p2a: Metal Gyatt\n|-resisted|p2a: Metal Gyatt\n|-damage|p2a: Metal Gyatt|290/364\n|move|p1b: Volcanion|Heat Wave|p2a: Metal Gyatt|[spread] p2a,p2b\n|debug|Spread modifier: 0.75\n|debug|Sunny Day fire boost\n|-supereffective|p2a: Metal Gyatt\n|debug|Spread modifier: 0.75\n|debug|Sunny Day fire boost\n|-supereffective|p2b: Steely Dan\n|-damage|p2a: Metal Gyatt|0 fnt\n|-damage|p2b: Steely Dan|83/397\n|faint|p2a: Metal Gyatt\n|move|p2b: Steely Dan|Heavy Slam|p1b: Volcanion\n|debug|BP: 120\n|-resisted|p1b: Volcanion\n|-damage|p1b: Volcanion|331/364\n|-enditem|p1b: Volcanion|Air Balloon\n|\n|-weather|SunnyDay|[upkeep]\n|upkeep\n|\n|t:|1710107652\n|switch|p2a: New pimp hands|Melmetal|474/474\n|turn|5\n|\n|t:|1710107664\n|detailschange|p1a: Kangaskhan|Kangaskhan-Mega, F\n|-mega|p1a: Kangaskhan|Kangaskhan|Kangaskhanite\n|move|p1a: Kangaskhan|Return|p2b: Steely Dan\n|-resisted|p2b: Steely Dan\n|-damage|p2b: Steely Dan|0 fnt\n|faint|p2b: Steely Dan\n|-hitcount|p2: Steely Dan|1\n|move|p1b: Volcanion|Heat Wave|p2a: New pimp hands\n|debug|Sunny Day fire boost\n|-supereffective|p2a: New pimp hands\n|-damage|p2a: New pimp hands|0 fnt\n|faint|p2a: New pimp hands\n|\n|win|mattmandaman\n|l|☆noli_cannoli10\n|player|p2|\n|l| mistermoscow\n|l| je64\n","uploadtime":1710107683,"views":"21","formatid":"gen9doublescustomgame","rating":null,"private":0,"password":null}