{"id":"gen9doublescustomgame-2360808539","format":"[Gen 9] Doubles Custom Game","players":["mistermoscow","je64"],"log":"|j|☆mistermoscow\n|j|☆je64\n|t:|1746847237\n|gametype|doubles\n|player|p1|mistermoscow|alder|\n|player|p2|je64|102|\n|teamsize|p1|6\n|teamsize|p2|6\n|gen|9\n|tier|[Gen 9] Doubles Custom Game\n|clearpoke\n|poke|p1|Clefairy, M|\n|poke|p1|Primeape, M|\n|poke|p1|Exeggutor, M|\n|poke|p1|Mr. Mime, M|\n|poke|p1|Jolteon, M|\n|poke|p1|Dragonite, M|\n|poke|p2|Kadabra, F|\n|poke|p2|Gengar, M|\n|poke|p2|Chansey, F|\n|poke|p2|Electabuzz, M|\n|poke|p2|Gyarados, M|\n|poke|p2|Articuno|\n|teampreview\n|\n|t:|1746847308\n|start\n|switch|p1a: Mimsy|Mr. Mime, M|284/284\n|switch|p1b: Sparky|Jolteon, M|271/271\n|switch|p2a: Joys hot assistnt|Chansey, F|704/704\n|switch|p2b: Gyaradance|Gyarados, M|332/332\n|turn|1\n|\n|t:|1746847339\n|switch|p2b: Frank the Tank|Electabuzz, M|334/334\n|move|p1b: Sparky|Reflect|p1b: Sparky\n|-sidestart|p1: mistermoscow|Reflect\n|move|p1a: Mimsy|Psychic Terrain|p1a: Mimsy\n|-fieldstart|move: Psychic Terrain\n|move|p2a: Joys hot assistnt|Thunder Wave|p1a: Mimsy\n|-status|p1a: Mimsy|par\n|\n|upkeep\n|turn|2\n|\n|t:|1746847355\n|move|p1b: Sparky|Light Screen|p1b: Sparky\n|-sidestart|p1: mistermoscow|move: Light Screen\n|move|p2b: Frank the Tank|Light Screen|p2b: Frank the Tank\n|-sidestart|p2: je64|move: Light Screen\n|move|p2a: Joys hot assistnt|Seismic Toss|p1b: Sparky\n|-damage|p1b: Sparky|171/271\n|cant|p1a: Mimsy|par\n|\n|upkeep\n|turn|3\n|\n|t:|1746847400\n|switch|p2b: Stranger|Gengar, M|262/262\n|switch|p1a: Clifford|Clefairy, M|282/282\n|move|p1b: Sparky|Sunny Day|p1b: Sparky\n|-weather|SunnyDay\n|move|p2a: Joys hot assistnt|Seismic Toss|p1b: Sparky\n|-damage|p1b: Sparky|71/271\n|\n|-weather|SunnyDay|[upkeep]\n|upkeep\n|turn|4\n|j| Mattmandaman\n|\n|t:|1746847427\n|switch|p1a: Mimsy|Mr. Mime, M|284/284 par\n|move|p2b: Stranger|Sludge Bomb|p1b: Sparky\n|debug|Light Screen weaken\n|-damage|p1b: Sparky|0 fnt\n|faint|p1b: Sparky\n|move|p2a: Joys hot assistnt|Thunder Wave|p1a: Mimsy\n|-fail|p1a: Mimsy|par\n|debug|move failed because it did nothing\n|\n|-weather|SunnyDay|[upkeep]\n|upkeep\n|\n|t:|1746847440\n|switch|p1b: Eggman|Exeggutor, M|332/332\n|turn|5\n|\n|t:|1746847455\n|move|p1a: Mimsy|Follow Me|p1a: Mimsy\n|-singleturn|p1a: Mimsy|move: Follow Me\n|move|p2b: Stranger|Sludge Bomb|p1a: Mimsy\n|debug|Follow Me redirected target of move\n|-supereffective|p1a: Mimsy\n|debug|Filter neutralize\n|-enditem|p1a: Mimsy|Kebia Berry|[eat]\n|debug|-50% reduction\n|-enditem|p1a: Mimsy|Kebia Berry|[weaken]\n|debug|Light Screen weaken\n|-damage|p1a: Mimsy|204/284 par\n|move|p1b: Eggman|Expanding Force|p2a: Joys hot assistnt|[spread] p2a,p2b\n|debug|psychic terrain boost\n|debug|terrain buff\n|debug|Spread modifier: 0.75\n|debug|Light Screen weaken\n|debug|psychic terrain boost\n|debug|terrain buff\n|debug|Spread modifier: 0.75\n|-supereffective|p2b: Stranger\n|-crit|p2b: Stranger\n|-damage|p2a: Joys hot assistnt|577/704\n|-damage|p2b: Stranger|0 fnt\n|faint|p2b: Stranger\n|-damage|p1b: Eggman|299/332|[from] item: Life Orb\n|move|p2a: Joys hot assistnt|Thunder Wave|p1a: Mimsy\n|debug|Follow Me redirected target of move\n|-fail|p1a: Mimsy|par\n|debug|move failed because it did nothing\n|\n|-weather|SunnyDay|[upkeep]\n|-fieldend|move: Psychic Terrain\n|upkeep\n|\n|t:|1746847485\n|switch|p2b: Frank the Tank|Electabuzz, M|334/334\n|turn|6\n|\n|t:|1746847518\n|switch|p1a: Clifford|Clefairy, M|282/282\n|move|p1b: Eggman|Protect|p1b: Eggman\n|-singleturn|p1b: Eggman|Protect\n|move|p2b: Frank the Tank|Electroweb|p1a: Clifford|[spread] \n|-activate|p1b: Eggman|move: Protect\n|-miss|p2b: Frank the Tank|p1a: Clifford\n|move|p2a: Joys hot assistnt|Seismic Toss|p1a: Clifford\n|-damage|p1a: Clifford|182/282\n|\n|-weather|SunnyDay|[upkeep]\n|-sideend|p2: je64|move: Light Screen\n|upkeep\n|turn|7\n|\n|t:|1746847536\n|move|p1b: Eggman|Psychic Terrain|p1b: Eggman\n|-fieldstart|move: Psychic Terrain\n|move|p2b: Frank the Tank|Light Screen|p2b: Frank the Tank\n|-sidestart|p2: je64|move: Light Screen\n|move|p2a: Joys hot assistnt|Thunder Wave|p1b: Eggman\n|-status|p1b: Eggman|par\n|move|p1a: Clifford|Seismic Toss|p2a: Joys hot assistnt\n|-damage|p2a: Joys hot assistnt|477/704\n|\n|-weather|none\n|upkeep\n|turn|8\n|\n|t:|1746847561\n|move|p2b: Frank the Tank|Electroweb|p1b: Eggman|[spread] p1a\n|-miss|p2b: Frank the Tank|p1b: Eggman\n|debug|Spread modifier: 0.75\n|debug|Light Screen weaken\n|-damage|p1a: Clifford|161/282\n|-unboost|p1a: Clifford|spe|1\n|move|p2a: Joys hot assistnt|Seismic Toss|p1b: Eggman\n|-damage|p1b: Eggman|199/332 par\n|cant|p1b: Eggman|par\n|move|p1a: Clifford|Sunny Day|p1a: Clifford\n|-weather|SunnyDay\n|\n|-weather|SunnyDay|[upkeep]\n|-sideend|p1: mistermoscow|Reflect\n|upkeep\n|turn|9\n|\n|t:|1746847578\n|move|p2b: Frank the Tank|Volt Switch|p1a: Clifford\n|-crit|p1a: Clifford\n|-damage|p1a: Clifford|76/282\n|\n|t:|1746847597\n|switch|p2b: K.Dot|Kadabra, F|221/221|[from] Volt Switch\n|cant|p1b: Eggman|par\n|move|p2a: Joys hot assistnt|Seismic Toss|p1b: Eggman\n|-damage|p1b: Eggman|99/332 par\n|move|p1a: Clifford|Heal Pulse|p1b: Eggman\n|-heal|p1b: Eggman|265/332 par\n|\n|-weather|SunnyDay|[upkeep]\n|-sideend|p1: mistermoscow|move: Light Screen\n|upkeep\n|turn|10\n|\n|t:|1746847626\n|switch|p1a: Mimsy|Mr. Mime, M|204/284 par\n|move|p2b: K.Dot|Shadow Ball|p1b: Eggman\n|-supereffective|p1b: Eggman\n|-damage|p1b: Eggman|41/332 par\n|move|p1b: Eggman|Expanding Force|p2b: K.Dot|[spread] p2a,p2b\n|debug|psychic terrain boost\n|debug|terrain buff\n|debug|Spread modifier: 0.75\n|debug|Light Screen weaken\n|debug|psychic terrain boost\n|debug|terrain buff\n|debug|Spread modifier: 0.75\n|-resisted|p2b: K.Dot\n|-crit|p2b: K.Dot\n|-damage|p2a: Joys hot assistnt|362/704\n|-enditem|p2b: K.Dot|Focus Sash\n|-damage|p2b: K.Dot|1/221\n|-damage|p1b: Eggman|8/332 par|[from] item: Life Orb\n|move|p2a: Joys hot assistnt|Seismic Toss|p1a: Mimsy\n|-damage|p1a: Mimsy|104/284 par\n|\n|-weather|SunnyDay|[upkeep]\n|upkeep\n|turn|11\n|\n|t:|1746847647\n|move|p1b: Eggman|Protect|p1b: Eggman\n|-singleturn|p1b: Eggman|Protect\n|move|p2b: K.Dot|Dazzling Gleam|p1b: Eggman|[spread] p1a\n|-activate|p1b: Eggman|move: Protect\n|debug|Spread modifier: 0.75\n|-damage|p1a: Mimsy|43/284 par\n|move|p2a: Joys hot assistnt|Seismic Toss|p1a: Mimsy\n|-damage|p1a: Mimsy|0 fnt\n|faint|p1a: Mimsy\n|\n|-weather|SunnyDay|[upkeep]\n|-sideend|p2: je64|move: Light Screen\n|-fieldend|move: Psychic Terrain\n|upkeep\n|\n|t:|1746847667\n|switch|p1a: Puff Daddy|Dragonite, M|324/324\n|turn|12\n|\n|t:|1746847688\n|switch|p1b: Apollo|Primeape, M|271/271\n|move|p2b: K.Dot|Protect|p2b: K.Dot\n|-singleturn|p2b: K.Dot|Protect\n|move|p1a: Puff Daddy|Extreme Speed|p2b: K.Dot\n|-activate|p2b: K.Dot|move: Protect\n|move|p2a: Joys hot assistnt|Thunder Wave|p1a: Puff Daddy\n|-status|p1a: Puff Daddy|par\n|\n|-weather|none\n|upkeep\n|turn|13\n|\n|t:|1746847769\n|switch|p2b: Frank the Tank|Electabuzz, M|334/334\n|switch|p2a: Gyaradance|Gyarados, M|332/332\n|switch|p1a: Clifford|Clefairy, M|76/282\n|move|p1b: Apollo|Bulk Up|p1b: Apollo\n|-boost|p1b: Apollo|atk|1\n|-boost|p1b: Apollo|def|1\n|\n|upkeep\n|turn|14\n|\n|t:|1746847815\n|move|p2a: Gyaradance|Dragon Dance|p2a: Gyaradance\n|-boost|p2a: Gyaradance|atk|1\n|-boost|p2a: Gyaradance|spe|1\n|move|p2b: Frank the Tank|Volt Switch|p1a: Clifford\n|-damage|p1a: Clifford|25/282\n|\n|t:|1746847820\n|switch|p2b: Articu-no-hit-me|Articuno|384/384|[from] Volt Switch\n|move|p1b: Apollo|Facade|p2a: Gyaradance\n|-crit|p2a: Gyaradance\n|-damage|p2a: Gyaradance|124/332\n|move|p1a: Clifford|Seismic Toss|p2a: Gyaradance\n|-damage|p2a: Gyaradance|24/332\n|\n|upkeep\n|turn|15\n|\n|t:|1746847847\n|move|p2a: Gyaradance|Earthquake|p1a: Clifford|[spread] p1a,p1b\n|-immune|p2b: Articu-no-hit-me\n|debug|Spread modifier: 0.75\n|debug|Spread modifier: 0.75\n|debug|Friend Guard weaken\n|-damage|p1a: Clifford|0 fnt\n|-damage|p1b: Apollo|216/271\n|faint|p1a: Clifford\n|-ability|p2a: Gyaradance|Moxie|boost\n|-boost|p2a: Gyaradance|atk|1\n|move|p1b: Apollo|Rage Fist|p2a: Gyaradance\n|-damage|p2a: Gyaradance|0 fnt\n|faint|p2a: Gyaradance\n|move|p2b: Articu-no-hit-me|Snowscape|p2b: Articu-no-hit-me\n|-weather|Snowscape\n|\n|-weather|Snowscape|[upkeep]\n|upkeep\n|\n|t:|1746847873\n|switch|p2a: Frank the Tank|Electabuzz, M|334/334\n|switch|p1a: Puff Daddy|Dragonite, M|324/324 par\n|turn|16\n|\n|t:|1746847893\n|move|p1a: Puff Daddy|Protect|p1a: Puff Daddy\n|-singleturn|p1a: Puff Daddy|Protect\n|move|p2a: Frank the Tank|Follow Me|p2a: Frank the Tank\n|-singleturn|p2a: Frank the Tank|move: Follow Me\n|move|p1b: Apollo|Rage Fist|p2a: Frank the Tank\n|debug|Follow Me redirected target of move\n|-damage|p2a: Frank the Tank|224/334\n|move|p2b: Articu-no-hit-me|Aurora Veil|p2b: Articu-no-hit-me\n|-sidestart|p2: je64|move: Aurora Veil\n|\n|-weather|Snowscape|[upkeep]\n|upkeep\n|turn|17\n|\n|t:|1746847919\n|switch|p1a: Eggman|Exeggutor, M|8/332 par\n|move|p2a: Frank the Tank|Follow Me|p2a: Frank the Tank\n|-singleturn|p2a: Frank the Tank|move: Follow Me\n|move|p1b: Apollo|Bulk Up|p1b: Apollo\n|-boost|p1b: Apollo|atk|1\n|-boost|p1b: Apollo|def|1\n|move|p2b: Articu-no-hit-me|Sheer Cold|p1b: Apollo|[miss]\n|-miss|p2b: Articu-no-hit-me|p1b: Apollo\n|\n|-weather|Snowscape|[upkeep]\n|upkeep\n|turn|18\n|\n|t:|1746847954\n|move|p2a: Frank the Tank|Volt Switch|p1a: Eggman\n|-resisted|p1a: Eggman\n|-damage|p1a: Eggman|0 fnt\n|faint|p1a: Eggman\n|\n|t:|1746847962\n|switch|p2a: K.Dot|Kadabra, F|1/221|[from] Volt Switch\n|move|p1b: Apollo|Rage Fist|p2b: Articu-no-hit-me\n|debug|Snow Cloak - decreasing accuracy\n|debug|Aurora Veil weaken\n|-damage|p2b: Articu-no-hit-me|289/384\n|move|p2b: Articu-no-hit-me|Sheer Cold|p1b: Apollo\n|-damage|p1b: Apollo|0 fnt\n|faint|p1b: Apollo\n|-ohko\n|\n|-weather|Snowscape|[upkeep]\n|upkeep\n|\n|t:|1746847974\n|switch|p1b: Puff Daddy|Dragonite, M|324/324 par\n|turn|19\n|\n|t:|1746847992\n|move|p2a: K.Dot|Psychic|p1b: Puff Daddy\n|debug|Multiscale weaken\n|-damage|p1b: Puff Daddy|253/324 par\n|debug|Covert Cloak prevent secondary\n|move|p2b: Articu-no-hit-me|Sheer Cold|p1b: Puff Daddy\n|-damage|p1b: Puff Daddy|0 fnt\n|faint|p1b: Puff Daddy\n|-ohko\n|\n|win|je64\n","uploadtime":1746848001,"views":"9","formatid":"gen9doublescustomgame","rating":null,"private":0,"password":null}