{"id":"gen9doublescustomgame-2148885181","format":"[Gen 9] Doubles Custom Game","players":["je64","smokeydabearrr"],"log":"|j|☆je64\n|j|☆smokeydabearrr\n|t:|1719191163\n|gametype|doubles\n|player|p1|je64|266|\n|player|p2|smokeydabearrr|101|\n|teamsize|p1|6\n|teamsize|p2|6\n|gen|9\n|tier|[Gen 9] Doubles Custom Game\n|clearpoke\n|poke|p1|Scizor, M|\n|poke|p1|Mew|\n|poke|p1|Kingdra, F|\n|poke|p1|Tornadus, M|\n|poke|p1|Tapu Bulu|\n|poke|p1|Chi-Yu|\n|poke|p2|Charizard, F|\n|poke|p2|Blastoise, M|\n|poke|p2|Whimsicott, F|\n|poke|p2|Rillaboom, M|\n|poke|p2|Raging Bolt|\n|poke|p2|Walking Wake|\n|teampreview\n|j| noli_cannoli10\n|j| Mango Meloetta\n|c| Mango Meloetta|ayyyyyyyyyyyyyyyyyyyyyyyyyyyyyyyyyyyyyyyyyyyyyyyyyyyyyyyyyyyyyyyyyyyyyyyyyyyyyyyyyyyyyyyyyyyyyy\n|j| mistermoscow\n|\n|t:|1719191255\n|start\n|switch|p1a: Lakitu|Tornadus, M|362/362\n|switch|p1b: Seman|Kingdra, F|292/292\n|switch|p2a: PSA 10 Shadowless|Charizard, F|297/297\n|switch|p2b: WAKE ME UP INSIDE|Walking Wake|339/339\n|turn|1\n|\n|t:|1719191340\n|detailschange|p2a: PSA 10 Shadowless|Charizard-Mega-Y, F\n|-mega|p2a: PSA 10 Shadowless|Charizard|Charizardite Y\n|-weather|SunnyDay|[from] ability: Drought|[of] p2a: PSA 10 Shadowless\n|-activate|p2b: WAKE ME UP INSIDE|ability: Protosynthesis\n|-start|p2b: WAKE ME UP INSIDE|protosynthesisspa\n|move|p1b: Seman|Protect|p1b: Seman\n|-singleturn|p1b: Seman|Protect\n|move|p1a: Lakitu|Rain Dance|p1a: Lakitu\n|-weather|RainDance\n|-end|p2b: WAKE ME UP INSIDE|Protosynthesis\n|move|p2b: WAKE ME UP INSIDE|Draco Meteor|p1b: Seman\n|-activate|p1b: Seman|move: Protect\n|move|p2a: PSA 10 Shadowless|Heat Wave|p1a: Lakitu|[spread] p1a\n|-activate|p1b: Seman|move: Protect\n|debug|Spread modifier: 0.75\n|debug|rain fire suppress\n|-damage|p1a: Lakitu|296/362\n|debug|Covert Cloak prevent secondary\n|\n|-weather|RainDance|[upkeep]\n|upkeep\n|turn|2\n|\n|t:|1719191368\n|switch|p2a: Yurtle the Turtle?|Blastoise, M|362/362\n|move|p1a: Lakitu|Tailwind|p1a: Lakitu\n|-sidestart|p1: je64|move: Tailwind\n|move|p1b: Seman|Draco Meteor|p2b: WAKE ME UP INSIDE\n|-supereffective|p2b: WAKE ME UP INSIDE\n|-damage|p2b: WAKE ME UP INSIDE|0 fnt\n|-unboost|p1b: Seman|spa|2\n|faint|p2b: WAKE ME UP INSIDE\n|-end|p2b: WAKE ME UP INSIDE|Protosynthesis|[silent]\n|\n|-weather|RainDance|[upkeep]\n|upkeep\n|\n|t:|1719191384\n|switch|p2b: Scott Tennerman|Whimsicott, F|261/261\n|turn|3\n|\n|t:|1719191434\n|move|p2a: Yurtle the Turtle?|Fake Out|p1b: Seman\n|-damage|p1b: Seman|265/292\n|move|p2b: Scott Tennerman|Tailwind|p2b: Scott Tennerman\n|-sidestart|p2: smokeydabearrr|move: Tailwind\n|cant|p1b: Seman|flinch\n|move|p1a: Lakitu|Bleakwind Storm|p2b: Scott Tennerman|[spread] p2a,p2b\n|debug|Spread modifier: 0.75\n|debug|Spread modifier: 0.75\n|-supereffective|p2b: Scott Tennerman\n|-damage|p2a: Yurtle the Turtle?|256/362\n|-enditem|p2b: Scott Tennerman|Focus Sash\n|-damage|p2b: Scott Tennerman|1/261\n|-unboost|p2a: Yurtle the Turtle?|spe|1\n|\n|-weather|RainDance|[upkeep]\n|-heal|p2a: Yurtle the Turtle?|278/362|[from] ability: Rain Dish\n|-heal|p2a: Yurtle the Turtle?|300/362|[from] item: Leftovers\n|upkeep\n|turn|4\n|\n|t:|1719191533\n|switch|p1b: Rillabulu|Tapu Bulu|282/282\n|-fieldstart|move: Grassy Terrain|[from] ability: Grassy Surge|[of] p1b: Rillabulu\n|move|p2b: Scott Tennerman|Giga Drain|p1b: Rillabulu\n|debug|grassy terrain boost\n|-resisted|p1b: Rillabulu\n|-damage|p1b: Rillabulu|213/282\n|-heal|p2b: Scott Tennerman|36/261|[from] drain|[of] p1b: Rillabulu\n|move|p1a: Lakitu|Bleakwind Storm|p2a: Yurtle the Turtle?|[spread] p2a,p2b\n|debug|Spread modifier: 0.75\n|debug|Spread modifier: 0.75\n|-supereffective|p2b: Scott Tennerman\n|-damage|p2a: Yurtle the Turtle?|192/362\n|-damage|p2b: Scott Tennerman|0 fnt\n|faint|p2b: Scott Tennerman\n|move|p2a: Yurtle the Turtle?|Life Dew|p2a: Yurtle the Turtle?\n|-heal|p2a: Yurtle the Turtle?|283/362\n|\n|-weather|RainDance|[upkeep]\n|-heal|p2a: Yurtle the Turtle?|305/362|[from] ability: Rain Dish\n|-heal|p1b: Rillabulu|230/282|[from] Grassy Terrain\n|debug|Pokemon semi-invuln or not grounded; Grassy Terrain skipped\n|-heal|p2a: Yurtle the Turtle?|327/362|[from] Grassy Terrain\n|-heal|p2a: Yurtle the Turtle?|349/362|[from] item: Leftovers\n|upkeep\n|\n|t:|1719191563\n|switch|p2b: PSA 10 Shadowless|Charizard-Mega-Y, F|297/297\n|-weather|SunnyDay|[from] ability: Drought|[of] p2b: PSA 10 Shadowless\n|turn|5\n|\n|t:|1719191637\n|move|p1a: Lakitu|Rain Dance|p1a: Lakitu\n|-weather|RainDance\n|move|p1b: Rillabulu|Wood Hammer|p2a: Yurtle the Turtle?\n|debug|grassy terrain boost\n|-supereffective|p2a: Yurtle the Turtle?\n|-damage|p2a: Yurtle the Turtle?|0 fnt\n|faint|p2a: Yurtle the Turtle?\n|-damage|p1b: Rillabulu|115/282|[from] Recoil\n|move|p2b: PSA 10 Shadowless|Heat Wave|p1b: Rillabulu|[spread] p1a,p1b\n|debug|Spread modifier: 0.75\n|debug|rain fire suppress\n|debug|Spread modifier: 0.75\n|debug|rain fire suppress\n|-supereffective|p1b: Rillabulu\n|-damage|p1a: Lakitu|223/362\n|-damage|p1b: Rillabulu|0 fnt\n|debug|Covert Cloak prevent secondary\n|debug|move failed because it did nothing\n|faint|p1b: Rillabulu\n|\n|-weather|RainDance|[upkeep]\n|debug|Pokemon semi-invuln or not grounded; Grassy Terrain skipped\n|debug|Pokemon semi-invuln or not grounded; Grassy Terrain skipped\n|-sideend|p1: je64|move: Tailwind\n|upkeep\n|\n|t:|1719191659\n|switch|p1b: Seman|Kingdra, F|265/292\n|switch|p2a: Raging B0ner|Raging Bolt|454/454\n|turn|6\n|\n|t:|1719191687\n|switch|p2b: Boom Burger|Rillaboom, M|404/404\n|-terastallize|p2a: Raging B0ner|Electric\n|move|p1b: Seman|Protect|p1b: Seman\n|-singleturn|p1b: Seman|Protect\n|move|p1a: Lakitu|Tailwind|p1a: Lakitu\n|-sidestart|p1: je64|move: Tailwind\n|move|p2a: Raging B0ner|Electroweb|p1a: Lakitu|[spread] p1a\n|-activate|p1b: Seman|move: Protect\n|debug|Spread modifier: 0.75\n|-supereffective|p1a: Lakitu\n|-damage|p1a: Lakitu|0 fnt\n|debug|Covert Cloak prevent secondary\n|faint|p1a: Lakitu\n|-damage|p2a: Raging B0ner|409/454|[from] item: Life Orb\n|\n|-weather|RainDance|[upkeep]\n|-heal|p1b: Seman|283/292|[from] Grassy Terrain\n|-heal|p2a: Raging B0ner|437/454|[from] Grassy Terrain\n|-sideend|p2: smokeydabearrr|move: Tailwind\n|upkeep\n|\n|t:|1719191708\n|switch|p1a: Ditto's Daddy|Mew|404/404\n|turn|7\n|\n|t:|1719191753\n|move|p1a: Ditto's Daddy|Fake Out|p2a: Raging B0ner\n|-damage|p2a: Raging B0ner|408/454\n|move|p2b: Boom Burger|Fake Out|p1b: Seman\n|-damage|p1b: Seman|231/292\n|cant|p1b: Seman|flinch\n|cant|p2a: Raging B0ner|flinch\n|\n|-weather|RainDance|[upkeep]\n|-heal|p1b: Seman|249/292|[from] Grassy Terrain\n|-heal|p2a: Raging B0ner|436/454|[from] Grassy Terrain\n|upkeep\n|turn|8\n|\n|t:|1719191788\n|move|p1b: Seman|Protect|p1b: Seman\n|-singleturn|p1b: Seman|Protect\n|move|p2b: Boom Burger|Grassy Glide|p1b: Seman\n|-activate|p1b: Seman|move: Protect\n|move|p1a: Ditto's Daddy|Light Screen|p1a: Ditto's Daddy\n|-sidestart|p1: je64|move: Light Screen\n|move|p2a: Raging B0ner|Electroweb|p1a: Ditto's Daddy|[spread] p1a\n|-activate|p1b: Seman|move: Protect\n|debug|Spread modifier: 0.75\n|debug|Light Screen weaken\n|-damage|p1a: Ditto's Daddy|316/404\n|-unboost|p1a: Ditto's Daddy|spe|1\n|-damage|p2a: Raging B0ner|391/454|[from] item: Life Orb\n|\n|-weather|RainDance|[upkeep]\n|-heal|p1b: Seman|267/292|[from] Grassy Terrain\n|-heal|p1a: Ditto's Daddy|341/404|[from] Grassy Terrain\n|-heal|p2a: Raging B0ner|419/454|[from] Grassy Terrain\n|-fieldend|move: Grassy Terrain\n|upkeep\n|turn|9\n|\n|t:|1719191861\n|move|p1b: Seman|Focus Energy|p1b: Seman\n|-start|p1b: Seman|move: Focus Energy\n|move|p1a: Ditto's Daddy|Reflect|p1a: Ditto's Daddy\n|-sidestart|p1: je64|Reflect\n|move|p2b: Boom Burger|Grassy Glide|p1b: Seman\n|debug|Reflect weaken\n|-damage|p1b: Seman|199/292\n|move|p2a: Raging B0ner|Electroweb|p1b: Seman|[spread] p1a,p1b\n|debug|Spread modifier: 0.75\n|debug|Light Screen weaken\n|debug|Spread modifier: 0.75\n|debug|Light Screen weaken\n|-damage|p1a: Ditto's Daddy|253/404\n|-damage|p1b: Seman|98/292\n|-unboost|p1a: Ditto's Daddy|spe|1\n|-unboost|p1b: Seman|spe|1\n|-damage|p2a: Raging B0ner|374/454|[from] item: Life Orb\n|\n|-weather|none\n|-sideend|p1: je64|move: Tailwind\n|upkeep\n|turn|10\n|\n|t:|1719191891\n|switch|p2b: PSA 10 Shadowless|Charizard-Mega-Y, F|297/297\n|-weather|SunnyDay|[from] ability: Drought|[of] p2b: PSA 10 Shadowless\n|-activate|p2a: Raging B0ner|ability: Protosynthesis\n|-start|p2a: Raging B0ner|protosynthesisspa\n|move|p1b: Seman|Protect|p1b: Seman\n|-singleturn|p1b: Seman|Protect\n|move|p2a: Raging B0ner|Thunderclap||[still]\n|-fail|p2a: Raging B0ner\n|move|p1a: Ditto's Daddy|Tailwind|p1a: Ditto's Daddy\n|-sidestart|p1: je64|move: Tailwind\n|\n|-weather|SunnyDay|[upkeep]\n|upkeep\n|turn|11\n|\n|t:|1719191957\n|move|p2a: Raging B0ner|Thunderclap|p1b: Seman\n|debug|Protosynthesis spa boost\n|debug|Light Screen weaken\n|-damage|p1b: Seman|0 fnt\n|faint|p1b: Seman\n|-damage|p2a: Raging B0ner|329/454|[from] item: Life Orb\n|move|p2b: PSA 10 Shadowless|Heat Wave|p1a: Ditto's Daddy\n|debug|Sunny Day fire boost\n|debug|Light Screen weaken\n|-damage|p1a: Ditto's Daddy|77/404\n|move|p1a: Ditto's Daddy|Reflect||[still]\n|-fail|p1a: Ditto's Daddy\n|debug|move failed because it did nothing\n|\n|-weather|SunnyDay|[upkeep]\n|upkeep\n|\n|t:|1719191969\n|switch|p1b: Shi-Yu In Hell|Chi-Yu|252/252\n|-ability|p1b: Shi-Yu In Hell|Beads of Ruin\n|turn|12\n|\n|t:|1719191994\n|-terastallize|p1b: Shi-Yu In Hell|Fire\n|move|p2a: Raging B0ner|Thunderclap|p1b: Shi-Yu In Hell\n|debug|Protosynthesis spa boost\n|debug|Light Screen weaken\n|-damage|p1b: Shi-Yu In Hell|84/252\n|-damage|p2a: Raging B0ner|284/454|[from] item: Life Orb\n|move|p1b: Shi-Yu In Hell|Heat Wave|p2b: PSA 10 Shadowless|[spread] p2a,p2b\n|debug|Beads of Ruin SpD drop\n|debug|Spread modifier: 0.75\n|debug|Sunny Day fire boost\n|debug|Beads of Ruin SpD drop\n|debug|Spread modifier: 0.75\n|debug|Sunny Day fire boost\n|-resisted|p2b: PSA 10 Shadowless\n|-damage|p2a: Raging B0ner|0 fnt\n|-damage|p2b: PSA 10 Shadowless|101/297\n|debug|move failed because it did nothing\n|faint|p2a: Raging B0ner\n|-end|p2a: Raging B0ner|Protosynthesis|[silent]\n|-damage|p1b: Shi-Yu In Hell|59/252|[from] item: Life Orb\n|move|p2b: PSA 10 Shadowless|Heat Wave|p1a: Ditto's Daddy|[spread] p1a\n|-miss|p2b: PSA 10 Shadowless|p1b: Shi-Yu In Hell\n|debug|Beads of Ruin SpD drop\n|debug|Spread modifier: 0.75\n|debug|Sunny Day fire boost\n|debug|Light Screen weaken\n|-damage|p1a: Ditto's Daddy|0 fnt\n|faint|p1a: Ditto's Daddy\n|\n|-weather|SunnyDay|[upkeep]\n|upkeep\n|\n|t:|1719192009\n|switch|p1a: ScytherPunk 2077|Scizor, M|336/336\n|switch|p2a: Boom Burger|Rillaboom, M|404/404\n|-fieldstart|move: Grassy Terrain|[from] ability: Grassy Surge|[of] p2a: Boom Burger\n|turn|13\n|\n|t:|1719192119\n|detailschange|p1a: ScytherPunk 2077|Scizor-Mega, M\n|-mega|p1a: ScytherPunk 2077|Scizor|Scizorite\n|move|p2b: PSA 10 Shadowless|Protect|p2b: PSA 10 Shadowless\n|-singleturn|p2b: PSA 10 Shadowless|Protect\n|move|p2a: Boom Burger|Fake Out|p1b: Shi-Yu In Hell\n|debug|Reflect weaken\n|-damage|p1b: Shi-Yu In Hell|19/252\n|move|p1a: ScytherPunk 2077|Bullet Punch|p2b: PSA 10 Shadowless\n|-activate|p2b: PSA 10 Shadowless|move: Protect\n|cant|p1b: Shi-Yu In Hell|flinch\n|\n|-weather|SunnyDay|[upkeep]\n|-heal|p1b: Shi-Yu In Hell|34/252|[from] Grassy Terrain\n|debug|Pokemon semi-invuln or not grounded; Grassy Terrain skipped\n|-sideend|p1: je64|move: Tailwind\n|upkeep\n|turn|14\n|\n|t:|1719192156\n|move|p2a: Boom Burger|Grassy Glide|p1b: Shi-Yu In Hell\n|debug|grassy terrain boost\n|-resisted|p1b: Shi-Yu In Hell\n|debug|Reflect weaken\n|-damage|p1b: Shi-Yu In Hell|0 fnt\n|faint|p1b: Shi-Yu In Hell\n|move|p1a: ScytherPunk 2077|Bullet Punch|p2b: PSA 10 Shadowless\n|debug|Base Power: 40\n|debug|Technician boost\n|-resisted|p2b: PSA 10 Shadowless\n|-damage|p2b: PSA 10 Shadowless|16/297\n|move|p2b: PSA 10 Shadowless|Heat Wave|p1a: ScytherPunk 2077\n|debug|Sunny Day fire boost\n|-supereffective|p1a: ScytherPunk 2077\n|debug|Light Screen weaken\n|-damage|p1a: ScytherPunk 2077|0 fnt\n|faint|p1a: ScytherPunk 2077\n|\n|win|smokeydabearrr\n","uploadtime":1719192168,"views":"40","formatid":"gen9doublescustomgame","rating":null,"private":0,"password":null}