{"id":"gen9championsdoublescustomgame-2666007477","format":"[Gen 9 Champions] Doubles Custom Game","players":["mattmandaman","Jamochi"],"log":"|j|☆mattmandaman\n|j|☆Jamochi\n|t:|1786932843\n|gametype|doubles\n|player|p1|mattmandaman|unknown|\n|player|p2|Jamochi|li|\n|gen|9\n|tier|[Gen 9 Champions] Doubles Custom Game\n|clearpoke\n|poke|p1|Rillaboom, L50|\n|poke|p1|Zygarde, L50|\n|poke|p1|Entei, L50|\n|poke|p1|Tornadus, L50, M|\n|poke|p1|Chien-Pao, L50|\n|poke|p1|Iron Hands, L50|\n|poke|p2|Dragonite, L50|\n|poke|p2|Cresselia, L50|\n|poke|p2|Celesteela, L50|\n|poke|p2|Landorus-Therian, L50|\n|poke|p2|Brute Bonnet, L50|\n|poke|p2|Tapu Lele, L50|\n|teampreview\n|j| mistermoscow\n|\n|t:|1786932877\n|teamsize|p1|6\n|teamsize|p2|6\n|start\n|switch|p1a: Chien-Pao|Chien-Pao, L50|157/157\n|switch|p1b: Entei|Entei, L50|192/192\n|switch|p2a: Brute Bonnet|Brute Bonnet, L50|218/218\n|switch|p2b: Cresselia|Cresselia, L50|227/227\n|-ability|p1a: Chien-Pao|Sword of Ruin\n|-enditem|p2a: Brute Bonnet|Booster Energy\n|-activate|p2a: Brute Bonnet|ability: Protosynthesis|[fromitem]\n|-start|p2a: Brute Bonnet|protosynthesisatk\n|turn|1\n|\n|t:|1786932914\n|move|p1a: Chien-Pao|Crunch|p2b: Cresselia\n|debug|Sword of Ruin Def drop\n|-supereffective|p2b: Cresselia|1\n|-crit|p2b: Cresselia\n|-damage|p2b: Cresselia|39/227\n|move|p1b: Entei|Sacred Fire|p2a: Brute Bonnet\n|debug|Sword of Ruin Def drop\n|-supereffective|p2a: Brute Bonnet|1\n|-damage|p2a: Brute Bonnet|0 fnt\n|debug|move failed because it did nothing\n|faint|p2a: Brute Bonnet\n|-end|p2a: Brute Bonnet|Protosynthesis|[silent]\n|move|p2b: Cresselia|Trick Room|p2b: Cresselia\n|-fieldstart|move: Trick Room|[of] p2b: Cresselia\n|\n|upkeep\n|\n|t:|1786932927\n|switch|p2a: Celesteela|Celesteela, L50|204/204\n|turn|2\n|\n|t:|1786932942\n|switch|p1a: Iron Hands|Iron Hands, L50|261/261\n|move|p2b: Cresselia|Helping Hand|p2a: Celesteela\n|-singleturn|p2a: Celesteela|Helping Hand|[of] p2b: Cresselia\n|move|p2a: Celesteela|Heavy Slam|p1a: Iron Hands\n|debug|BP: 60\n|debug|Boosting from Helping Hand: 1.5\n|-resisted|p1a: Iron Hands|1\n|-damage|p1a: Iron Hands|238/261\n|move|p1b: Entei|Sacred Fire|p2a: Celesteela\n|-supereffective|p2a: Celesteela|1\n|-damage|p2a: Celesteela|12/204\n|\n|-heal|p1a: Iron Hands|254/261|[from] item: Leftovers\n|-heal|p2a: Celesteela|24/204|[from] item: Leftovers\n|upkeep\n|turn|3\n|c| mistermoscow|you've got this james!\n|c|☆Jamochi|oof haha\n|\n|t:|1786932997\n|switch|p2b: Tapu Lele|Tapu Lele, L50|177/177\n|-fieldstart|move: Psychic Terrain|[from] ability: Psychic Surge|[of] p2b: Tapu Lele\n|move|p1a: Iron Hands|Fake Out|p2b: Tapu Lele\n|-activate|p2b: Tapu Lele|move: Psychic Terrain\n|move|p2a: Celesteela|Leech Seed|p1a: Iron Hands\n|-start|p1a: Iron Hands|move: Leech Seed\n|move|p1b: Entei|Howl|p1b: Entei|[spread] p1a,p1b\n|-boost|p1a: Iron Hands|atk|1\n|-boost|p1b: Entei|atk|1\n|-enditem|p2b: Tapu Lele|Mirror Herb\n|-boost|p2b: Tapu Lele|atk|2|[from] item: Mirror Herb\n|\n|-heal|p1a: Iron Hands|261/261|[from] item: Leftovers\n|-heal|p2a: Celesteela|36/204|[from] item: Leftovers\n|-damage|p1a: Iron Hands|229/261|[from] Leech Seed|[of] p2a: Celesteela\n|-heal|p2a: Celesteela|68/204|[silent]\n|upkeep\n|turn|4\n|\n|t:|1786933027\n|move|p1a: Iron Hands|Heavy Slam|p2b: Tapu Lele\n|debug|BP: 120\n|-supereffective|p2b: Tapu Lele|1\n|-damage|p2b: Tapu Lele|0 fnt\n|faint|p2b: Tapu Lele\n|move|p2a: Celesteela|Leech Seed|p1b: Entei\n|-start|p1b: Entei|move: Leech Seed\n|move|p1b: Entei|Sacred Fire|p2a: Celesteela\n|-supereffective|p2a: Celesteela|1\n|-damage|p2a: Celesteela|0 fnt\n|debug|move failed because it did nothing\n|faint|p2a: Celesteela\n|\n|-heal|p1a: Iron Hands|245/261|[from] item: Leftovers\n|debug|Nothing to leech into\n|debug|Nothing to leech into\n|upkeep\n|\n|t:|1786933041\n|switch|p2a: Landorus|Landorus-Therian, L50|196/196\n|switch|p2b: Dragonite|Dragonite, L50|168/168\n|-ability|p2a: Landorus|Intimidate|boost\n|-unboost|p1a: Iron Hands|atk|1\n|-fail|p1b: Entei|unboost|Attack|[from] ability: Inner Focus|[of] p1b: Entei\n|turn|5\n|\n|t:|1786933063\n|detailschange|p2b: Dragonite|Dragonite-Mega, L50\n|-mega|p2b: Dragonite|Dragonite|Dragoninite\n|move|p1a: Iron Hands|Heavy Slam|p2a: Landorus\n|debug|BP: 120\n|-damage|p2a: Landorus|135/196\n|-damage|p1a: Iron Hands|202/261|[from] item: Rocky Helmet|[of] p2a: Landorus\n|move|p2a: Landorus|Earthquake|p1a: Iron Hands|[spread] p1a,p1b\n|-immune|p2b: Dragonite\n|debug|Spread modifier: 0.75\n|-supereffective|p1a: Iron Hands|1\n|debug|Spread modifier: 0.75\n|-supereffective|p1b: Entei|1\n|-damage|p1a: Iron Hands|70/261\n|-damage|p1b: Entei|58/192\n|move|p2b: Dragonite|Dragon Dance|p2b: Dragonite\n|-boost|p2b: Dragonite|atk|1\n|-boost|p2b: Dragonite|spe|1\n|move|p1b: Entei|Sacred Fire|p2b: Dragonite\n|-resisted|p2b: Dragonite|1\n|debug|Multiscale weaken\n|-damage|p2b: Dragonite|133/168\n|-status|p2b: Dragonite|brn\n|\n|-heal|p1a: Iron Hands|86/261|[from] item: Leftovers\n|-damage|p1a: Iron Hands|54/261|[from] Leech Seed|[of] p2a: Landorus\n|-heal|p2a: Landorus|167/196|[silent]\n|-damage|p1b: Entei|34/192|[from] Leech Seed|[of] p2a: Landorus\n|-heal|p2a: Landorus|191/196|[silent]\n|-damage|p2b: Dragonite|123/168 brn|[from] brn\n|-fieldend|move: Trick Room\n|upkeep\n|turn|6\n|\n|t:|1786933107\n|move|p2b: Dragonite|Dragon Dance|p2b: Dragonite\n|-boost|p2b: Dragonite|atk|1\n|-boost|p2b: Dragonite|spe|1\n|move|p1b: Entei|Sacred Fire|p2a: Landorus\n|-damage|p2a: Landorus|71/196\n|move|p2a: Landorus|Rock Slide|p1b: Entei|[spread] p1a,p1b\n|debug|Spread modifier: 0.75\n|-resisted|p1a: Iron Hands|1\n|debug|Spread modifier: 0.75\n|-supereffective|p1b: Entei|1\n|-damage|p1a: Iron Hands|39/261\n|-damage|p1b: Entei|0 fnt\n|debug|move failed because it did nothing\n|faint|p1b: Entei\n|move|p1a: Iron Hands|Drain Punch|p2b: Dragonite\n|-resisted|p2b: Dragonite|1\n|-damage|p2b: Dragonite|94/168 brn\n|-heal|p1a: Iron Hands|54/261|[from] drain|[of] p2b: Dragonite\n|\n|-heal|p1a: Iron Hands|70/261|[from] item: Leftovers\n|-damage|p1a: Iron Hands|38/261|[from] Leech Seed|[of] p2a: Landorus\n|-heal|p2a: Landorus|103/196|[silent]\n|-damage|p2b: Dragonite|84/168 brn|[from] brn\n|upkeep\n|\n|t:|1786933143\n|switch|p1b: Chien-Pao|Chien-Pao, L50|157/157\n|-ability|p1b: Chien-Pao|Sword of Ruin\n|turn|7\n|\n|t:|1786933206\n|switch|p2a: Cresselia|Cresselia, L50|39/227\n|move|p2b: Dragonite|Earthquake|p1a: Iron Hands|[spread] p1a,p1b\n|-immune|p2a: Cresselia|[from] ability: Levitate\n|debug|Sword of Ruin Def drop\n|debug|Spread modifier: 0.75\n|-supereffective|p1a: Iron Hands|1\n|debug|Spread modifier: 0.75\n|-damage|p1a: Iron Hands|0 fnt\n|-damage|p1b: Chien-Pao|102/157\n|faint|p1a: Iron Hands\n|-end|p1a: Iron Hands|Quark Drive|[silent]\n|move|p1b: Chien-Pao|Icicle Crash|p2a: Cresselia\n|debug|Sword of Ruin Def drop\n|-damage|p2a: Cresselia|0 fnt\n|faint|p2a: Cresselia\n|\n|-damage|p2b: Dragonite|74/168 brn|[from] brn\n|-fieldend|move: Psychic Terrain\n|upkeep\n|\n|t:|1786933222\n|switch|p2a: Landorus|Landorus-Therian, L50|103/196\n|switch|p1a: Tornadus|Tornadus, L50, M|178/178\n|-ability|p2a: Landorus|Intimidate|boost\n|-unboost|p1a: Tornadus|atk|1\n|-unboost|p1b: Chien-Pao|atk|1\n|turn|8\n|\n|t:|1786933230\n|move|p1a: Tornadus|Tailwind|p1a: Tornadus\n|-sidestart|p1: mattmandaman|move: Tailwind\n|move|p1b: Chien-Pao|Icicle Crash|p2a: Landorus\n|debug|Sword of Ruin Def drop\n|-supereffective|p2a: Landorus|2\n|-damage|p2a: Landorus|0 fnt\n|faint|p2a: Landorus\n|move|p2b: Dragonite|Thunder Punch|p1a: Tornadus\n|debug|Sword of Ruin Def drop\n|-supereffective|p1a: Tornadus|1\n|-damage|p1a: Tornadus|0 fnt\n|debug|Covert Cloak prevent secondary\n|faint|p1a: Tornadus\n|\n|-damage|p2b: Dragonite|64/168 brn|[from] brn\n|upkeep\n|\n|t:|1786933243\n|switch|p1a: Rillaboom|Rillaboom, L50|207/207\n|-fieldstart|move: Grassy Terrain|[from] ability: Grassy Surge|[of] p1a: Rillaboom\n|turn|9\n|\n|t:|1786933255\n|move|p1a: Rillaboom|Fake Out|p2b: Dragonite\n|debug|Sword of Ruin Def drop\n|-damage|p2b: Dragonite|34/168 brn\n|cant|p2b: Dragonite|flinch\n|move|p1b: Chien-Pao|Crunch|p2b: Dragonite\n|debug|Sword of Ruin Def drop\n|-damage|p2b: Dragonite|0 fnt\n|faint|p2b: Dragonite\n|\n|win|mattmandaman\n|c|☆Jamochi|ggggg\n","uploadtime":1786933264,"views":"1","formatid":"gen9championsdoublescustomgame","rating":null,"private":0,"password":null}