{"id":"gen9doublescustomgame-2258711561","format":"[Gen 9] Doubles Custom Game","players":["je64","mattmandaman"],"log":"|badge|p2|silver|gen9doublesou|30-3\n|uhtml|medal-msg|<div class=\"broadcast-blue\">Curious what those medals under the avatar are? PS now has Ladder Seasons! For more information, check out the <a href=\"https://www.smogon.com/forums/threads/3740067/\">thread on Smogon.</a></div>\n|j|☆je64\n|j|☆mattmandaman\n|t:|1733607066\n|gametype|doubles\n|player|p1|je64|101|\n|player|p2|mattmandaman|giovanni|\n|teamsize|p1|6\n|teamsize|p2|6\n|gen|9\n|tier|[Gen 9] Doubles Custom Game\n|clearpoke\n|poke|p1|Dewgong, F|\n|poke|p1|Hitmonchan, M|\n|poke|p1|Chansey, F|\n|poke|p1|Electabuzz, M|\n|poke|p1|Gyarados, F|\n|poke|p1|Articuno|\n|poke|p2|Porygon|\n|poke|p2|Marowak, M|\n|poke|p2|Pikachu, M|\n|poke|p2|Butterfree, F|\n|poke|p2|Cloyster, F|\n|poke|p2|Clefairy, F|\n|teampreview\n|c|☆je64|oh very different\n|c|☆mattmandaman|oh yes\n|\n|t:|1733607105\n|start\n|switch|p1a: Dewgong|Dewgong, F|384/384\n|switch|p1b: Chansey|Chansey, F|704/704\n|switch|p2a: Pikachu|Pikachu, M|211/211\n|switch|p2b: Butterfree|Butterfree, F|262/262\n|turn|1\n|c|☆je64|porygon\n|c|☆je64|very strange\n|c|☆je64|omg\n|c|☆je64|fuck this\n|c|☆mattmandaman|lmfaoo\n|c|☆mattmandaman|im so sryy it was by far my best lead\n|c|☆je64|pikachu is the zerora of this gen\n|c|☆mattmandaman|it just might me\n|c|☆je64|oof, I have the wrong ability on someone\n|c|☆je64|oops and double items haha\n|c|☆mattmandaman|restart?\n|c|☆je64|erm double items is technically illegal but im fine if ur fine with it\n|c|☆mattmandaman|yea idc\n|\n|t:|1733607255\n|switch|p1a: Hitmonchan|Hitmonchan, M|242/242\n|move|p2a: Pikachu|Fake Out|p1a: Hitmonchan\n|-damage|p1a: Hitmonchan|196/242\n|move|p2b: Butterfree|Sleep Powder|p1b: Chansey\n|debug|compoundeyes - enhancing accuracy\n|-status|p1b: Chansey|slp|[from] move: Sleep Powder\n|cant|p1b: Chansey|slp\n|\n|upkeep\n|turn|2\n|\n|t:|1733607292\n|move|p2b: Butterfree|Protect|p2b: Butterfree\n|-singleturn|p2b: Butterfree|Protect\n|move|p2a: Pikachu|Volt Switch|p1a: Hitmonchan\n|-damage|p1a: Hitmonchan|73/242\n|\n|t:|1733607302\n|switch|p2a: Marowak|Marowak, M|324/324|[from] Volt Switch\n|move|p1a: Hitmonchan|Ice Punch|p2b: Butterfree\n|-activate|p2b: Butterfree|move: Protect\n|cant|p1b: Chansey|slp\n|\n|upkeep\n|turn|3\n|\n|t:|1733607324\n|move|p1a: Hitmonchan|Ice Punch|p2a: Marowak\n|debug|Iron Fist boost\n|debug|Punching Glove boost\n|-supereffective|p2a: Marowak\n|-damage|p2a: Marowak|110/324\n|move|p2b: Butterfree|Quiver Dance|p2b: Butterfree\n|-boost|p2b: Butterfree|spa|1\n|-boost|p2b: Butterfree|spd|1\n|-boost|p2b: Butterfree|spe|1\n|-curestatus|p1b: Chansey|slp|[msg]\n|move|p1b: Chansey|Thunder Wave|p2b: Butterfree\n|-status|p2b: Butterfree|par\n|move|p2a: Marowak|Rock Slide|p1b: Chansey|[spread] p1a,p1b\n|debug|Spread modifier: 0.75\n|-resisted|p1a: Hitmonchan\n|debug|Spread modifier: 0.75\n|-damage|p1a: Hitmonchan|10/242\n|-damage|p1b: Chansey|492/704\n|\n|-heal|p1b: Chansey|536/704|[from] item: Leftovers\n|upkeep\n|turn|4\n|\n|t:|1733607360\n|move|p2a: Marowak|Protect|p2a: Marowak\n|-singleturn|p2a: Marowak|Protect\n|move|p1a: Hitmonchan|Ice Punch|p2a: Marowak\n|-activate|p2a: Marowak|move: Protect\n|move|p2b: Butterfree|Sleep Powder|p1b: Chansey\n|debug|compoundeyes - enhancing accuracy\n|-status|p1b: Chansey|slp|[from] move: Sleep Powder\n|cant|p1b: Chansey|slp\n|\n|-heal|p1b: Chansey|580/704 slp|[from] item: Leftovers\n|upkeep\n|turn|5\n|\n|t:|1733607381\n|switch|p2a: Porygon|Porygon|334/334\n|-ability|p2a: Porygon|Download|boost\n|-boost|p2a: Porygon|atk|1\n|move|p1a: Hitmonchan|Ice Punch|p2a: Porygon\n|debug|Iron Fist boost\n|debug|Punching Glove boost\n|-damage|p2a: Porygon|244/334\n|move|p2b: Butterfree|Hurricane|p1a: Hitmonchan\n|debug|compoundeyes - enhancing accuracy\n|-supereffective|p1a: Hitmonchan\n|-damage|p1a: Hitmonchan|0 fnt\n|debug|move failed because it did nothing\n|faint|p1a: Hitmonchan\n|cant|p1b: Chansey|slp\n|\n|-heal|p1b: Chansey|624/704 slp|[from] item: Leftovers\n|upkeep\n|\n|t:|1733607423\n|switch|p1a: Dewgong|Dewgong, F|384/384\n|turn|6\n|\n|t:|1733607449\n|move|p1a: Dewgong|Fake Out|p2b: Butterfree\n|-damage|p2b: Butterfree|222/262 par\n|cant|p2b: Butterfree|flinch\n|-curestatus|p1b: Chansey|slp|[msg]\n|debug|doubling secondary chance\n|move|p1b: Chansey|Rock Slide|p2a: Porygon|[spread] p2a,p2b\n|debug|Spread modifier: 0.75\n|debug|Spread modifier: 0.75\n|-supereffective|p2b: Butterfree\n|-crit|p2b: Butterfree\n|-damage|p2a: Porygon|238/334\n|-damage|p2b: Butterfree|142/262 par\n|cant|p2a: Porygon|flinch\n|\n|-heal|p1b: Chansey|668/704|[from] item: Leftovers\n|upkeep\n|turn|7\n|c|☆mattmandaman|wild low damage lol\n|c|☆je64|yeah that did nothing\n|\n|t:|1733607521\n|move|p2b: Butterfree|Sleep Powder|p1a: Dewgong\n|debug|compoundeyes - enhancing accuracy\n|-status|p1a: Dewgong|slp|[from] move: Sleep Powder\n|cant|p1a: Dewgong|slp\n|debug|doubling secondary chance\n|move|p1b: Chansey|Rock Slide|p2a: Porygon|[spread] p2a,p2b\n|debug|Spread modifier: 0.75\n|debug|Spread modifier: 0.75\n|-supereffective|p2b: Butterfree\n|-damage|p2a: Porygon|232/334\n|-damage|p2b: Butterfree|82/262 par\n|move|p2a: Porygon|Trick Room|p2a: Porygon\n|-fieldstart|move: Trick Room|[of] p2a: Porygon\n|\n|-heal|p1b: Chansey|704/704|[from] item: Leftovers\n|upkeep\n|turn|8\n|c|☆je64|I thouhght it would ko lol\n|c|☆je64|I might accidently have -atk on it\n|c|☆je64|ooh yea I do\n|c|☆mattmandaman|yea that makes sense lol\n|c|☆je64|there are a lot of things wrong with my team haha\n|\n|t:|1733607583\n|debug|doubling secondary chance\n|move|p1b: Chansey|Rock Slide|p2b: Butterfree|[spread] p2a,p2b\n|debug|Spread modifier: 0.75\n|debug|Spread modifier: 0.75\n|-supereffective|p2b: Butterfree\n|-damage|p2a: Porygon|226/334\n|-damage|p2b: Butterfree|30/262 par\n|cant|p1a: Dewgong|slp\n|cant|p2b: Butterfree|flinch\n|cant|p2a: Porygon|flinch\n|\n|upkeep\n|turn|9\n|c|☆je64|yay chansey in trick room!\n|c|☆mattmandaman|nooo\n|\n|t:|1733607606\n|debug|doubling secondary chance\n|move|p1b: Chansey|Rock Slide|p2a: Porygon|[spread] \n|-miss|p1b: Chansey|p2a: Porygon\n|-miss|p1b: Chansey|p2b: Butterfree\n|-curestatus|p1a: Dewgong|slp|[msg]\n|move|p1a: Dewgong|Snowscape|p1a: Dewgong\n|-weather|Snow\n|move|p2b: Butterfree|Sleep Powder|p1b: Chansey\n|debug|compoundeyes - enhancing accuracy\n|-status|p1b: Chansey|slp|[from] move: Sleep Powder\n|move|p2a: Porygon|Teleport|p2a: Porygon\n|c|☆je64|lame\n|\n|t:|1733607623\n|switch|p2a: Marowak|Marowak, M|110/324|[from] Teleport\n|\n|-weather|Snow|[upkeep]\n|upkeep\n|turn|10\n|\n|t:|1733607649\n|move|p2a: Marowak|Protect|p2a: Marowak\n|-singleturn|p2a: Marowak|Protect\n|cant|p1b: Chansey|slp\n|move|p1a: Dewgong|Flip Turn|p2b: Butterfree\n|-damage|p2b: Butterfree|0 fnt\n|faint|p2b: Butterfree\n|\n|t:|1733607659\n|switch|p1a: Articuno|Articuno|321/321|[from] Flip Turn\n|\n|-weather|Snow|[upkeep]\n|upkeep\n|\n|t:|1733607664\n|switch|p2b: Clefairy|Clefairy, F|344/344\n|turn|11\n|\n|t:|1733607672\n|move|p2b: Clefairy|Helping Hand|p2a: Marowak\n|-singleturn|p2a: Marowak|Helping Hand|[of] p2b: Clefairy\n|move|p1a: Articuno|Protect|p1a: Articuno\n|-singleturn|p1a: Articuno|Protect\n|move|p2a: Marowak|Rock Slide|p1a: Articuno|[spread] p1b\n|-activate|p1a: Articuno|move: Protect\n|debug|Boosting from Helping Hand: 1.5\n|debug|Spread modifier: 0.75\n|-damage|p1b: Chansey|366/704 slp\n|cant|p1b: Chansey|slp\n|\n|-weather|Snow|[upkeep]\n|-heal|p1b: Chansey|410/704 slp|[from] item: Leftovers\n|-fieldend|move: Trick Room\n|upkeep\n|turn|12\n|\n|t:|1733607703\n|switch|p2b: Porygon|Porygon|226/334\n|-ability|p2b: Porygon|Download|boost\n|-boost|p2b: Porygon|atk|1\n|move|p1a: Articuno|Blizzard|p2b: Porygon|[spread] p2a,p2b\n|debug|Spread modifier: 0.75\n|-supereffective|p2a: Marowak\n|debug|Spread modifier: 0.75\n|-damage|p2a: Marowak|0 fnt\n|-damage|p2b: Porygon|112/334\n|-status|p2b: Porygon|frz\n|faint|p2a: Marowak\n|-damage|p1a: Articuno|289/321|[from] item: Life Orb\n|-curestatus|p1b: Chansey|slp|[msg]\n|move|p1b: Chansey|Thunder Wave||[still]\n|-fail|p1b: Chansey\n|debug|move failed because it did nothing\n|\n|-weather|Snow|[upkeep]\n|-heal|p1b: Chansey|454/704|[from] item: Leftovers\n|upkeep\n|\n|t:|1733607721\n|switch|p2a: Pikachu|Pikachu, M|211/211\n|turn|13\n|\n|t:|1733607745\n|switch|p1b: Buzz Lightyear|Electabuzz, M|334/334\n|switch|p2b: Cloyster|Cloyster, F|242/242\n|move|p1a: Articuno|Protect|p1a: Articuno\n|-singleturn|p1a: Articuno|Protect\n|move|p2a: Pikachu|Fake Out|p1b: Buzz Lightyear\n|-damage|p1b: Buzz Lightyear|306/334\n|debug|natural status immunity\n|debug|immune to status\n|\n|-weather|none\n|upkeep\n|turn|14\n|\n|t:|1733607767\n|switch|p1a: Chansey|Chansey, F|454/704\n|move|p2b: Cloyster|Protect|p2b: Cloyster\n|-singleturn|p2b: Cloyster|Protect\n|move|p2a: Pikachu|Volt Switch|p1a: Chansey\n|-damage|p1a: Chansey|327/704\n|\n|t:|1733607775\n|switch|p2a: Clefairy|Clefairy, F|344/344|[from] Volt Switch\n|move|p1b: Buzz Lightyear|Electroweb|p2a: Clefairy|[spread] p2a\n|-activate|p2b: Cloyster|move: Protect\n|debug|Spread modifier: 0.75\n|-damage|p2a: Clefairy|308/344\n|-unboost|p2a: Clefairy|spe|1\n|\n|-heal|p1a: Chansey|371/704|[from] item: Leftovers\n|upkeep\n|turn|15\n|\n|t:|1733607794\n|move|p2a: Clefairy|Helping Hand|p2b: Cloyster\n|-singleturn|p2b: Cloyster|Helping Hand|[of] p2a: Clefairy\n|move|p1b: Buzz Lightyear|Electroweb|p2a: Clefairy|[spread] p2a,p2b\n|debug|Spread modifier: 0.75\n|debug|Spread modifier: 0.75\n|-supereffective|p2b: Cloyster\n|debug|Friend Guard weaken\n|-damage|p2a: Clefairy|274/344\n|-damage|p2b: Cloyster|107/242\n|-unboost|p2a: Clefairy|spe|1\n|-unboost|p2b: Cloyster|spe|1\n|move|p2b: Cloyster|Icicle Spear|p1a: Chansey\n|debug|Boosting from Helping Hand: 1.5\n|-damage|p1a: Chansey|218/704\n|debug|Boosting from Helping Hand: 1.5\n|-damage|p1a: Chansey|57/704\n|debug|Boosting from Helping Hand: 1.5\n|-damage|p1a: Chansey|0 fnt\n|faint|p1a: Chansey\n|-hitcount|p1: Chansey|3\n|-damage|p2b: Cloyster|83/242|[from] item: Life Orb\n|\n|upkeep\n|\n|t:|1733607813\n|switch|p1a: Dewgong|Dewgong, F|384/384\n|turn|16\n|\n|t:|1733607831\n|switch|p2b: Porygon|Porygon|112/334 frz\n|-ability|p2b: Porygon|Download|boost\n|-boost|p2b: Porygon|atk|1\n|move|p1a: Dewgong|Fake Out|p2a: Clefairy\n|-damage|p2a: Clefairy|248/344\n|move|p1b: Buzz Lightyear|Electroweb|p2a: Clefairy|[spread] p2a,p2b\n|debug|Spread modifier: 0.75\n|debug|Spread modifier: 0.75\n|debug|Friend Guard weaken\n|-damage|p2a: Clefairy|217/344\n|-damage|p2b: Porygon|84/334 frz\n|-unboost|p2a: Clefairy|spe|1\n|-unboost|p2b: Porygon|spe|1\n|cant|p2a: Clefairy|flinch\n|\n|upkeep\n|turn|17\n|\n|t:|1733607851\n|move|p1b: Buzz Lightyear|Taunt|p2a: Clefairy\n|-start|p2a: Clefairy|move: Taunt\n|move|p1a: Dewgong|Snowscape|p1a: Dewgong\n|-weather|Snow\n|cant|p2b: Porygon|frz\n|move|p2a: Clefairy|Moonblast|p1b: Buzz Lightyear\n|-damage|p1b: Buzz Lightyear|254/334\n|\n|-weather|Snow|[upkeep]\n|upkeep\n|turn|18\n|\n|t:|1733607876\n|switch|p1b: Gyarados|Gyarados, F|331/331\n|-ability|p1b: Gyarados|Intimidate|boost\n|-unboost|p2a: Clefairy|atk|1\n|-unboost|p2b: Porygon|atk|1\n|move|p1a: Dewgong|Horn Drill|p2a: Clefairy|[miss]\n|-miss|p1a: Dewgong|p2a: Clefairy\n|cant|p2b: Porygon|frz\n|move|p2a: Clefairy|Moonblast|p1b: Gyarados\n|-damage|p1b: Gyarados|253/331\n|\n|-weather|Snow|[upkeep]\n|upkeep\n|turn|19\n|\n|t:|1733607913\n|move|p1b: Gyarados|Dragon Dance|p1b: Gyarados\n|-boost|p1b: Gyarados|atk|1\n|-boost|p1b: Gyarados|spe|1\n|move|p1a: Dewgong|Flip Turn|p2a: Clefairy\n|-damage|p2a: Clefairy|160/344\n|\n|t:|1733607918\n|switch|p1a: Articuno|Articuno|289/321|[from] Flip Turn\n|-curestatus|p2b: Porygon|frz|[msg]\n|move|p2b: Porygon|Thunderbolt|p1b: Gyarados\n|-supereffective|p1b: Gyarados\n|-damage|p1b: Gyarados|0 fnt\n|faint|p1b: Gyarados\n|move|p2a: Clefairy|Moonblast|p1a: Articuno|[miss]\n|debug|Snow Cloak - decreasing accuracy\n|-miss|p2a: Clefairy|p1a: Articuno\n|\n|-weather|Snow|[upkeep]\n|-end|p2a: Clefairy|move: Taunt\n|upkeep\n|c|☆je64|noooo\n|c|☆mattmandaman|yess\n|c|☆je64|omg bad timing\n|\n|t:|1733607948\n|switch|p1b: Buzz Lightyear|Electabuzz, M|254/334\n|turn|20\n|\n|t:|1733608001\n|move|p1a: Articuno|Blizzard|p2b: Porygon|[spread] p2a,p2b\n|debug|Spread modifier: 0.75\n|debug|Spread modifier: 0.75\n|debug|Friend Guard weaken\n|-damage|p2a: Clefairy|51/344\n|-damage|p2b: Porygon|4/334\n|-status|p2a: Clefairy|frz\n|-damage|p1a: Articuno|257/321|[from] item: Life Orb\n|move|p1b: Buzz Lightyear|Electroweb|p2b: Porygon|[spread] p2b\n|-miss|p1b: Buzz Lightyear|p2a: Clefairy\n|debug|Spread modifier: 0.75\n|debug|Friend Guard weaken\n|-damage|p2b: Porygon|0 fnt\n|faint|p2b: Porygon\n|cant|p2a: Clefairy|frz\n|\n|-weather|Snow|[upkeep]\n|upkeep\n|c|☆je64|jesus\n|c|☆je64|im so sorry dude\n|\n|t:|1733608015\n|switch|p2b: Cloyster|Cloyster, F|83/242\n|turn|21\n|\n|t:|1733608026\n|switch|p1a: Dewgong|Dewgong, F|384/384\n|move|p2b: Cloyster|Protect|p2b: Cloyster\n|-singleturn|p2b: Cloyster|Protect\n|move|p1b: Buzz Lightyear|Electroweb|p2b: Cloyster|[spread] p2a\n|-activate|p2b: Cloyster|move: Protect\n|debug|Spread modifier: 0.75\n|-damage|p2a: Clefairy|20/344 frz\n|-unboost|p2a: Clefairy|spe|1\n|cant|p2a: Clefairy|frz\n|\n|-weather|none\n|upkeep\n|turn|22\n|c|☆mattmandaman|quite sad\n|\n|t:|1733608049\n|switch|p2b: Pikachu|Pikachu, M|211/211\n|move|p1a: Dewgong|Fake Out|p2b: Pikachu\n|debug|Friend Guard weaken\n|-damage|p2b: Pikachu|172/211\n|-status|p1a: Dewgong|par|[from] ability: Static|[of] p2b: Pikachu\n|move|p1b: Buzz Lightyear|Electroweb|p2b: Pikachu|[spread] p2a,p2b\n|debug|Spread modifier: 0.75\n|debug|Spread modifier: 0.75\n|-resisted|p2b: Pikachu\n|debug|Friend Guard weaken\n|-damage|p2a: Clefairy|0 fnt\n|-damage|p2b: Pikachu|143/211\n|-unboost|p2b: Pikachu|spe|1\n|faint|p2a: Clefairy\n|\n|upkeep\n|\n|t:|1733608064\n|switch|p2a: Cloyster|Cloyster, F|83/242\n|turn|23\n|\n|t:|1733608098\n|move|p1b: Buzz Lightyear|Protect|p1b: Buzz Lightyear\n|-singleturn|p1b: Buzz Lightyear|Protect\n|move|p2b: Pikachu|Fake Out|p1b: Buzz Lightyear\n|-activate|p1b: Buzz Lightyear|move: Protect\n|move|p2a: Cloyster|Shell Smash|p2a: Cloyster\n|-unboost|p2a: Cloyster|def|1\n|-unboost|p2a: Cloyster|spd|1\n|-boost|p2a: Cloyster|atk|2\n|-boost|p2a: Cloyster|spa|2\n|-boost|p2a: Cloyster|spe|2\n|move|p1a: Dewgong|Flip Turn|p2b: Pikachu\n|-damage|p2b: Pikachu|23/211\n|\n|t:|1733608109\n|switch|p1a: Articuno|Articuno|257/321|[from] Flip Turn\n|\n|upkeep\n|turn|24\n|\n|t:|1733608154\n|move|p2a: Cloyster|Icicle Spear|p1b: Buzz Lightyear\n|-damage|p1b: Buzz Lightyear|176/334\n|-damage|p1b: Buzz Lightyear|105/334\n|-damage|p1b: Buzz Lightyear|22/334\n|-damage|p1b: Buzz Lightyear|0 fnt\n|faint|p1b: Buzz Lightyear\n|-hitcount|p1: Buzz Lightyear|4\n|-damage|p2a: Cloyster|59/242|[from] item: Life Orb\n|move|p1a: Articuno|Freeze-Dry|p2a: Cloyster\n|-damage|p2a: Cloyster|0 fnt\n|faint|p2a: Cloyster\n|-damage|p1a: Articuno|225/321|[from] item: Life Orb\n|move|p2b: Pikachu|Volt Switch|p1a: Articuno\n|-supereffective|p1a: Articuno\n|-damage|p1a: Articuno|15/321\n|\n|upkeep\n|\n|t:|1733608169\n|switch|p1b: Dewgong|Dewgong, F|384/384 par\n|turn|25\n|c|☆mattmandaman|gg :(\n|\n|t:|1733608178\n|move|p2b: Pikachu|Protect|p2b: Pikachu\n|-singleturn|p2b: Pikachu|Protect\n|move|p1b: Dewgong|Fake Out|p2b: Pikachu\n|-activate|p2b: Pikachu|move: Protect\n|move|p1a: Articuno|Freeze-Dry|p2b: Pikachu\n|-activate|p2b: Pikachu|move: Protect\n|\n|upkeep\n|turn|26\n|c|☆je64|ggs\n|c|☆je64|im mean I could para here\n|\n|t:|1733608201\n|move|p1a: Articuno|Ice Beam|p2b: Pikachu\n|-damage|p2b: Pikachu|0 fnt\n|faint|p2b: Pikachu\n|-damage|p1a: Articuno|0 fnt|[from] item: Life Orb\n|faint|p1a: Articuno\n|\n|win|je64\n|c|☆je64|oh wait no im faster\n|c|☆mattmandaman|no my speed lowered\n|c|☆je64|nvm\n","uploadtime":1733608216,"views":"24","formatid":"gen9doublescustomgame","rating":null,"private":0,"password":null}