{"id":"gen9doublescustomgame-2078018148","format":"[Gen 9] Doubles Custom Game","players":["mistermoscow","noli_cannoli10"],"log":"|j|☆mistermoscow\n|j|☆noli_cannoli10\n|t:|1710104969\n|gametype|doubles\n|player|p1|mistermoscow|170|\n|player|p2|noli_cannoli10|2|\n|teamsize|p1|6\n|teamsize|p2|6\n|gen|9\n|tier|[Gen 9] Doubles Custom Game\n|clearpoke\n|poke|p1|Archaludon, M|\n|poke|p1|Landorus, M|\n|poke|p1|Iron Bundle|\n|poke|p1|Tapu Koko|\n|poke|p1|Chi-Yu|\n|poke|p1|Pelipper, M|\n|poke|p2|Magearna|\n|poke|p2|Camerupt, M|\n|poke|p2|Hatterene, F|\n|poke|p2|Torkoal, F|\n|poke|p2|Celesteela|\n|poke|p2|Melmetal|\n|teampreview\n|j| Mango Meloetta\n|j| mattmandaman\n|c| Mango Meloetta|STEEL TEAM LETS GO\n|\n|t:|1710105055\n|start\n|switch|p1a: Jonathan|Pelipper, M|301/301\n|switch|p1b: God|Landorus, M|319/319\n|switch|p2a: yup|Hatterene, F|318/318\n|switch|p2b: Fire squirtle|Torkoal, F|344/344\n|-weather|RainDance|[from] ability: Drizzle|[of] p1a: Jonathan\n|-weather|SunnyDay|[from] ability: Drought|[of] p2b: Fire squirtle\n|turn|1\n|\n|t:|1710105078\n|switch|p1a: Poot|Chi-Yu|252/252\n|-ability|p1a: Poot|Beads of Ruin\n|move|p1b: God|Earth Power|p2b: Fire squirtle\n|debug|Beads of Ruin SpD drop\n|-supereffective|p2b: Fire squirtle\n|-damage|p2b: Fire squirtle|0 fnt\n|faint|p2b: Fire squirtle\n|-damage|p1b: God|288/319|[from] item: Life Orb\n|move|p2a: yup|Trick Room|p2a: yup\n|-fieldstart|move: Trick Room|[of] p2a: yup\n|\n|-weather|SunnyDay|[upkeep]\n|upkeep\n|\n|t:|1710105092\n|switch|p2b: Spicy Camel|Camerupt, M|344/344\n|turn|2\n|\n|t:|1710105113\n|switch|p1a: Jonathan|Pelipper, M|301/301\n|-weather|RainDance|[from] ability: Drizzle|[of] p1a: Jonathan\n|detailschange|p2b: Spicy Camel|Camerupt-Mega, M\n|-mega|p2b: Spicy Camel|Camerupt|Cameruptite\n|move|p2b: Spicy Camel|Stealth Rock|p1b: God\n|-sidestart|p1: mistermoscow|move: Stealth Rock\n|move|p2a: yup|Dazzling Gleam|p1a: Jonathan|[spread] p1a,p1b\n|debug|Spread modifier: 0.75\n|debug|Spread modifier: 0.75\n|-damage|p1a: Jonathan|174/301\n|-damage|p1b: God|132/319\n|move|p1b: God|Sandsear Storm|p2a: yup|[spread] p2a,p2b\n|debug|Spread modifier: 0.75\n|debug|Spread modifier: 0.75\n|-supereffective|p2b: Spicy Camel\n|-damage|p2a: yup|162/318\n|-damage|p2b: Spicy Camel|37/344\n|-damage|p1b: God|101/319|[from] item: Life Orb\n|\n|-weather|RainDance|[upkeep]\n|upkeep\n|turn|3\n|j| Smokeydabearrr\n|\n|t:|1710105161\n|switch|p2b: New pimp hands|Melmetal|474/474\n|move|p1a: Jonathan|Wide Guard|p1a: Jonathan\n|-singleturn|p1a: Jonathan|Wide Guard\n|move|p2a: yup|Dazzling Gleam|p1b: God|[spread] \n|-activate|p1a: Jonathan|move: Wide Guard\n|-activate|p1b: God|move: Wide Guard\n|move|p1b: God|Sandsear Storm|p2a: yup|[spread] p2a,p2b\n|debug|Spread modifier: 0.75\n|debug|Spread modifier: 0.75\n|-supereffective|p2b: New pimp hands\n|-crit|p2b: New pimp hands\n|-damage|p2a: yup|9/318\n|-damage|p2b: New pimp hands|11/474\n|-status|p2a: yup|brn\n|-damage|p1b: God|70/319|[from] item: Life Orb\n|\n|-weather|RainDance|[upkeep]\n|-damage|p2a: yup|0 fnt|[from] brn\n|faint|p2a: yup\n|upkeep\n|\n|t:|1710105179\n|switch|p2a: Steely Dan|Celesteela|397/397\n|turn|4\n|\n|t:|1710105223\n|switch|p1a: Archie|Archaludon, M|384/384\n|-damage|p1a: Archie|360/384|[from] Stealth Rock\n|move|p1b: God|Protect|p1b: God\n|-singleturn|p1b: God|Protect\n|move|p2b: New pimp hands|Double Iron Bash|p1a: Archie\n|debug|Iron Fist boost\n|-resisted|p1a: Archie\n|-damage|p1a: Archie|298/384\n|-ability|p1a: Archie|Stamina|boost\n|-boost|p1a: Archie|def|1\n|debug|Iron Fist boost\n|-resisted|p1a: Archie\n|-damage|p1a: Archie|260/384\n|-ability|p1a: Archie|Stamina|boost\n|-boost|p1a: Archie|def|1\n|-hitcount|p1a: Archie|2\n|move|p2a: Steely Dan|Heavy Slam|p1b: God\n|-activate|p1b: God|move: Protect\n|\n|-weather|RainDance|[upkeep]\n|upkeep\n|turn|5\n|\n|t:|1710105268\n|switch|p1b: Jonathan|Pelipper, M|174/301\n|-damage|p1b: Jonathan|99/301|[from] Stealth Rock\n|move|p2a: Steely Dan|Wide Guard|p2a: Steely Dan\n|-singleturn|p2a: Steely Dan|Wide Guard\n|move|p2b: New pimp hands|Superpower|p1a: Archie\n|-supereffective|p1a: Archie\n|-damage|p1a: Archie|132/384\n|-unboost|p2b: New pimp hands|atk|1\n|-unboost|p2b: New pimp hands|def|1\n|-ability|p1a: Archie|Stamina|boost\n|-boost|p1a: Archie|def|1\n|move|p1a: Archie|Electro Shot||[still]\n|-prepare|p1a: Archie|Electro Shot\n|-boost|p1a: Archie|spa|1\n|-anim|p1a: Archie|Electro Shot|p2a: Steely Dan\n|-supereffective|p2a: Steely Dan\n|-damage|p2a: Steely Dan|95/397\n|\n|-weather|RainDance|[upkeep]\n|-fieldend|move: Trick Room\n|upkeep\n|turn|6\n|\n|t:|1710105301\n|move|p1b: Jonathan|Tailwind|p1b: Jonathan\n|-sidestart|p1: mistermoscow|move: Tailwind\n|move|p1a: Archie|Electro Shot||[still]\n|-prepare|p1a: Archie|Electro Shot\n|-boost|p1a: Archie|spa|1\n|-anim|p1a: Archie|Electro Shot|p2b: New pimp hands\n|-damage|p2b: New pimp hands|0 fnt\n|faint|p2b: New pimp hands\n|move|p2a: Steely Dan|Heavy Slam|p1a: Archie\n|debug|BP: 120\n|-resisted|p1a: Archie\n|-damage|p1a: Archie|107/384\n|-ability|p1a: Archie|Stamina|boost\n|-boost|p1a: Archie|def|1\n|\n|-weather|RainDance|[upkeep]\n|upkeep\n|\n|t:|1710105313\n|switch|p2b: Metal Gyatt|Magearna|364/364\n|turn|7\n|\n|t:|1710105343\n|switch|p1b: Static|Tapu Koko|281/281\n|-damage|p1b: Static|246/281|[from] Stealth Rock\n|-fieldstart|move: Electric Terrain|[from] ability: Electric Surge|[of] p1b: Static\n|move|p1a: Archie|Electro Shot||[still]\n|-prepare|p1a: Archie|Electro Shot\n|-boost|p1a: Archie|spa|1\n|-anim|p1a: Archie|Electro Shot|p2b: Metal Gyatt\n|debug|electric terrain boost\n|-damage|p2b: Metal Gyatt|24/364\n|move|p2a: Steely Dan|Flamethrower|p1a: Archie\n|debug|rain fire suppress\n|-damage|p1a: Archie|82/384\n|-ability|p1a: Archie|Stamina|boost\n|-boost|p1a: Archie|def|1\n|move|p2b: Metal Gyatt|Trick Room|p2b: Metal Gyatt\n|-fieldstart|move: Trick Room|[of] p2b: Metal Gyatt\n|\n|-weather|RainDance|[upkeep]\n|-heal|p2b: Metal Gyatt|46/364|[from] item: Leftovers\n|upkeep\n|turn|8\n|j| je64\n|\n|t:|1710105378\n|move|p2a: Steely Dan|Flamethrower|p1b: Static\n|debug|rain fire suppress\n|-damage|p1b: Static|197/281\n|move|p2b: Metal Gyatt|Fleur Cannon|p1a: Archie\n|-damage|p1a: Archie|0 fnt\n|-unboost|p2b: Metal Gyatt|spa|2\n|faint|p1a: Archie\n|-ability|p2b: Metal Gyatt|Soul-Heart|boost\n|-boost|p2b: Metal Gyatt|spa|1\n|move|p1b: Static|Volt Switch|p2a: Steely Dan\n|debug|electric terrain boost\n|-supereffective|p2a: Steely Dan\n|-damage|p2a: Steely Dan|0 fnt\n|faint|p2a: Steely Dan\n|-ability|p2b: Metal Gyatt|Soul-Heart|boost\n|-boost|p2b: Metal Gyatt|spa|1\n|\n|t:|1710105397\n|switch|p1b: Jonathan|Pelipper, M|99/301|[from] Volt Switch\n|-damage|p1b: Jonathan|24/301|[from] Stealth Rock\n|\n|-weather|RainDance|[upkeep]\n|-heal|p2b: Metal Gyatt|68/364|[from] item: Leftovers\n|upkeep\n|\n|t:|1710105409\n|switch|p2a: Spicy Camel|Camerupt-Mega, M|37/344\n|switch|p1a: Static|Tapu Koko|197/281\n|-damage|p1a: Static|162/281|[from] Stealth Rock\n|turn|9\n|\n|t:|1710105456\n|move|p1b: Jonathan|Wide Guard|p1b: Jonathan\n|-singleturn|p1b: Jonathan|Wide Guard\n|move|p2a: Spicy Camel|Earth Power|p1b: Jonathan\n|-immune|p1b: Jonathan\n|move|p2b: Metal Gyatt|Flash Cannon|p1a: Static\n|-damage|p1a: Static|0 fnt\n|faint|p1a: Static\n|-ability|p2b: Metal Gyatt|Soul-Heart|boost\n|-boost|p2b: Metal Gyatt|spa|1\n|\n|-weather|none\n|-heal|p2b: Metal Gyatt|90/364|[from] item: Leftovers\n|-sideend|p1: mistermoscow|move: Tailwind\n|upkeep\n|\n|t:|1710105471\n|switch|p1a: Poot|Chi-Yu|252/252\n|-damage|p1a: Poot|189/252|[from] Stealth Rock\n|-ability|p1a: Poot|Beads of Ruin\n|turn|10\n|\n|t:|1710105515\n|move|p2a: Spicy Camel|Earth Power|p1a: Poot\n|-supereffective|p1a: Poot\n|-damage|p1a: Poot|0 fnt\n|faint|p1a: Poot\n|-ability|p2b: Metal Gyatt|Soul-Heart|boost\n|-boost|p2b: Metal Gyatt|spa|1\n|move|p2b: Metal Gyatt|Fleur Cannon|p1b: Jonathan\n|-crit|p1b: Jonathan\n|-damage|p1b: Jonathan|0 fnt\n|-unboost|p2b: Metal Gyatt|spa|2\n|faint|p1b: Jonathan\n|-ability|p2b: Metal Gyatt|Soul-Heart|boost\n|-boost|p2b: Metal Gyatt|spa|1\n|\n|-heal|p2b: Metal Gyatt|112/364|[from] item: Leftovers\n|upkeep\n|\n|t:|1710105531\n|switch|p1b: God|Landorus, M|70/319\n|switch|p1a: Robot Santa|Iron Bundle|253/253\n|-damage|p1b: God|31/319|[from] Stealth Rock\n|-damage|p1a: Robot Santa|190/253|[from] Stealth Rock\n|-activate|p1a: Robot Santa|ability: Quark Drive\n|-start|p1a: Robot Santa|quarkdrivespe\n|turn|11\n|c| Smokeydabearrr|Get him Noli!!\n|debug|Quark Drive spe boost\n|debug|Quark Drive spe boost\n|\n|t:|1710105569\n|debug|Quark Drive spe boost\n|debug|Quark Drive spe boost\n|move|p1b: God|Protect|p1b: God\n|-singleturn|p1b: God|Protect\n|debug|Quark Drive spe boost\n|debug|Quark Drive spe boost\n|move|p1a: Robot Santa|Protect|p1a: Robot Santa\n|-singleturn|p1a: Robot Santa|Protect\n|debug|Quark Drive spe boost\n|move|p2a: Spicy Camel|Fire Blast|p1a: Robot Santa\n|-activate|p1a: Robot Santa|move: Protect\n|debug|Quark Drive spe boost\n|move|p2b: Metal Gyatt|Flash Cannon|p1b: God\n|-activate|p1b: God|move: Protect\n|\n|debug|Quark Drive spe boost\n|-heal|p2b: Metal Gyatt|134/364|[from] item: Leftovers\n|-fieldend|move: Trick Room\n|-fieldend|move: Electric Terrain\n|-end|p1a: Robot Santa|Quark Drive\n|upkeep\n|turn|12\n|\n|t:|1710105603\n|move|p1a: Robot Santa|Freeze-Dry|p2a: Spicy Camel\n|-crit|p2a: Spicy Camel\n|-damage|p2a: Spicy Camel|0 fnt\n|faint|p2a: Spicy Camel\n|-ability|p2b: Metal Gyatt|Soul-Heart|boost\n|-boost|p2b: Metal Gyatt|spa|1\n|move|p1b: God|Earth Power|p2b: Metal Gyatt\n|-supereffective|p2b: Metal Gyatt\n|-damage|p2b: Metal Gyatt|0 fnt\n|faint|p2b: Metal Gyatt\n|-damage|p1b: God|0 fnt|[from] item: Life Orb\n|faint|p1b: God\n|\n|win|mistermoscow\n|l|☆noli_cannoli10\n|player|p2|\n|l| mattmandaman\n|l| je64\n|c| Smokeydabearrr|Ggs close one\n","uploadtime":1710105617,"views":"36","formatid":"gen9doublescustomgame","rating":null,"private":0,"password":null}