{"id":"gen9doublescustomgame-2359134356","format":"[Gen 9] Doubles Custom Game","players":["mistermoscow","Mattmandaman"],"log":"|j|☆mistermoscow\n|j|☆Mattmandaman\n|t:|1746650036\n|gametype|doubles\n|player|p1|mistermoscow|alder|\n|player|p2|Mattmandaman|giovanni|\n|teamsize|p1|6\n|teamsize|p2|6\n|gen|9\n|tier|[Gen 9] Doubles Custom Game\n|clearpoke\n|poke|p1|Nidoking, M|\n|poke|p1|Primeape, M|\n|poke|p1|Dewgong, M|\n|poke|p1|Mr. Mime, M|\n|poke|p1|Jolteon, M|\n|poke|p1|Dragonite, M|\n|poke|p2|Rhydon, F|\n|poke|p2|Starmie|\n|poke|p2|Gengar, F|\n|poke|p2|Nidoking, M|\n|poke|p2|Muk, M|\n|poke|p2|Cloyster, M|\n|teampreview\n|\n|t:|1746650090\n|start\n|switch|p1a: Dewey|Dewgong, M|384/384\n|switch|p1b: Sparky|Jolteon, M|271/271\n|switch|p2a: Gengar|Gengar, F|262/262\n|switch|p2b: Rhydon|Rhydon, F|414/414\n|turn|1\n|\n|t:|1746650126\n|move|p1b: Sparky|Reflect|p1b: Sparky\n|-sidestart|p1: mistermoscow|Reflect\n|move|p2a: Gengar|Will-O-Wisp|p1a: Dewey\n|-status|p1a: Dewey|brn\n|move|p1a: Dewey|Triple Axel|p2a: Gengar\n|-damage|p2a: Gengar|241/262\n|-start|p1a: Dewey|Disable|Triple Axel|[from] ability: Cursed Body|[of] p2a: Gengar\n|-damage|p2a: Gengar|199/262\n|-damage|p2a: Gengar|142/262\n|-hitcount|p2a: Gengar|3\n|move|p2b: Rhydon|Stealth Rock|p1a: Dewey\n|-sidestart|p1: mistermoscow|move: Stealth Rock\n|\n|-damage|p1a: Dewey|360/384 brn|[from] brn\n|upkeep\n|turn|2\n|j| azuseal\n|l| azuseal\n|\n|t:|1746650146\n|switch|p2a: Muk|Muk, M|414/414\n|move|p1b: Sparky|Light Screen|p1b: Sparky\n|-sidestart|p1: mistermoscow|move: Light Screen\n|move|p1a: Dewey|Knock Off|p2a: Muk\n|-crit|p2a: Muk\n|-damage|p2a: Muk|341/414\n|-enditem|p2a: Muk|Black Sludge|[from] move: Knock Off|[of] p1a: Dewey\n|move|p2b: Rhydon|Rock Slide|p1a: Dewey|[spread] p1b\n|-miss|p2b: Rhydon|p1a: Dewey\n|debug|Spread modifier: 0.75\n|debug|Reflect weaken\n|-damage|p1b: Sparky|185/271\n|\n|-damage|p1a: Dewey|336/384 brn|[from] brn\n|upkeep\n|turn|3\n|\n|t:|1746650167\n|move|p1b: Sparky|Shadow Ball|p2a: Muk\n|-damage|p2a: Muk|251/414\n|move|p1a: Dewey|Knock Off|p2b: Rhydon\n|-damage|p2b: Rhydon|392/414\n|-enditem|p2b: Rhydon|Eviolite|[from] move: Knock Off|[of] p1a: Dewey\n|move|p2a: Muk|Poison Jab|p1b: Sparky\n|debug|Reflect weaken\n|-damage|p1b: Sparky|53/271\n|move|p2b: Rhydon|Rock Slide|p1b: Sparky|[spread] p1a,p1b\n|debug|Spread modifier: 0.75\n|-supereffective|p1a: Dewey\n|debug|Reflect weaken\n|debug|Spread modifier: 0.75\n|debug|Reflect weaken\n|-damage|p1a: Dewey|187/384 brn\n|-damage|p1b: Sparky|0 fnt\n|debug|Covert Cloak prevent secondary\n|debug|move failed because it did nothing\n|faint|p1b: Sparky\n|\n|-damage|p1a: Dewey|163/384 brn|[from] brn\n|upkeep\n|\n|t:|1746650194\n|switch|p1b: King Nido|Nidoking, M|303/303\n|-damage|p1b: King Nido|285/303|[from] Stealth Rock\n|turn|4\n|\n|t:|1746650245\n|move|p1b: King Nido|Earth Power|p2a: Muk\n|-supereffective|p2a: Muk\n|-damage|p2a: Muk|0 fnt\n|faint|p2a: Muk\n|move|p1a: Dewey|Flip Turn|p2b: Rhydon\n|-supereffective|p2b: Rhydon\n|-damage|p2b: Rhydon|266/414\n|\n|t:|1746650252\n|switch|p1a: Apollo|Primeape, M|334/334|[from] Flip Turn\n|-damage|p1a: Apollo|314/334|[from] Stealth Rock\n|move|p2b: Rhydon|High Horsepower|p1b: King Nido\n|-supereffective|p1b: King Nido\n|-crit|p1b: King Nido\n|-damage|p1b: King Nido|0 fnt\n|faint|p1b: King Nido\n|\n|upkeep\n|\n|t:|1746650275\n|switch|p1b: Mimsy|Mr. Mime, M|221/221\n|switch|p2a: Starmie|Starmie|262/262\n|-damage|p1b: Mimsy|194/221|[from] Stealth Rock\n|turn|5\n|\n|t:|1746650306\n|move|p1b: Mimsy|Fake Out|p2a: Starmie\n|-damage|p2a: Starmie|245/262\n|cant|p2a: Starmie|flinch\n|move|p1a: Apollo|Rage Fist|p2a: Starmie\n|-supereffective|p2a: Starmie\n|-damage|p2a: Starmie|157/262\n|move|p2b: Rhydon|High Horsepower|p1b: Mimsy\n|debug|Reflect weaken\n|-damage|p1b: Mimsy|89/221\n|\n|-heal|p1b: Mimsy|102/221|[from] item: Leftovers\n|upkeep\n|turn|6\n|\n|t:|1746650339\n|move|p1b: Mimsy|Follow Me|p1b: Mimsy\n|-singleturn|p1b: Mimsy|move: Follow Me\n|move|p2a: Starmie|Scald|p1b: Mimsy\n|debug|Follow Me redirected target of move\n|debug|Light Screen weaken\n|-damage|p1b: Mimsy|30/221\n|move|p1a: Apollo|Bulk Up|p1a: Apollo\n|-boost|p1a: Apollo|atk|1\n|-boost|p1a: Apollo|def|1\n|move|p2b: Rhydon|High Horsepower|p1b: Mimsy\n|debug|Follow Me redirected target of move\n|debug|Reflect weaken\n|-damage|p1b: Mimsy|0 fnt\n|faint|p1b: Mimsy\n|\n|upkeep\n|\n|t:|1746650380\n|switch|p1b: Puff Daddy|Dragonite, M|355/355\n|-damage|p1b: Puff Daddy|267/355|[from] Stealth Rock\n|turn|7\n|\n|t:|1746650393\n|move|p1a: Apollo|Protect|p1a: Apollo\n|-singleturn|p1a: Apollo|Protect\n|move|p1b: Puff Daddy|Extreme Speed|p2a: Starmie\n|-damage|p2a: Starmie|42/262\n|move|p2a: Starmie|Psychic|p1a: Apollo\n|-activate|p1a: Apollo|move: Protect\n|move|p2b: Rhydon|Rock Slide|p1a: Apollo|[spread] p1b\n|-activate|p1a: Apollo|move: Protect\n|debug|Spread modifier: 0.75\n|-supereffective|p1b: Puff Daddy\n|debug|Reflect weaken\n|-damage|p1b: Puff Daddy|147/355\n|\n|upkeep\n|turn|8\n|\n|t:|1746650425\n|switch|p2a: Cloyster|Cloyster, M|242/242\n|move|p1b: Puff Daddy|Dragon Dance|p1b: Puff Daddy\n|-boost|p1b: Puff Daddy|atk|1\n|-boost|p1b: Puff Daddy|spe|1\n|move|p1a: Apollo|Drain Punch|p2b: Rhydon\n|-supereffective|p2b: Rhydon\n|-damage|p2b: Rhydon|20/414\n|-heal|p1a: Apollo|334/334|[from] drain|[of] p2b: Rhydon\n|move|p2b: Rhydon|Rock Slide|p1b: Puff Daddy|[spread] p1a,p1b\n|debug|Spread modifier: 0.75\n|-resisted|p1a: Apollo\n|debug|Reflect weaken\n|debug|Spread modifier: 0.75\n|-supereffective|p1b: Puff Daddy\n|debug|Reflect weaken\n|-damage|p1a: Apollo|315/334\n|-damage|p1b: Puff Daddy|30/355\n|\n|-sideend|p1: mistermoscow|Reflect\n|upkeep\n|turn|9\n|\n|t:|1746650471\n|move|p2a: Cloyster|Icicle Spear|p1b: Puff Daddy\n|-supereffective|p1b: Puff Daddy\n|-damage|p1b: Puff Daddy|0 fnt\n|faint|p1b: Puff Daddy\n|-hitcount|p1: Puff Daddy|1\n|move|p1a: Apollo|Bulk Up|p1a: Apollo\n|-boost|p1a: Apollo|atk|1\n|-boost|p1a: Apollo|def|1\n|move|p2b: Rhydon|High Horsepower|p1a: Apollo\n|-damage|p1a: Apollo|243/334\n|\n|-sideend|p1: mistermoscow|move: Light Screen\n|upkeep\n|\n|t:|1746650482\n|switch|p1b: Dewey|Dewgong, M|163/384 brn\n|-damage|p1b: Dewey|67/384 brn|[from] Stealth Rock\n|turn|10\n|\n|t:|1746650494\n|move|p1b: Dewey|Fake Out|p2a: Cloyster\n|-damage|p2a: Cloyster|231/242\n|cant|p2a: Cloyster|flinch\n|move|p1a: Apollo|Bulk Up|p1a: Apollo\n|-boost|p1a: Apollo|atk|1\n|-boost|p1a: Apollo|def|1\n|move|p2b: Rhydon|High Horsepower|p1b: Dewey\n|-damage|p1b: Dewey|0 fnt\n|faint|p1b: Dewey\n|\n|upkeep\n|turn|11\n|\n|t:|1746650509\n|move|p2a: Cloyster|Icicle Spear|p1a: Apollo\n|-damage|p1a: Apollo|227/334\n|-damage|p1a: Apollo|211/334\n|-damage|p1a: Apollo|193/334\n|debug|Negating (sp)def boost/penalty.\n|-crit|p1a: Apollo\n|-damage|p1a: Apollo|130/334\n|-damage|p1a: Apollo|114/334\n|-hitcount|p1a: Apollo|5\n|move|p1a: Apollo|Rage Fist|p2a: Cloyster\n|-damage|p2a: Cloyster|0 fnt\n|faint|p2a: Cloyster\n|move|p2b: Rhydon|High Horsepower|p1a: Apollo\n|-damage|p1a: Apollo|48/334\n|\n|upkeep\n|\n|t:|1746650531\n|switch|p2a: Gengar|Gengar, F|142/262\n|turn|12\n|\n|t:|1746650543\n|move|p2a: Gengar|Psychic|p1a: Apollo\n|-supereffective|p1a: Apollo\n|-damage|p1a: Apollo|0 fnt\n|faint|p1a: Apollo\n|\n|win|Mattmandaman\n","uploadtime":1746650547,"views":"12","formatid":"gen9doublescustomgame","rating":null,"private":0,"password":null}