{"id":"gen9doublescustomgame-2116672072","format":"[Gen 9] Doubles Custom Game","players":["mattmandaman","noli_cannoli10"],"log":"|j|☆mattmandaman\n|j|☆noli_cannoli10\n|t:|1714700726\n|gametype|doubles\n|player|p1|mattmandaman|giovanni|\n|player|p2|noli_cannoli10|170|\n|teamsize|p1|6\n|teamsize|p2|6\n|gen|9\n|tier|[Gen 9] Doubles Custom Game\n|clearpoke\n|poke|p1|Kommo-o, M|\n|poke|p1|Grimmsnarl, M|\n|poke|p1|Marshadow|\n|poke|p1|Ting-Lu|\n|poke|p1|Volcanion|\n|poke|p1|Kangaskhan, F|\n|poke|p2|Smeargle, M|\n|poke|p2|Metagross|\n|poke|p2|Volcarona, F|\n|poke|p2|Magearna|\n|poke|p2|Urshifu-*, M|\n|poke|p2|Annihilape, M|\n|teampreview\n|j| mistermoscow\n|inactive|Battle timer is ON: inactive players will automatically lose when time's up. (requested by noli_cannoli10)\n|inactiveoff|Battle timer is now OFF.\n|\n|t:|1714700776\n|start\n|switch|p1a: Kangaskhan|Kangaskhan, F|414/414\n|switch|p1b: Ting-Lu|Ting-Lu|497/497\n|switch|p2a: smearin' deez|Smeargle, M|314/314\n|switch|p2b: Facebook Eww|Metagross|301/301\n|-ability|p1b: Ting-Lu|Vessel of Ruin\n|turn|1\n|j| smokeydabearrr\n|\n|t:|1714700833\n|detailschange|p2b: Facebook Eww|Metagross-Mega\n|-mega|p2b: Facebook Eww|Metagross|Metagrossite\n|detailschange|p1a: Kangaskhan|Kangaskhan-Mega, F\n|-mega|p1a: Kangaskhan|Kangaskhan|Kangaskhanite\n|move|p2a: smearin' deez|Fake Out|p1b: Ting-Lu\n|-damage|p1b: Ting-Lu|487/497\n|move|p2b: Facebook Eww|Iron Head|p1a: Kangaskhan\n|-damage|p1a: Kangaskhan|221/414\n|move|p1a: Kangaskhan|Return|p2a: smearin' deez\n|-enditem|p2a: smearin' deez|Focus Sash\n|-damage|p2a: smearin' deez|1/314\n|debug|Parental Bond modifier: 0.25\n|-damage|p2a: smearin' deez|0 fnt\n|faint|p2a: smearin' deez\n|-hitcount|p2: smearin' deez|2\n|cant|p1b: Ting-Lu|flinch\n|\n|-heal|p1b: Ting-Lu|497/497|[from] item: Leftovers\n|upkeep\n|\n|t:|1714700856\n|switch|p2a: Usher Foo|Urshifu-Rapid-Strike, M|341/341\n|turn|2\n|j| Mango Meloetta\n|\n|t:|1714700917\n|move|p1a: Kangaskhan|Sucker Punch|p2b: Facebook Eww\n|-supereffective|p2b: Facebook Eww\n|-damage|p2b: Facebook Eww|165/301\n|debug|Parental Bond modifier: 0.25\n|-supereffective|p2b: Facebook Eww\n|-damage|p2b: Facebook Eww|135/301\n|-hitcount|p2b: Facebook Eww|2\n|move|p2a: Usher Foo|Surging Strikes|p1b: Ting-Lu\n|-supereffective|p1b: Ting-Lu\n|-crit|p1b: Ting-Lu\n|-damage|p1b: Ting-Lu|383/497\n|-supereffective|p1b: Ting-Lu\n|-crit|p1b: Ting-Lu\n|-damage|p1b: Ting-Lu|269/497\n|-supereffective|p1b: Ting-Lu\n|-crit|p1b: Ting-Lu\n|-damage|p1b: Ting-Lu|165/497\n|-hitcount|p1b: Ting-Lu|3\n|move|p2b: Facebook Eww|Zen Headbutt|p1a: Kangaskhan\n|-damage|p1a: Kangaskhan|31/414\n|move|p1b: Ting-Lu|Stomping Tantrum|p2b: Facebook Eww\n|debug|doubling Stomping Tantrum BP due to previous move failure\n|-supereffective|p2b: Facebook Eww\n|-damage|p2b: Facebook Eww|0 fnt\n|faint|p2b: Facebook Eww\n|\n|-heal|p1b: Ting-Lu|196/497|[from] item: Leftovers\n|upkeep\n|\n|t:|1714700936\n|switch|p2b: Metal Gyatt|Magearna|364/364\n|turn|3\n|\n|t:|1714700951\n|switch|p1b: Volcanion|Volcanion|364/364\n|-item|p1b: Volcanion|Air Balloon\n|move|p2a: Usher Foo|Surging Strikes|p1b: Volcanion\n|-immune|p1b: Volcanion|[from] ability: Water Absorb\n|move|p1a: Kangaskhan|Return|p2a: Usher Foo\n|-damage|p2a: Usher Foo|163/341\n|debug|Parental Bond modifier: 0.25\n|-crit|p2a: Usher Foo\n|-damage|p2a: Usher Foo|91/341\n|-hitcount|p2a: Usher Foo|2\n|move|p2b: Metal Gyatt|Dazzling Gleam|p1b: Volcanion|[spread] p1a,p1b\n|debug|Spread modifier: 0.75\n|debug|Spread modifier: 0.75\n|-resisted|p1b: Volcanion\n|-damage|p1a: Kangaskhan|0 fnt\n|-damage|p1b: Volcanion|306/364\n|-enditem|p1b: Volcanion|Air Balloon\n|faint|p1a: Kangaskhan\n|-ability|p2b: Metal Gyatt|Soul-Heart|boost\n|-boost|p2b: Metal Gyatt|spa|1\n|\n|upkeep\n|\n|t:|1714700977\n|switch|p1a: Grimmsnarl|Grimmsnarl, M|394/394\n|turn|4\n|\n|t:|1714700987\n|switch|p2a: Butterfree?!|Volcarona, F|374/374\n|move|p1a: Grimmsnarl|Light Screen|p1a: Grimmsnarl\n|-sidestart|p1: mattmandaman|move: Light Screen\n|move|p2b: Metal Gyatt|Dazzling Gleam|p1a: Grimmsnarl|[spread] p1a,p1b\n|debug|Spread modifier: 0.75\n|-supereffective|p1a: Grimmsnarl\n|debug|Light Screen weaken\n|debug|Spread modifier: 0.75\n|-resisted|p1b: Volcanion\n|debug|Light Screen weaken\n|-damage|p1a: Grimmsnarl|209/394\n|-damage|p1b: Volcanion|253/364\n|move|p1b: Volcanion|Heat Wave|p2a: Butterfree?!|[spread] p2a,p2b\n|debug|Spread modifier: 0.75\n|debug|Spread modifier: 0.75\n|-supereffective|p2b: Metal Gyatt\n|-damage|p2a: Butterfree?!|244/374\n|-damage|p2b: Metal Gyatt|122/364\n|\n|-heal|p2a: Butterfree?!|267/374|[from] item: Leftovers\n|upkeep\n|turn|5\n|\n|t:|1714701009\n|move|p1a: Grimmsnarl|Parting Shot|p2a: Butterfree?!\n|-unboost|p2a: Butterfree?!|atk|1\n|-unboost|p2a: Butterfree?!|spa|1\n|\n|t:|1714701019\n|switch|p1a: Ting-Lu|Ting-Lu|196/497|[from] Parting Shot\n|-ability|p1a: Ting-Lu|Vessel of Ruin\n|move|p2a: Butterfree?!|Quiver Dance|p2a: Butterfree?!\n|-boost|p2a: Butterfree?!|spa|1\n|-boost|p2a: Butterfree?!|spd|1\n|-boost|p2a: Butterfree?!|spe|1\n|move|p2b: Metal Gyatt|Dazzling Gleam|p1a: Ting-Lu|[spread] p1a,p1b\n|debug|Vessel of Ruin SpA drop\n|debug|Spread modifier: 0.75\n|-supereffective|p1a: Ting-Lu\n|debug|Light Screen weaken\n|debug|Vessel of Ruin SpA drop\n|debug|Spread modifier: 0.75\n|-resisted|p1b: Volcanion\n|debug|Light Screen weaken\n|-damage|p1a: Ting-Lu|68/497\n|-damage|p1b: Volcanion|209/364\n|move|p1b: Volcanion|Heat Wave|p2a: Butterfree?!|[spread] p2a,p2b\n|debug|Vessel of Ruin SpA drop\n|debug|Spread modifier: 0.75\n|debug|Vessel of Ruin SpA drop\n|debug|Spread modifier: 0.75\n|-supereffective|p2b: Metal Gyatt\n|-damage|p2a: Butterfree?!|204/374\n|-damage|p2b: Metal Gyatt|0 fnt\n|faint|p2b: Metal Gyatt\n|\n|-heal|p2a: Butterfree?!|227/374|[from] item: Leftovers\n|-heal|p1a: Ting-Lu|99/497|[from] item: Leftovers\n|upkeep\n|l| mistermoscow\n|\n|t:|1714701039\n|switch|p2b: Usher Foo|Urshifu-Rapid-Strike, M|91/341\n|turn|6\n|j| mistermoscow\n|\n|t:|1714701075\n|move|p2b: Usher Foo|Close Combat|p1b: Volcanion\n|-damage|p1b: Volcanion|10/364\n|-unboost|p2b: Usher Foo|def|1\n|-unboost|p2b: Usher Foo|spd|1\n|move|p2a: Butterfree?!|Heat Wave|p1b: Volcanion|[spread] p1a,p1b\n|debug|Vessel of Ruin SpA drop\n|debug|Spread modifier: 0.75\n|debug|Light Screen weaken\n|debug|Vessel of Ruin SpA drop\n|debug|Spread modifier: 0.75\n|-resisted|p1b: Volcanion\n|debug|Light Screen weaken\n|-damage|p1a: Ting-Lu|53/497\n|-damage|p1b: Volcanion|0 fnt\n|faint|p1b: Volcanion\n|move|p1a: Ting-Lu|Stomping Tantrum|p2a: Butterfree?!\n|-damage|p2a: Butterfree?!|133/374\n|\n|-heal|p2a: Butterfree?!|156/374|[from] item: Leftovers\n|-heal|p1a: Ting-Lu|84/497|[from] item: Leftovers\n|upkeep\n|c| smokeydabearrr|kill him nolan!!\n|\n|t:|1714701102\n|switch|p1b: Marshadow|Marshadow|384/384\n|turn|7\n|\n|t:|1714701121\n|switch|p2b: Tickle Me Elmo|Annihilape, M|423/423\n|move|p1b: Marshadow|Shadow Sneak|p2b: Tickle Me Elmo\n|debug|Base Power: 40\n|debug|Technician boost\n|-supereffective|p2b: Tickle Me Elmo\n|-damage|p2b: Tickle Me Elmo|129/423\n|move|p2a: Butterfree?!|Heat Wave|p1b: Marshadow|[spread] p1a,p1b\n|debug|Vessel of Ruin SpA drop\n|debug|Spread modifier: 0.75\n|debug|Light Screen weaken\n|debug|Vessel of Ruin SpA drop\n|debug|Spread modifier: 0.75\n|-crit|p1b: Marshadow\n|-damage|p1a: Ting-Lu|37/497\n|-damage|p1b: Marshadow|297/384\n|move|p1a: Ting-Lu|Throat Chop|p2a: Butterfree?!\n|-damage|p2a: Butterfree?!|62/374\n|-start|p2a: Butterfree?!|Throat Chop|[silent]\n|\n|-heal|p2a: Butterfree?!|85/374|[from] item: Leftovers\n|-heal|p1a: Ting-Lu|68/497|[from] item: Leftovers\n|upkeep\n|turn|8\n|c|☆noli_cannoli10|he's cheating\n|\n|t:|1714701186\n|-terastallize|p2b: Tickle Me Elmo|Fire\n|move|p1b: Marshadow|Shadow Sneak|p2b: Tickle Me Elmo\n|debug|Base Power: 40\n|debug|Technician boost\n|-damage|p2b: Tickle Me Elmo|0 fnt\n|faint|p2b: Tickle Me Elmo\n|move|p2a: Butterfree?!|Heat Wave|p1b: Marshadow|[spread] p1a,p1b\n|debug|Vessel of Ruin SpA drop\n|debug|Spread modifier: 0.75\n|debug|Light Screen weaken\n|debug|Vessel of Ruin SpA drop\n|debug|Spread modifier: 0.75\n|debug|Light Screen weaken\n|-damage|p1a: Ting-Lu|23/497\n|-damage|p1b: Marshadow|258/384\n|move|p1a: Ting-Lu|Throat Chop|p2a: Butterfree?!\n|-damage|p2a: Butterfree?!|0 fnt\n|faint|p2a: Butterfree?!\n|\n|-heal|p1a: Ting-Lu|54/497|[from] item: Leftovers\n|upkeep\n|\n|t:|1714701198\n|switch|p2b: Usher Foo|Urshifu-Rapid-Strike, M|91/341\n|turn|9\n|\n|t:|1714701206\n|move|p1b: Marshadow|Shadow Sneak|p2b: Usher Foo\n|debug|Base Power: 40\n|debug|Technician boost\n|-damage|p2b: Usher Foo|0 fnt\n|faint|p2b: Usher Foo\n|\n|win|mattmandaman\n|c|☆noli_cannoli10|see\n","uploadtime":1714701220,"views":"48","formatid":"gen9doublescustomgame","rating":null,"private":0,"password":null}