{"id":"gen9doublescustomgame-2119311086","format":"[Gen 9] Doubles Custom Game","players":["mistermoscow","je64"],"log":"|j|☆mistermoscow\n|j|☆je64\n|t:|1715036590\n|gametype|doubles\n|player|p1|mistermoscow|101|\n|player|p2|je64|170|\n|teamsize|p1|6\n|teamsize|p2|6\n|gen|9\n|tier|[Gen 9] Doubles Custom Game\n|clearpoke\n|poke|p1|Roaring Moon|\n|poke|p1|Incineroar, F|\n|poke|p1|Ninetales-Alola, F|\n|poke|p1|Landorus, M|\n|poke|p1|Ogerpon-Wellspring, F|\n|poke|p1|Gholdengo|\n|poke|p2|Salamence, F|\n|poke|p2|Ursaluna-Bloodmoon, M|\n|poke|p2|Chi-Yu|\n|poke|p2|Flutter Mane|\n|poke|p2|Great Tusk|\n|poke|p2|Baxcalibur, M|\n|teampreview\n|\n|t:|1715036593\n|start\n|switch|p1a: Moonie|Roaring Moon|360/360\n|switch|p1b: Cindy|Incineroar, F|363/363\n|switch|p2a: Shi-Yu In Hell|Chi-Yu|252/252\n|switch|p2b: Gucci Mane|Flutter Mane|252/252\n|-ability|p2a: Shi-Yu In Hell|Beads of Ruin\n|-ability|p1b: Cindy|Intimidate|boost\n|-unboost|p2a: Shi-Yu In Hell|atk|1\n|-unboost|p2b: Gucci Mane|atk|1\n|-enditem|p2b: Gucci Mane|Booster Energy\n|-activate|p2b: Gucci Mane|ability: Protosynthesis|[fromitem]\n|-start|p2b: Gucci Mane|protosynthesisspe\n|-enditem|p1a: Moonie|Booster Energy\n|-activate|p1a: Moonie|ability: Protosynthesis|[fromitem]\n|-start|p1a: Moonie|protosynthesisspe\n|turn|1\n|j| mattmandaman\n|l| mattmandaman\n|j| mattmandaman\n|debug|Protosynthesis spe boost\n|debug|Protosynthesis spe boost\n|debug|Protosynthesis spe boost\n|debug|Protosynthesis spe boost\n|debug|Protosynthesis spe boost\n|\n|t:|1715036673\n|switch|p2a: Salamence|Salamence, F|331/331\n|-ability|p2a: Salamence|Intimidate|boost\n|-unboost|p1a: Moonie|atk|1\n|-unboost|p1b: Cindy|atk|1\n|-terastallize|p1a: Moonie|Ghost\n|debug|Protosynthesis spe boost\n|debug|Protosynthesis spe boost\n|debug|Protosynthesis spe boost\n|debug|Protosynthesis spe boost\n|move|p1b: Cindy|Fake Out|p2a: Salamence\n|-damage|p2a: Salamence|292/331\n|debug|Protosynthesis spe boost\n|debug|Protosynthesis spe boost\n|debug|Protosynthesis spe boost\n|debug|Protosynthesis spe boost\n|move|p2b: Gucci Mane|Dazzling Gleam|p1b: Cindy|[spread] p1a,p1b\n|debug|Spread modifier: 0.75\n|debug|Spread modifier: 0.75\n|-damage|p1a: Moonie|258/360\n|-damage|p1b: Cindy|239/363\n|debug|Protosynthesis spe boost\n|debug|Protosynthesis spe boost\n|debug|Protosynthesis spe boost\n|move|p1a: Moonie|Tailwind|p1a: Moonie\n|-sidestart|p1: mistermoscow|move: Tailwind\n|\n|debug|Protosynthesis spe boost\n|debug|Protosynthesis spe boost\n|upkeep\n|turn|2\n|debug|Protosynthesis spe boost\n|debug|Protosynthesis spe boost\n|debug|Protosynthesis spe boost\n|debug|Protosynthesis spe boost\n|\n|t:|1715036707\n|-end|p1a: Moonie|Protosynthesis|[silent]\n|switch|p1a: Princess Buttercup|Ninetales-Alola, F|350/350\n|-weather|Snow|[from] ability: Snow Warning|[of] p1a: Princess Buttercup\n|debug|Protosynthesis spe boost\n|debug|Protosynthesis spe boost\n|move|p2b: Gucci Mane|Protect|p2b: Gucci Mane\n|-singleturn|p2b: Gucci Mane|Protect\n|debug|Protosynthesis spe boost\n|move|p1b: Cindy|Flare Blitz|p2b: Gucci Mane\n|-activate|p2b: Gucci Mane|move: Protect\n|debug|Protosynthesis spe boost\n|move|p2a: Salamence|Tailwind|p2a: Salamence\n|-sidestart|p2: je64|move: Tailwind\n|\n|debug|Protosynthesis spe boost\n|-weather|Snow|[upkeep]\n|upkeep\n|turn|3\n|debug|Protosynthesis spe boost\n|debug|Protosynthesis spe boost\n|\n|t:|1715036779\n|switch|p2a: Shi-Yu In Hell|Chi-Yu|252/252\n|-ability|p2a: Shi-Yu In Hell|Beads of Ruin\n|debug|Protosynthesis spe boost\n|debug|Protosynthesis spe boost\n|move|p2b: Gucci Mane|Shadow Ball|p1a: Princess Buttercup\n|debug|Beads of Ruin SpD drop\n|-damage|p1a: Princess Buttercup|154/350\n|debug|Protosynthesis spe boost\n|move|p1a: Princess Buttercup|Icy Wind|p2b: Gucci Mane|[spread] p2a,p2b\n|debug|Spread modifier: 0.75\n|-resisted|p2a: Shi-Yu In Hell\n|debug|Beads of Ruin SpD drop\n|debug|Spread modifier: 0.75\n|-damage|p2a: Shi-Yu In Hell|235/252\n|-damage|p2b: Gucci Mane|212/252\n|-unboost|p2a: Shi-Yu In Hell|spe|1\n|-unboost|p2b: Gucci Mane|spe|1\n|debug|Protosynthesis spe boost\n|move|p1b: Cindy|Parting Shot|p2a: Shi-Yu In Hell\n|-unboost|p2a: Shi-Yu In Hell|atk|1\n|-unboost|p2a: Shi-Yu In Hell|spa|1\n|debug|Protosynthesis spe boost\n|\n|t:|1715036856\n|switch|p1b: Moonie|Roaring Moon, tera:Ghost|258/360|[from] Parting Shot\n|\n|debug|Protosynthesis spe boost\n|-weather|Snow|[upkeep]\n|upkeep\n|turn|4\n|debug|Protosynthesis spe boost\n|debug|Protosynthesis spe boost\n|\n|t:|1715036892\n|switch|p1a: Cindy|Incineroar, F|239/363\n|-ability|p1a: Cindy|Intimidate|boost\n|-unboost|p2a: Shi-Yu In Hell|atk|1\n|-unboost|p2b: Gucci Mane|atk|1\n|debug|Protosynthesis spe boost\n|debug|Protosynthesis spe boost\n|move|p2b: Gucci Mane|Shadow Ball|p1a: Cindy\n|debug|Beads of Ruin SpD drop\n|-resisted|p1a: Cindy\n|-damage|p1a: Cindy|134/363\n|debug|Protosynthesis spe boost\n|move|p1b: Moonie|Knock Off|p2b: Gucci Mane\n|-damage|p2b: Gucci Mane|29/252\n|debug|Protosynthesis spe boost\n|move|p2a: Shi-Yu In Hell|Heat Wave|p1b: Moonie|[spread] p1a,p1b\n|debug|Beads of Ruin SpD drop\n|debug|Spread modifier: 0.75\n|-resisted|p1a: Cindy\n|debug|Beads of Ruin SpD drop\n|debug|Spread modifier: 0.75\n|-damage|p1a: Cindy|74/363\n|-damage|p1b: Moonie|147/360\n|\n|debug|Protosynthesis spe boost\n|-weather|Snow|[upkeep]\n|-sideend|p1: mistermoscow|move: Tailwind\n|upkeep\n|turn|5\n|debug|Protosynthesis spe boost\n|debug|Protosynthesis spe boost\n|\n|t:|1715036965\n|switch|p2a: Salamence|Salamence, F|292/331\n|-ability|p2a: Salamence|Intimidate|boost\n|-unboost|p1a: Cindy|atk|1\n|-unboost|p1b: Moonie|atk|1\n|debug|Protosynthesis spe boost\n|debug|Protosynthesis spe boost\n|move|p1b: Moonie|Protect|p1b: Moonie\n|-singleturn|p1b: Moonie|Protect\n|debug|Protosynthesis spe boost\n|debug|Protosynthesis spe boost\n|move|p2b: Gucci Mane|Shadow Ball|p1b: Moonie\n|-activate|p1b: Moonie|move: Protect\n|debug|Protosynthesis spe boost\n|move|p1a: Cindy|Knock Off|p2b: Gucci Mane\n|-damage|p2b: Gucci Mane|0 fnt\n|faint|p2b: Gucci Mane\n|-end|p2b: Gucci Mane|Protosynthesis|[silent]\n|\n|-weather|Snow|[upkeep]\n|-sideend|p2: je64|move: Tailwind\n|upkeep\n|\n|t:|1715037090\n|switch|p2b: Great Tusk|Great Tusk|434/434\n|turn|6\n|\n|t:|1715037126\n|switch|p1a: Goldi|Gholdengo|347/347\n|detailschange|p2a: Salamence|Salamence-Mega, F\n|-mega|p2a: Salamence|Salamence|Salamencite\n|move|p2a: Salamence|Double-Edge|p1b: Moonie\n|-damage|p1b: Moonie|0 fnt\n|faint|p1b: Moonie\n|-end|p1b: Moonie|Protosynthesis|[silent]\n|-damage|p2a: Salamence|243/331|[from] Recoil\n|move|p2b: Great Tusk|Ice Spinner|p1a: Goldi\n|-resisted|p1a: Goldi\n|-damage|p1a: Goldi|272/347\n|-damage|p2b: Great Tusk|391/434|[from] item: Life Orb\n|\n|-weather|none\n|-heal|p1a: Goldi|293/347|[from] item: Leftovers\n|upkeep\n|\n|t:|1715037156\n|switch|p1b: Princess Buttercup|Ninetales-Alola, F|154/350\n|-weather|Snow|[from] ability: Snow Warning|[of] p1b: Princess Buttercup\n|turn|7\n|\n|t:|1715037172\n|switch|p1a: Cindy|Incineroar, F|74/363\n|-ability|p1a: Cindy|Intimidate|boost\n|-unboost|p2a: Salamence|atk|1\n|-unboost|p2b: Great Tusk|atk|1\n|move|p2a: Salamence|Double-Edge|p1b: Princess Buttercup\n|-damage|p1b: Princess Buttercup|4/350\n|-damage|p2a: Salamence|193/331|[from] Recoil\n|move|p1b: Princess Buttercup|Aurora Veil|p1b: Princess Buttercup\n|-sidestart|p1: mistermoscow|move: Aurora Veil\n|move|p2b: Great Tusk|Headlong Rush|p1a: Cindy\n|-supereffective|p1a: Cindy\n|debug|Aurora Veil weaken\n|-damage|p1a: Cindy|0 fnt\n|-unboost|p2b: Great Tusk|def|1\n|-unboost|p2b: Great Tusk|spd|1\n|faint|p1a: Cindy\n|-damage|p2b: Great Tusk|348/434|[from] item: Life Orb\n|\n|-weather|Snow|[upkeep]\n|upkeep\n|\n|t:|1715037201\n|switch|p1a: Goldi|Gholdengo|293/347\n|turn|8\n|\n|t:|1715037237\n|-end|p2b: Great Tusk|Protosynthesis|[silent]\n|switch|p2b: Shi-Yu In Hell|Chi-Yu|235/252\n|-ability|p2b: Shi-Yu In Hell|Beads of Ruin\n|move|p1b: Princess Buttercup|Protect|p1b: Princess Buttercup\n|-singleturn|p1b: Princess Buttercup|Protect\n|move|p2a: Salamence|Hyper Voice|p1a: Goldi|[spread] p1a\n|-activate|p1b: Princess Buttercup|move: Protect\n|debug|Beads of Ruin SpD drop\n|debug|Spread modifier: 0.75\n|-resisted|p1a: Goldi\n|debug|Aurora Veil weaken\n|-damage|p1a: Goldi|235/347\n|move|p1a: Goldi|Dazzling Gleam|p2a: Salamence|[spread] p2a,p2b\n|debug|Beads of Ruin SpD drop\n|debug|Spread modifier: 0.75\n|-supereffective|p2a: Salamence\n|debug|Spread modifier: 0.75\n|-damage|p2a: Salamence|0 fnt\n|-damage|p2b: Shi-Yu In Hell|162/252\n|faint|p2a: Salamence\n|\n|-weather|Snow|[upkeep]\n|-heal|p1a: Goldi|256/347|[from] item: Leftovers\n|upkeep\n|\n|t:|1715037264\n|switch|p2a: Baxcalibur|Baxcalibur, M|371/371\n|turn|9\n|\n|t:|1715037288\n|move|p2a: Baxcalibur|Ice Shard|p1b: Princess Buttercup\n|-resisted|p1b: Princess Buttercup\n|debug|Aurora Veil weaken\n|-damage|p1b: Princess Buttercup|0 fnt\n|faint|p1b: Princess Buttercup\n|move|p2b: Shi-Yu In Hell|Heat Wave|p1a: Goldi\n|debug|Beads of Ruin SpD drop\n|-supereffective|p1a: Goldi\n|debug|Aurora Veil weaken\n|-damage|p1a: Goldi|0 fnt\n|faint|p1a: Goldi\n|\n|-weather|Snow|[upkeep]\n|upkeep\n|\n|t:|1715037298\n|switch|p1b: God|Landorus, M|319/319\n|switch|p1a: Zora|Ogerpon-Wellspring, F|364/364\n|turn|10\n|\n|t:|1715037330\n|move|p2b: Shi-Yu In Hell|Heat Wave|p1b: God|[spread] p1a,p1b\n|debug|Beads of Ruin SpD drop\n|debug|Spread modifier: 0.75\n|debug|Aurora Veil weaken\n|debug|Beads of Ruin SpD drop\n|debug|Spread modifier: 0.75\n|debug|Aurora Veil weaken\n|-damage|p1a: Zora|240/364\n|-damage|p1b: God|192/319\n|move|p1b: God|Sandsear Storm|p2b: Shi-Yu In Hell|[spread] p2a,p2b\n|debug|Beads of Ruin SpD drop\n|debug|Spread modifier: 0.75\n|debug|Spread modifier: 0.75\n|-supereffective|p2b: Shi-Yu In Hell\n|-damage|p2a: Baxcalibur|58/371\n|-damage|p2b: Shi-Yu In Hell|0 fnt\n|faint|p2b: Shi-Yu In Hell\n|move|p2a: Baxcalibur|Glaive Rush|p1b: God\n|debug|Aurora Veil weaken\n|-damage|p1b: God|20/319\n|-singlemove|p2a: Baxcalibur|Glaive Rush|[silent]\n|move|p1a: Zora|Ivy Cudgel|p2a: Baxcalibur|[anim] Ivy Cudgel Water\n|-resisted|p2a: Baxcalibur\n|-crit|p2a: Baxcalibur\n|-damage|p2a: Baxcalibur|0 fnt\n|faint|p2a: Baxcalibur\n|\n|-weather|Snow|[upkeep]\n|upkeep\n|\n|t:|1715037344\n|switch|p2b: Yāoguài 妖怪|Ursaluna-Bloodmoon, M|430/430\n|switch|p2a: Great Tusk|Great Tusk|348/434\n|turn|11\n|\n|t:|1715037391\n|-terastallize|p2b: Yāoguài 妖怪|Normal\n|move|p1a: Zora|Spiky Shield|p1a: Zora\n|-singleturn|p1a: Zora|move: Protect\n|move|p1b: God|Sandsear Storm|p2a: Great Tusk|[spread] p2a,p2b\n|debug|Spread modifier: 0.75\n|debug|Spread modifier: 0.75\n|-damage|p2a: Great Tusk|0 fnt\n|-damage|p2b: Yāoguài 妖怪|126/430\n|faint|p2a: Great Tusk\n|-end|p2a: Great Tusk|Protosynthesis|[silent]\n|move|p2b: Yāoguài 妖怪|Hyper Voice|p1b: God|[spread] p1b\n|-activate|p1a: Zora|move: Protect\n|debug|Spread modifier: 0.75\n|debug|Aurora Veil weaken\n|-damage|p1b: God|0 fnt\n|faint|p1b: God\n|-enditem|p2b: Yāoguài 妖怪|Throat Spray\n|-boost|p2b: Yāoguài 妖怪|spa|1|[from] item: Throat Spray\n|\n|-weather|none\n|upkeep\n|turn|12\n|\n|t:|1715037416\n|move|p1a: Zora|Ivy Cudgel|p2b: Yāoguài 妖怪|[anim] Ivy Cudgel Water\n|-damage|p2b: Yāoguài 妖怪|0 fnt\n|faint|p2b: Yāoguài 妖怪\n|\n|win|mistermoscow\n","uploadtime":1715037421,"views":"21","formatid":"gen9doublescustomgame","rating":null,"private":0,"password":null}