{"id":"gen9doublescustomgame-2288345903","format":"[Gen 9] Doubles Custom Game","players":["mistermoscow","je64"],"log":"|j|☆mistermoscow\n|j|☆je64\n|t:|1737865055\n|gametype|doubles\n|player|p1|mistermoscow|alder|\n|player|p2|je64|101|\n|teamsize|p1|6\n|teamsize|p2|6\n|gen|9\n|tier|[Gen 9] Doubles Custom Game\n|clearpoke\n|poke|p1|Flareon, M|\n|poke|p1|Gengar, M|\n|poke|p1|Victreebel, M|\n|poke|p1|Jolteon, M|\n|poke|p1|Dragonite, M|\n|poke|p1|Fearow, M|\n|poke|p2|Kadabra, F|\n|poke|p2|Dugtrio, M|\n|poke|p2|Exeggutor, F|\n|poke|p2|Electabuzz, F|\n|poke|p2|Magmar, M|\n|poke|p2|Articuno|\n|teampreview\n|c|☆je64|it's awwwwwn\n|c|☆mistermoscow|izzz onnn\n|c|☆je64|official im assuming\n|c|☆mistermoscow|of course\n|\n|t:|1737865122\n|start\n|switch|p1a: Sparky|Jolteon, M|271/271\n|switch|p1b: Puff Daddy|Dragonite, M|386/386\n|switch|p2a: Buzz Lightyear|Electabuzz, F|334/334\n|switch|p2b: Articu-no-hit-me|Articuno|384/384\n|turn|1\n|\n|t:|1737865145\n|move|p2a: Buzz Lightyear|Follow Me|p2a: Buzz Lightyear\n|-singleturn|p2a: Buzz Lightyear|move: Follow Me\n|move|p1a: Sparky|Electroweb|p2a: Buzz Lightyear|[spread] p2b\n|-miss|p1a: Sparky|p2a: Buzz Lightyear\n|debug|Spread modifier: 0.75\n|-supereffective|p2b: Articu-no-hit-me\n|-damage|p2b: Articu-no-hit-me|280/384\n|-unboost|p2b: Articu-no-hit-me|spe|1\n|move|p1b: Puff Daddy|Dragon Dance|p1b: Puff Daddy\n|-boost|p1b: Puff Daddy|atk|1\n|-boost|p1b: Puff Daddy|spe|1\n|move|p2b: Articu-no-hit-me|Ice Beam|p1b: Puff Daddy\n|-supereffective|p1b: Puff Daddy\n|-damage|p1b: Puff Daddy|0 fnt\n|faint|p1b: Puff Daddy\n|\n|upkeep\n|c|☆je64|pew pew\n|\n|t:|1737865198\n|switch|p1b: Gang Gang|Gengar, M|262/262\n|turn|2\n|\n|t:|1737865228\n|switch|p2b: Fissure Bro|Dugtrio, M, shiny|212/212\n|move|p1a: Sparky|Protect|p1a: Sparky\n|-singleturn|p1a: Sparky|Protect\n|move|p1b: Gang Gang|Shadow Ball|p2a: Buzz Lightyear\n|-damage|p2a: Buzz Lightyear|225/334\n|move|p2a: Buzz Lightyear|Taunt|p1b: Gang Gang\n|-start|p1b: Gang Gang|move: Taunt\n|\n|upkeep\n|debug|natural status immunity\n|turn|3\n|\n|t:|1737865276\n|move|p1a: Sparky|Sunny Day|p1a: Sparky\n|-weather|SunnyDay\n|move|p2b: Fissure Bro|Sunny Day||[still]\n|-fail|p2b: Fissure Bro\n|debug|move failed because it did nothing\n|move|p1b: Gang Gang|Icy Wind|p2b: Fissure Bro|[spread] p2a,p2b\n|debug|Spread modifier: 0.75\n|debug|Spread modifier: 0.75\n|-supereffective|p2b: Fissure Bro\n|-damage|p2a: Buzz Lightyear|189/334\n|-damage|p2b: Fissure Bro|72/212\n|-unboost|p2a: Buzz Lightyear|spe|1\n|-unboost|p2b: Fissure Bro|spe|1\n|move|p2a: Buzz Lightyear|Volt Switch|p1b: Gang Gang\n|-damage|p1b: Gang Gang|157/262\n|\n|t:|1737865290\n|switch|p2a: San Ti Ren 三体人|Exeggutor, F|332/332|[from] Volt Switch\n|\n|-weather|SunnyDay|[upkeep]\n|upkeep\n|debug|natural status immunity\n|turn|4\n|\n|t:|1737865298\n|move|p1a: Sparky|Signal Beam|p2a: San Ti Ren 三体人\n|-supereffective|p2a: San Ti Ren 三体人\n|-damage|p2a: San Ti Ren 三体人|0 fnt\n|debug|Covert Cloak prevent secondary\n|faint|p2a: San Ti Ren 三体人\n|move|p1b: Gang Gang|Icy Wind|p2b: Fissure Bro\n|-supereffective|p2b: Fissure Bro\n|-damage|p2b: Fissure Bro|0 fnt\n|faint|p2b: Fissure Bro\n|\n|-weather|SunnyDay|[upkeep]\n|upkeep\n|c|☆je64|omg\n|c|☆mistermoscow|mwahahaha\n|c|☆je64|cmon that thing learns it too\n|c|☆mistermoscow|yup\n|c|☆je64|so lameeeeee\n|c|☆je64|shy does that learn signal beam\n|c|☆je64|and how is it faster than me\n|\n|t:|1737865342\n|switch|p2b: Articu-no-hit-me|Articuno|280/384\n|switch|p2a: Buzz Lightyear|Electabuzz, F|189/334\n|turn|5\n|c|☆mistermoscow|its base 130 speed, even in sun exeggutor is only 110\n|\n|t:|1737865387\n|move|p2a: Buzz Lightyear|Follow Me|p2a: Buzz Lightyear\n|-singleturn|p2a: Buzz Lightyear|move: Follow Me\n|move|p1a: Sparky|Electroweb|p2b: Articu-no-hit-me|[spread] p2a,p2b\n|debug|Spread modifier: 0.75\n|-resisted|p2a: Buzz Lightyear\n|debug|Spread modifier: 0.75\n|-supereffective|p2b: Articu-no-hit-me\n|-damage|p2a: Buzz Lightyear|168/334\n|-damage|p2b: Articu-no-hit-me|182/384\n|-unboost|p2a: Buzz Lightyear|spe|1\n|-unboost|p2b: Articu-no-hit-me|spe|1\n|move|p1b: Gang Gang|Shadow Ball|p2a: Buzz Lightyear\n|debug|Follow Me redirected target of move\n|-damage|p2a: Buzz Lightyear|69/334\n|move|p2b: Articu-no-hit-me|Tailwind|p2b: Articu-no-hit-me\n|-sidestart|p2: je64|move: Tailwind\n|\n|-weather|SunnyDay|[upkeep]\n|-end|p1b: Gang Gang|move: Taunt\n|upkeep\n|turn|6\n|c|☆je64|I don't think it works like that. I think my exeggutor is just not max speed\n|c|☆mistermoscow|what do you mean? doesnt clorophyll double speed?\n|c|☆je64|yeah but I think if you invest IVs it's more than double someone else's stat\n|c|☆je64|pretty sure anyway\n|c|☆mistermoscow|is 110 base speed not actually equal to 2x base 55?\n|c|☆je64|yeah look at exeggutor's max speed\n|c|☆je64|it's 229\n|c|☆mistermoscow|yeah true\n|c|☆je64|that's with nature + IVs\n|\n|t:|1737865489\n|move|p1a: Sparky|Electroweb|p2a: Buzz Lightyear|[spread] p2a,p2b\n|debug|Spread modifier: 0.75\n|-resisted|p2a: Buzz Lightyear\n|debug|Spread modifier: 0.75\n|-supereffective|p2b: Articu-no-hit-me\n|-damage|p2a: Buzz Lightyear|45/334\n|-damage|p2b: Articu-no-hit-me|90/384\n|-unboost|p2a: Buzz Lightyear|spe|1\n|-unboost|p2b: Articu-no-hit-me|spe|1\n|move|p1b: Gang Gang|Icy Wind|p2b: Articu-no-hit-me|[spread] p2a,p2b\n|debug|Spread modifier: 0.75\n|debug|Spread modifier: 0.75\n|-damage|p2a: Buzz Lightyear|13/334\n|-damage|p2b: Articu-no-hit-me|57/384\n|-unboost|p2a: Buzz Lightyear|spe|1\n|-unboost|p2b: Articu-no-hit-me|spe|1\n|move|p2a: Buzz Lightyear|Volt Switch|p1b: Gang Gang\n|-damage|p1b: Gang Gang|52/262\n|c|☆je64|Guess I got to start maxing that out\n|\n|t:|1737865504\n|switch|p2a: Myagmar|Magmar, M|271/271|[from] Volt Switch\n|move|p2b: Articu-no-hit-me|Ice Beam|p1b: Gang Gang\n|-damage|p1b: Gang Gang|0 fnt\n|faint|p1b: Gang Gang\n|\n|-weather|SunnyDay|[upkeep]\n|upkeep\n|\n|t:|1737865531\n|switch|p1b: Big Bird|Fearow, M|334/334\n|turn|7\n|\n|t:|1737865590\n|switch|p2b: Buzz Lightyear|Electabuzz, F|13/334\n|move|p1a: Sparky|Protect|p1a: Sparky\n|-singleturn|p1a: Sparky|Protect\n|move|p1b: Big Bird|Protect|p1b: Big Bird\n|-singleturn|p1b: Big Bird|Protect\n|move|p2a: Myagmar|Heat Wave|p1a: Sparky|[spread] \n|-activate|p1a: Sparky|move: Protect\n|-activate|p1b: Big Bird|move: Protect\n|\n|-weather|none\n|upkeep\n|turn|8\n|\n|t:|1737865621\n|switch|p1b: Bernie|Flareon, M|271/271\n|move|p2a: Myagmar|Heat Wave|p1b: Bernie|[spread] p1a,p1b\n|debug|Spread modifier: 0.75\n|debug|Spread modifier: 0.75\n|-resisted|p1b: Bernie\n|-damage|p1a: Sparky|91/271\n|-damage|p1b: Bernie|190/271\n|debug|Covert Cloak prevent secondary\n|move|p2b: Buzz Lightyear|Volt Switch|p1b: Bernie\n|-damage|p1b: Bernie|120/271\n|\n|t:|1737865629\n|switch|p2b: K.Dot|Kadabra, F|221/221|[from] Volt Switch\n|move|p1a: Sparky|Electroweb|p2b: K.Dot|[spread] p2a,p2b\n|debug|Spread modifier: 0.75\n|debug|Spread modifier: 0.75\n|-damage|p2a: Myagmar|189/271\n|-damage|p2b: K.Dot|131/221\n|-unboost|p2a: Myagmar|spe|1\n|-unboost|p2b: K.Dot|spe|1\n|\n|-sideend|p2: je64|move: Tailwind\n|-status|p1b: Bernie|tox|[from] item: Toxic Orb\n|upkeep\n|turn|9\n|\n|t:|1737865646\n|move|p1a: Sparky|Signal Beam|p2b: K.Dot\n|-supereffective|p2b: K.Dot\n|-damage|p2b: K.Dot|0 fnt\n|faint|p2b: K.Dot\n|move|p2a: Myagmar|Heat Wave|p1b: Bernie|[spread] p1a,p1b\n|debug|Spread modifier: 0.75\n|debug|Spread modifier: 0.75\n|-resisted|p1b: Bernie\n|-damage|p1a: Sparky|0 fnt\n|-damage|p1b: Bernie|42/271 tox\n|debug|Covert Cloak prevent secondary\n|faint|p1a: Sparky\n|move|p1b: Bernie|Facade|p2a: Myagmar\n|-damage|p2a: Myagmar|0 fnt\n|faint|p2a: Myagmar\n|\n|-damage|p1b: Bernie|26/271 tox|[from] psn\n|upkeep\n|c|☆je64|damnnnn\n|\n|t:|1737865667\n|switch|p1a: Victor|Victreebel, M|333/333\n|switch|p2b: Articu-no-hit-me|Articuno|57/384\n|switch|p2a: Buzz Lightyear|Electabuzz, F|13/334\n|turn|10\n|\n|t:|1737865694\n|move|p1a: Victor|Protect|p1a: Victor\n|-singleturn|p1a: Victor|Protect\n|move|p2a: Buzz Lightyear|Follow Me|p2a: Buzz Lightyear\n|-singleturn|p2a: Buzz Lightyear|move: Follow Me\n|move|p2b: Articu-no-hit-me|Ice Beam|p1a: Victor\n|-activate|p1a: Victor|move: Protect\n|move|p1b: Bernie|Facade|p2a: Buzz Lightyear\n|debug|Follow Me redirected target of move\n|-damage|p2a: Buzz Lightyear|0 fnt\n|faint|p2a: Buzz Lightyear\n|\n|-damage|p1b: Bernie|0 fnt|[from] psn\n|faint|p1b: Bernie\n|upkeep\n|c|☆je64|damn\n|c|☆je64|guessed wrong\n|\n|t:|1737865705\n|switch|p1b: Big Bird|Fearow, M|334/334\n|turn|11\n|\n|t:|1737865727\n|move|p1b: Big Bird|Sunny Day|p1b: Big Bird\n|-weather|SunnyDay\n|debug|BP: 100\n|move|p1a: Victor|Weather Ball|p2b: Articu-no-hit-me\n|debug|Sunny Day fire boost\n|-supereffective|p2b: Articu-no-hit-me\n|-damage|p2b: Articu-no-hit-me|0 fnt\n|faint|p2b: Articu-no-hit-me\n|\n|win|mistermoscow\n|c|☆mistermoscow|gg\n|c|☆je64|ggs\n|c|☆je64|another game?\n|c|☆mistermoscow|sure\n|c|☆je64|ok gimme a sec\n|c|☆mistermoscow|ok\n|l|☆mistermoscow\n|player|p1|\n","uploadtime":1737865892,"views":"15","formatid":"gen9doublescustomgame","rating":null,"private":0,"password":null}