{"id":"gen9doublescustomgame-2078086694","format":"[Gen 9] Doubles Custom Game","players":["mattmandaman","Mango Meloetta"],"log":"|j|☆mattmandaman\n|j|☆Mango Meloetta\n|t:|1710112020\n|gametype|doubles\n|player|p1|mattmandaman|giovanni|\n|player|p2|Mango Meloetta|li|\n|teamsize|p1|6\n|teamsize|p2|6\n|gen|9\n|tier|[Gen 9] Doubles Custom Game\n|clearpoke\n|poke|p1|Kommo-o, F|\n|poke|p1|Shaymin-Sky|\n|poke|p1|Kangaskhan, F|\n|poke|p1|Diancie|\n|poke|p1|Volcanion|\n|poke|p1|Grimmsnarl, M|\n|poke|p2|Zygarde|\n|poke|p2|Pawmot, M|\n|poke|p2|Gengar, F|\n|poke|p2|Porygon2|\n|poke|p2|Ferrothorn, M|\n|poke|p2|Chien-Pao|\n|teampreview\n|j| mistermoscow\n|\n|t:|1710112045\n|start\n|switch|p1a: Grimmsnarl|Grimmsnarl, M|394/394\n|switch|p1b: Diancie|Diancie|304/304\n|switch|p2a: Paper|Zygarde, shiny|357/357\n|switch|p2b: Lighter|Chien-Pao|301/301\n|-ability|p2b: Lighter|Sword of Ruin\n|-ability|p2a: Paper|Aura Break\n|turn|1\n|\n|t:|1710112080\n|switch|p2b: Filter|Porygon2, shiny|374/374\n|-ability|p2b: Filter|Clear Body|[from] ability: Trace|[of] p1b: Diancie\n|switch|p2a: Bud|Ferrothorn, M, shiny|351/351\n|move|p1a: Grimmsnarl|Reflect|p1a: Grimmsnarl\n|-sidestart|p1: mattmandaman|Reflect\n|move|p1b: Diancie|Diamond Storm|p2a: Bud|[spread] p2a,p2b\n|debug|Spread modifier: 0.75\n|-resisted|p2a: Bud\n|debug|Spread modifier: 0.75\n|-damage|p2a: Bud|306/351\n|-damage|p2b: Filter|283/374\n|-boost|p1b: Diancie|def|2\n|\n|upkeep\n|turn|2\n|\n|t:|1710112104\n|move|p1a: Grimmsnarl|Taunt|p2a: Bud\n|-start|p2a: Bud|move: Taunt\n|move|p2b: Filter|Thunder Wave|p1b: Diancie|[miss]\n|-miss|p2b: Filter|p1b: Diancie\n|move|p1b: Diancie|Diamond Storm|p2b: Filter|[spread] p2a,p2b\n|debug|Spread modifier: 0.75\n|-resisted|p2a: Bud\n|debug|Spread modifier: 0.75\n|-damage|p2a: Bud|259/351\n|-damage|p2b: Filter|199/374\n|cant|p2a: Bud|move: Taunt|Leech Seed\n|\n|upkeep\n|turn|3\n|\n|t:|1710112120\n|move|p1a: Grimmsnarl|Taunt|p2b: Filter\n|-start|p2b: Filter|move: Taunt\n|cant|p2b: Filter|move: Taunt|Thunder Wave\n|move|p1b: Diancie|Diamond Storm|p2b: Filter|[spread] p2a,p2b\n|debug|Spread modifier: 0.75\n|-resisted|p2a: Bud\n|debug|Spread modifier: 0.75\n|-damage|p2a: Bud|214/351\n|-damage|p2b: Filter|102/374\n|move|p2a: Bud|Gyro Ball|p1b: Diancie\n|debug|BP: 86\n|-supereffective|p1b: Diancie\n|debug|Reflect weaken\n|-damage|p1b: Diancie|213/304\n|-enditem|p1b: Diancie|Weakness Policy\n|-boost|p1b: Diancie|atk|2|[from] item: Weakness Policy\n|-boost|p1b: Diancie|spa|2|[from] item: Weakness Policy\n|\n|upkeep\n|turn|4\n|\n|t:|1710112147\n|move|p1a: Grimmsnarl|Light Screen|p1a: Grimmsnarl\n|-sidestart|p1: mattmandaman|move: Light Screen\n|move|p2b: Filter|Thunderbolt|p1b: Diancie\n|debug|Light Screen weaken\n|-damage|p1b: Diancie|176/304\n|-status|p1b: Diancie|par\n|move|p1b: Diancie|Diamond Storm|p2b: Filter|[spread] p2a,p2b\n|debug|Spread modifier: 0.75\n|-resisted|p2a: Bud\n|debug|Spread modifier: 0.75\n|-damage|p2a: Bud|114/351\n|-damage|p2b: Filter|0 fnt\n|-boost|p1b: Diancie|def|2\n|faint|p2b: Filter\n|move|p2a: Bud|Seed Bomb|p1b: Diancie\n|-supereffective|p1b: Diancie\n|debug|Reflect weaken\n|-damage|p1b: Diancie|147/304 par\n|\n|-end|p2a: Bud|move: Taunt\n|upkeep\n|\n|t:|1710112163\n|switch|p2b: Danker|Gengar, F, shiny|261/261\n|turn|5\n|\n|t:|1710112178\n|detailschange|p2b: Danker|Gengar-Mega, F, shiny\n|-mega|p2b: Danker|Gengar|Gengarite\n|move|p1a: Grimmsnarl|Taunt|p2a: Bud\n|-start|p2a: Bud|move: Taunt\n|move|p2b: Danker|Taunt|p1a: Grimmsnarl\n|-start|p1a: Grimmsnarl|move: Taunt\n|move|p1b: Diancie|Diamond Storm|p2a: Bud|[spread] p2a,p2b\n|debug|Spread modifier: 0.75\n|-resisted|p2a: Bud\n|debug|Spread modifier: 0.75\n|-damage|p2a: Bud|23/351\n|-damage|p2b: Danker|0 fnt\n|-boost|p1b: Diancie|def|2\n|faint|p2b: Danker\n|cant|p2a: Bud|move: Taunt|Leech Seed\n|\n|upkeep\n|\n|t:|1710112189\n|switch|p2b: Roller|Pawmot, M, shiny|281/281\n|turn|6\n|j| je64\n|\n|t:|1710112199\n|move|p2b: Roller|Fake Out|p1b: Diancie\n|-resisted|p1b: Diancie\n|debug|Reflect weaken\n|-damage|p1b: Diancie|144/304 par\n|move|p1a: Grimmsnarl|Spirit Break|p2b: Roller\n|-supereffective|p2b: Roller\n|-damage|p2b: Roller|21/281\n|-unboost|p2b: Roller|spa|1\n|cant|p1b: Diancie|flinch\n|move|p2a: Bud|Gyro Ball|p1b: Diancie\n|debug|BP: 43\n|debug|Negating (sp)def boost/penalty.\n|-supereffective|p1b: Diancie\n|-crit|p1b: Diancie\n|-damage|p1b: Diancie|0 fnt\n|faint|p1b: Diancie\n|\n|upkeep\n|\n|t:|1710112220\n|switch|p1b: Kommo-o|Kommo-o, F|292/292\n|turn|7\n|\n|t:|1710112229\n|move|p2b: Roller|Revival Blessing|p2b: Roller\n|\n|t:|1710112231\n|-heal|p2: Danker|130/261|[from] move: Revival Blessing\n|move|p1b: Kommo-o|Clangorous Soul|p1b: Kommo-o\n|-boost|p1b: Kommo-o|atk|1\n|-boost|p1b: Kommo-o|def|1\n|-boost|p1b: Kommo-o|spa|1\n|-boost|p1b: Kommo-o|spd|1\n|-boost|p1b: Kommo-o|spe|1\n|-damage|p1b: Kommo-o|196/292\n|-enditem|p1b: Kommo-o|Throat Spray\n|-boost|p1b: Kommo-o|spa|1|[from] item: Throat Spray\n|move|p1a: Grimmsnarl|Spirit Break|p2b: Roller\n|-supereffective|p2b: Roller\n|-damage|p2b: Roller|0 fnt\n|faint|p2b: Roller\n|move|p2a: Bud|Gyro Ball|p1a: Grimmsnarl\n|debug|BP: 98\n|-supereffective|p1a: Grimmsnarl\n|debug|Reflect weaken\n|-damage|p1a: Grimmsnarl|209/394\n|\n|-end|p2a: Bud|move: Taunt\n|upkeep\n|\n|t:|1710112246\n|switch|p2b: Danker|Gengar-Mega, F, shiny|130/261\n|turn|8\n|\n|t:|1710112267\n|move|p1b: Kommo-o|Clanging Scales|p2b: Danker|[spread] p2a,p2b\n|debug|Spread modifier: 0.75\n|-resisted|p2a: Bud\n|debug|Spread modifier: 0.75\n|-damage|p2a: Bud|0 fnt\n|-damage|p2b: Danker|0 fnt\n|faint|p2a: Bud\n|faint|p2b: Danker\n|-unboost|p1b: Kommo-o|def|1\n|move|p1a: Grimmsnarl|Spirit Break|p2: Bud|[notarget]\n|-fail|p1a: Grimmsnarl\n|\n|-end|p1a: Grimmsnarl|move: Taunt\n|-sideend|p1: mattmandaman|Reflect\n|upkeep\n|\n|t:|1710112275\n|switch|p2b: Paper|Zygarde, shiny|357/357\n|switch|p2a: Lighter|Chien-Pao|301/301\n|-ability|p2a: Lighter|Sword of Ruin\n|-ability|p2b: Paper|Aura Break\n|turn|9\n|\n|t:|1710112291\n|-terastallize|p2b: Paper|Normal\n|move|p2b: Paper|Extreme Speed|p1b: Kommo-o\n|debug|Sword of Ruin Def drop\n|-damage|p1b: Kommo-o|3/292\n|move|p1b: Kommo-o|Clanging Scales|p2a: Lighter|[spread] p2a,p2b\n|debug|Spread modifier: 0.75\n|debug|Spread modifier: 0.75\n|-damage|p2a: Lighter|0 fnt\n|-damage|p2b: Paper|120/357\n|faint|p2a: Lighter\n|-unboost|p1b: Kommo-o|def|1\n|move|p1a: Grimmsnarl|Spirit Break|p2b: Paper\n|-damage|p2b: Paper|24/357\n|-unboost|p2b: Paper|spa|1\n|\n|upkeep\n|turn|10\n|\n|t:|1710112312\n|move|p2b: Paper|Extreme Speed|p1b: Kommo-o\n|-damage|p1b: Kommo-o|0 fnt\n|faint|p1b: Kommo-o\n|move|p1a: Grimmsnarl|Spirit Break|p2b: Paper\n|-damage|p2b: Paper|0 fnt\n|faint|p2b: Paper\n|\n|win|mattmandaman\n|l| mistermoscow\n","uploadtime":1710112332,"views":"42","formatid":"gen9doublescustomgame","rating":null,"private":0,"password":null}