{"id":"gen9doublescustomgame-2089955539","format":"[Gen 9] Doubles Custom Game","players":["je64","noli_cannoli10"],"log":"|j|☆je64\n|j|☆noli_cannoli10\n|t:|1711504127\n|gametype|doubles\n|player|p1|je64|2|\n|player|p2|noli_cannoli10|1|\n|teamsize|p1|6\n|teamsize|p2|6\n|gen|9\n|tier|[Gen 9] Doubles Custom Game\n|clearpoke\n|poke|p1|Mew|\n|poke|p1|Amoonguss, M|\n|poke|p1|Tornadus, M|\n|poke|p1|Zeraora|\n|poke|p1|Flutter Mane|\n|poke|p1|Chi-Yu|\n|poke|p2|Hatterene, F|\n|poke|p2|Torkoal, F|\n|poke|p2|Camerupt, F|\n|poke|p2|Magearna|\n|poke|p2|Celesteela|\n|poke|p2|Urshifu-*, M|\n|teampreview\n|j| mistermoscow\n|j| mattmandaman\n|\n|t:|1711504149\n|start\n|switch|p1a: Gucci Mane|Flutter Mane|252/252\n|switch|p1b: Shi-Yu In Hell|Chi-Yu|252/252\n|switch|p2a: Newer Pimp Hands?|Urshifu-Rapid-Strike, M, shiny|341/341\n|switch|p2b: Hat GPT|Hatterene, F, shiny|318/318\n|-ability|p1b: Shi-Yu In Hell|Beads of Ruin\n|turn|1\n|\n|t:|1711504195\n|move|p2a: Newer Pimp Hands?|Aqua Jet|p1b: Shi-Yu In Hell\n|-supereffective|p1b: Shi-Yu In Hell\n|-damage|p1b: Shi-Yu In Hell|26/252\n|-damage|p2a: Newer Pimp Hands?|307/341|[from] item: Life Orb\n|move|p1a: Gucci Mane|Dazzling Gleam|p2b: Hat GPT|[spread] p2a,p2b\n|debug|Beads of Ruin SpD drop\n|debug|Spread modifier: 0.75\n|-supereffective|p2a: Newer Pimp Hands?\n|debug|Beads of Ruin SpD drop\n|debug|Spread modifier: 0.75\n|-damage|p2a: Newer Pimp Hands?|0 fnt\n|-damage|p2b: Hat GPT|182/318\n|faint|p2a: Newer Pimp Hands?\n|move|p1b: Shi-Yu In Hell|Overheat|p2b: Hat GPT\n|debug|Beads of Ruin SpD drop\n|-damage|p2b: Hat GPT|0 fnt\n|-unboost|p1b: Shi-Yu In Hell|spa|2\n|faint|p2b: Hat GPT\n|\n|upkeep\n|\n|t:|1711504215\n|switch|p2a: Magz|Magearna|364/364\n|switch|p2b: Nika|Torkoal, F, shiny|343/343\n|-weather|SunnyDay|[from] ability: Drought|[of] p2b: Nika\n|-activate|p1a: Gucci Mane|ability: Protosynthesis\n|-start|p1a: Gucci Mane|protosynthesisspe\n|turn|2\n|debug|Protosynthesis spe boost\n|debug|Protosynthesis spe boost\n|\n|t:|1711504236\n|debug|Protosynthesis spe boost\n|debug|Protosynthesis spe boost\n|move|p1a: Gucci Mane|Shadow Ball|p2b: Nika\n|debug|Beads of Ruin SpD drop\n|-damage|p2b: Nika|102/343\n|-unboost|p2b: Nika|spd|1\n|debug|Protosynthesis spe boost\n|move|p1b: Shi-Yu In Hell|Overheat|p2a: Magz\n|debug|Beads of Ruin SpD drop\n|debug|Sunny Day fire boost\n|-supereffective|p2a: Magz\n|-damage|p2a: Magz|0 fnt\n|-unboost|p1b: Shi-Yu In Hell|spa|2\n|faint|p2a: Magz\n|debug|Protosynthesis spe boost\n|move|p2b: Nika|Eruption|p1a: Gucci Mane|[spread] p1a,p1b\n|debug|BP: 44.606413994169095\n|debug|Beads of Ruin SpD drop\n|debug|Spread modifier: 0.75\n|debug|Sunny Day fire boost\n|debug|BP: 44.606413994169095\n|debug|Spread modifier: 0.75\n|debug|Sunny Day fire boost\n|-resisted|p1b: Shi-Yu In Hell\n|-damage|p1a: Gucci Mane|173/252\n|-damage|p1b: Shi-Yu In Hell|0 fnt\n|faint|p1b: Shi-Yu In Hell\n|\n|debug|Protosynthesis spe boost\n|-weather|SunnyDay|[upkeep]\n|upkeep\n|debug|Protosynthesis spe boost\n|\n|t:|1711504258\n|switch|p1b: Dragonball Durag|Zeraora|318/318\n|switch|p2a: Woah Black Betty|Camerupt, F, shiny|343/343\n|turn|3\n|debug|Protosynthesis spe boost\n|debug|Protosynthesis spe boost\n|\n|t:|1711504278\n|detailschange|p2a: Woah Black Betty|Camerupt-Mega, F, shiny\n|-mega|p2a: Woah Black Betty|Camerupt|Cameruptite\n|debug|Protosynthesis spe boost\n|debug|Protosynthesis spe boost\n|move|p1b: Dragonball Durag|Fake Out|p2a: Woah Black Betty\n|-damage|p2a: Woah Black Betty|312/343\n|debug|Protosynthesis spe boost\n|debug|Protosynthesis spe boost\n|move|p1a: Gucci Mane|Shadow Ball|p2b: Nika\n|-damage|p2b: Nika|0 fnt\n|faint|p2b: Nika\n|debug|Protosynthesis spe boost\n|cant|p2a: Woah Black Betty|flinch\n|debug|Protosynthesis spe boost\n|\n|debug|Protosynthesis spe boost\n|-weather|SunnyDay|[upkeep]\n|upkeep\n|debug|Protosynthesis spe boost\n|\n|t:|1711504289\n|switch|p2b: Steely Dan|Celesteela, shiny|398/398\n|turn|4\n|j| smokeydabearrr\n|debug|Protosynthesis spe boost\n|debug|Protosynthesis spe boost\n|\n|t:|1711504311\n|debug|Protosynthesis spe boost\n|debug|Protosynthesis spe boost\n|move|p1a: Gucci Mane|Shadow Ball|p2a: Woah Black Betty\n|-damage|p2a: Woah Black Betty|171/343\n|-unboost|p2a: Woah Black Betty|spd|1\n|debug|Protosynthesis spe boost\n|move|p1b: Dragonball Durag|Volt Switch|p2b: Steely Dan\n|-supereffective|p2b: Steely Dan\n|-damage|p2b: Steely Dan|216/398\n|debug|Protosynthesis spe boost\n|\n|t:|1711504325\n|switch|p1b: Ditto's Daddy|Mew|404/404|[from] Volt Switch\n|debug|Protosynthesis spe boost\n|move|p2b: Steely Dan|Heavy Slam|p1b: Ditto's Daddy\n|debug|BP: 120\n|-damage|p1b: Ditto's Daddy|299/404\n|debug|Protosynthesis spe boost\n|move|p2a: Woah Black Betty|Heat Wave|p1a: Gucci Mane|[spread] p1a,p1b\n|debug|Spread modifier: 0.75\n|debug|Sunny Day fire boost\n|debug|Spread modifier: 0.75\n|debug|Sunny Day fire boost\n|-damage|p1a: Gucci Mane|0 fnt\n|-damage|p1b: Ditto's Daddy|62/404\n|faint|p1a: Gucci Mane\n|-end|p1a: Gucci Mane|Protosynthesis|[silent]\n|\n|-weather|SunnyDay|[upkeep]\n|-heal|p1b: Ditto's Daddy|87/404|[from] item: Leftovers\n|upkeep\n|\n|t:|1711504351\n|switch|p1a: Dragonball Durag|Zeraora|318/318\n|turn|5\n|\n|t:|1711504373\n|move|p1a: Dragonball Durag|Fake Out|p2a: Woah Black Betty\n|-damage|p2a: Woah Black Betty|139/343\n|move|p1b: Ditto's Daddy|Soft-Boiled|p1b: Ditto's Daddy\n|-heal|p1b: Ditto's Daddy|289/404\n|move|p2b: Steely Dan|Leech Seed|p1a: Dragonball Durag\n|-start|p1a: Dragonball Durag|move: Leech Seed\n|cant|p2a: Woah Black Betty|flinch\n|\n|-weather|SunnyDay|[upkeep]\n|-heal|p1b: Ditto's Daddy|314/404|[from] item: Leftovers\n|-damage|p1a: Dragonball Durag|279/318|[from] Leech Seed|[of] p2b: Steely Dan\n|-heal|p2b: Steely Dan|255/398|[silent]\n|upkeep\n|turn|6\n|\n|t:|1711504392\n|move|p2b: Steely Dan|Protect|p2b: Steely Dan\n|-singleturn|p2b: Steely Dan|Protect\n|move|p1a: Dragonball Durag|Snarl|p2b: Steely Dan|[spread] p2a\n|-activate|p2b: Steely Dan|move: Protect\n|debug|Spread modifier: 0.75\n|-damage|p2a: Woah Black Betty|83/343\n|-unboost|p2a: Woah Black Betty|spa|1\n|move|p1b: Ditto's Daddy|Cosmic Power|p1b: Ditto's Daddy\n|-boost|p1b: Ditto's Daddy|def|1\n|-boost|p1b: Ditto's Daddy|spd|1\n|move|p2a: Woah Black Betty|Heat Wave|p1b: Ditto's Daddy|[spread] p1a,p1b\n|debug|Spread modifier: 0.75\n|debug|Sunny Day fire boost\n|debug|Spread modifier: 0.75\n|debug|Sunny Day fire boost\n|-damage|p1a: Dragonball Durag|39/318\n|-damage|p1b: Ditto's Daddy|197/404\n|-enditem|p1a: Dragonball Durag|Sitrus Berry|[eat]\n|-heal|p1a: Dragonball Durag|118/318|[from] item: Sitrus Berry\n|\n|-weather|SunnyDay|[upkeep]\n|-heal|p1b: Ditto's Daddy|222/404|[from] item: Leftovers\n|-damage|p1a: Dragonball Durag|79/318|[from] Leech Seed|[of] p2b: Steely Dan\n|-heal|p2b: Steely Dan|294/398|[silent]\n|upkeep\n|turn|7\n|\n|t:|1711504433\n|move|p2b: Steely Dan|Protect|p2b: Steely Dan\n|debug|Success chance: 33%\n|-singleturn|p2b: Steely Dan|Protect\n|move|p1a: Dragonball Durag|Volt Switch|p2b: Steely Dan\n|-activate|p2b: Steely Dan|move: Protect\n|move|p1b: Ditto's Daddy|Body Press|p2a: Woah Black Betty\n|-damage|p2a: Woah Black Betty|0 fnt\n|faint|p2a: Woah Black Betty\n|\n|-weather|SunnyDay|[upkeep]\n|-heal|p1b: Ditto's Daddy|247/404|[from] item: Leftovers\n|-damage|p1a: Dragonball Durag|40/318|[from] Leech Seed|[of] p2b: Steely Dan\n|-heal|p2b: Steely Dan|333/398|[silent]\n|upkeep\n|turn|8\n|\n|t:|1711504452\n|move|p2b: Steely Dan|Protect||[still]\n|debug|Success chance: 11%\n|-fail|p2b: Steely Dan\n|move|p1a: Dragonball Durag|Volt Switch|p2b: Steely Dan\n|-supereffective|p2b: Steely Dan\n|-damage|p2b: Steely Dan|133/398\n|-enditem|p2b: Steely Dan|Sitrus Berry|[eat]\n|-heal|p2b: Steely Dan|232/398|[from] item: Sitrus Berry\n|\n|t:|1711504459\n|switch|p1a: Mr. Sneezy|Amoonguss, M|428/428|[from] Volt Switch\n|move|p1b: Ditto's Daddy|Cosmic Power|p1b: Ditto's Daddy\n|-boost|p1b: Ditto's Daddy|def|1\n|-boost|p1b: Ditto's Daddy|spd|1\n|\n|-weather|SunnyDay|[upkeep]\n|-heal|p1b: Ditto's Daddy|272/404|[from] item: Leftovers\n|upkeep\n|turn|9\n|\n|t:|1711504472\n|move|p1b: Ditto's Daddy|Cosmic Power|p1b: Ditto's Daddy\n|-boost|p1b: Ditto's Daddy|def|1\n|-boost|p1b: Ditto's Daddy|spd|1\n|move|p2b: Steely Dan|Flamethrower|p1a: Mr. Sneezy\n|debug|Sunny Day fire boost\n|-supereffective|p1a: Mr. Sneezy\n|-crit|p1a: Mr. Sneezy\n|-damage|p1a: Mr. Sneezy|100/428\n|move|p1a: Mr. Sneezy|Spore|p2b: Steely Dan\n|-status|p2b: Steely Dan|slp|[from] move: Spore\n|\n|-weather|none\n|-heal|p1b: Ditto's Daddy|297/404|[from] item: Leftovers\n|upkeep\n|turn|10\n|\n|t:|1711504491\n|move|p1b: Ditto's Daddy|Body Press|p2b: Steely Dan\n|-damage|p2b: Steely Dan|79/398 slp\n|cant|p2b: Steely Dan|slp\n|move|p1a: Mr. Sneezy|Pollen Puff|p1b: Ditto's Daddy\n|-heal|p1b: Ditto's Daddy|404/404\n|\n|upkeep\n|turn|11\n|\n|t:|1711504513\n|move|p1a: Mr. Sneezy|Rage Powder|p1a: Mr. Sneezy\n|-singleturn|p1a: Mr. Sneezy|move: Rage Powder\n|move|p1b: Ditto's Daddy|Body Press|p2b: Steely Dan\n|-damage|p2b: Steely Dan|0 fnt\n|faint|p2b: Steely Dan\n|\n|win|je64\n","uploadtime":1711504519,"views":"27","formatid":"gen9doublescustomgame","rating":null,"private":0,"password":null}