{"id":"gen9doublescustomgame-2263261788","format":"[Gen 9] Doubles Custom Game","players":["mistermoscow","Smokeydabearrr"],"log":"|j|☆mistermoscow\n|j|☆Smokeydabearrr\n|t:|1734237135\n|gametype|doubles\n|player|p1|mistermoscow|alder|\n|player|p2|Smokeydabearrr|1|\n|teamsize|p1|6\n|teamsize|p2|6\n|gen|9\n|tier|[Gen 9] Doubles Custom Game\n|clearpoke\n|poke|p1|Porygon|\n|poke|p1|Butterfree, F|\n|poke|p1|Clefairy, M|\n|poke|p1|Ditto|\n|poke|p1|Snorlax, M|\n|poke|p1|Poliwrath, F|\n|poke|p2|Flareon, F|\n|poke|p2|Charmeleon, F|\n|poke|p2|Vulpix, M|\n|poke|p2|Mr. Mime, F|\n|poke|p2|Butterfree, F|\n|poke|p2|Lickitung, F|\n|teampreview\n|c|☆Smokeydabearrr|Official?\n|c|☆mistermoscow|yee\n|\n|t:|1734237228\n|start\n|switch|p1a: Purple Haze|Butterfree, F|262/262\n|switch|p1b: Clifford|Clefairy, M|344/344\n|switch|p2a: Butterfree|Butterfree, F|261/261\n|switch|p2b: Mr. Mime|Mr. Mime, F|221/221\n|turn|1\n|\n|t:|1734237278\n|move|p2b: Mr. Mime|Fake Out|p1a: Purple Haze\n|debug|Base Power: 40\n|debug|Technician boost\n|-damage|p1a: Purple Haze|230/262\n|debug|Covert Cloak prevent secondary\n|-damage|p2b: Mr. Mime|199/221|[from] item: Life Orb\n|move|p1a: Purple Haze|Sleep Powder|p2a: Butterfree\n|debug|compoundeyes - enhancing accuracy\n|-status|p2a: Butterfree|slp|[from] move: Sleep Powder\n|move|p1b: Clifford|Minimize|p1b: Clifford\n|-boost|p1b: Clifford|evasion|2\n|cant|p2a: Butterfree|slp\n|\n|upkeep\n|turn|2\n|\n|t:|1734237353\n|switch|p2b: Vulpix|Vulpix, M|217/217\n|-weather|SunnyDay|[from] ability: Drought|[of] p2b: Vulpix\n|move|p1a: Purple Haze|Quiver Dance|p1a: Purple Haze\n|-boost|p1a: Purple Haze|spa|1\n|-boost|p1a: Purple Haze|spd|1\n|-boost|p1a: Purple Haze|spe|1\n|cant|p2a: Butterfree|slp\n|move|p1b: Clifford|Minimize|p1b: Clifford\n|-boost|p1b: Clifford|evasion|2\n|\n|-weather|SunnyDay|[upkeep]\n|upkeep\n|turn|3\n|\n|t:|1734237406\n|move|p1a: Purple Haze|Sleep Powder|p2b: Vulpix\n|debug|compoundeyes - enhancing accuracy\n|-status|p2b: Vulpix|slp|[from] move: Sleep Powder\n|cant|p2b: Vulpix|slp\n|move|p1b: Clifford|Minimize|p1b: Clifford\n|-boost|p1b: Clifford|evasion|2\n|cant|p2a: Butterfree|slp\n|\n|-weather|SunnyDay|[upkeep]\n|upkeep\n|turn|4\n|\n|t:|1734237443\n|move|p1a: Purple Haze|Hurricane|p2a: Butterfree|[miss]\n|debug|compoundeyes - enhancing accuracy\n|-miss|p1a: Purple Haze|p2a: Butterfree\n|cant|p2b: Vulpix|slp\n|move|p1b: Clifford|Baton Pass|p1b: Clifford\n|\n|t:|1734237455\n|switch|p1b: Snax|Snorlax, M|524/524|[from] Baton Pass\n|-curestatus|p2a: Butterfree|slp|[msg]\n|move|p2a: Butterfree|Whirlwind|p1b: Snax\n|drag|p1b: Clifford|Clefairy, M|344/344\n|\n|-weather|SunnyDay|[upkeep]\n|upkeep\n|turn|5\n|c|☆mistermoscow|ughh\n|\n|t:|1734237572\n|move|p1a: Purple Haze|Sleep Powder|p2a: Butterfree\n|debug|compoundeyes - enhancing accuracy\n|-status|p2a: Butterfree|slp|[from] move: Sleep Powder\n|cant|p2a: Butterfree|slp\n|cant|p2b: Vulpix|slp\n|move|p1b: Clifford|Minimize|p1b: Clifford\n|-boost|p1b: Clifford|evasion|2\n|\n|-weather|SunnyDay|[upkeep]\n|upkeep\n|turn|6\n|\n|t:|1734237606\n|move|p1a: Purple Haze|Hurricane|p2a: Butterfree|[miss]\n|debug|compoundeyes - enhancing accuracy\n|-miss|p1a: Purple Haze|p2a: Butterfree\n|-curestatus|p2b: Vulpix|slp|[msg]\n|move|p2b: Vulpix|Heat Wave|p1b: Clifford|[spread] p1a\n|-miss|p2b: Vulpix|p1b: Clifford\n|debug|Spread modifier: 0.75\n|debug|Sunny Day fire boost\n|-supereffective|p1a: Purple Haze\n|-damage|p1a: Purple Haze|56/262\n|debug|Covert Cloak prevent secondary\n|move|p1b: Clifford|Minimize|p1b: Clifford\n|-boost|p1b: Clifford|evasion|2\n|-curestatus|p2a: Butterfree|slp|[msg]\n|move|p2a: Butterfree|Whirlwind|p1b: Clifford\n|drag|p1b: Pogo Jr|Porygon|271/271\n|-ability|p1b: Pogo Jr|Download|boost\n|-boost|p1b: Pogo Jr|atk|1\n|\n|-weather|SunnyDay|[upkeep]\n|upkeep\n|turn|7\n|\n|t:|1734237659\n|move|p1a: Purple Haze|Hurricane|p2a: Butterfree\n|debug|compoundeyes - enhancing accuracy\n|-supereffective|p2a: Butterfree\n|-enditem|p2a: Butterfree|Focus Sash\n|-damage|p2a: Butterfree|1/261\n|move|p2a: Butterfree|Tailwind|p2a: Butterfree\n|-sidestart|p2: Smokeydabearrr|move: Tailwind\n|move|p2b: Vulpix|Heat Wave|p1a: Purple Haze|[spread] p1a,p1b\n|debug|Spread modifier: 0.75\n|debug|Sunny Day fire boost\n|-supereffective|p1a: Purple Haze\n|debug|Spread modifier: 0.75\n|debug|Sunny Day fire boost\n|-damage|p1a: Purple Haze|0 fnt\n|-damage|p1b: Pogo Jr|204/271\n|debug|Covert Cloak prevent secondary\n|faint|p1a: Purple Haze\n|move|p1b: Pogo Jr|Trick Room|p1b: Pogo Jr\n|-fieldstart|move: Trick Room|[of] p1b: Pogo Jr\n|\n|-weather|SunnyDay|[upkeep]\n|upkeep\n|\n|t:|1734237676\n|switch|p1a: Clifford|Clefairy, M|344/344\n|turn|8\n|\n|t:|1734237710\n|switch|p2b: Mr. Mime|Mr. Mime, F|199/221\n|switch|p2a: Lickitung|Lickitung, F|384/384\n|move|p1a: Clifford|Minimize|p1a: Clifford\n|-boost|p1a: Clifford|evasion|2\n|move|p1b: Pogo Jr|Psychic|p2a: Lickitung\n|-damage|p2a: Lickitung|331/384\n|\n|-weather|SunnyDay|[upkeep]\n|upkeep\n|turn|9\n|\n|t:|1734237754\n|move|p2b: Mr. Mime|Fake Out|p1a: Clifford|[miss]\n|-miss|p2b: Mr. Mime|p1a: Clifford\n|move|p1a: Clifford|Baton Pass|p1a: Clifford\n|\n|t:|1734237761\n|switch|p1a: Snax|Snorlax, M|524/524|[from] Baton Pass\n|move|p1b: Pogo Jr|Recover|p1b: Pogo Jr\n|-heal|p1b: Pogo Jr|271/271\n|move|p2a: Lickitung|Body Press|p1b: Pogo Jr\n|-supereffective|p1b: Pogo Jr\n|-damage|p1b: Pogo Jr|181/271\n|\n|-weather|none\n|upkeep\n|turn|10\n|\n|t:|1734237802\n|move|p2b: Mr. Mime|Protect|p2b: Mr. Mime\n|-singleturn|p2b: Mr. Mime|Protect\n|move|p1a: Snax|Power-Up Punch|p2a: Lickitung\n|-supereffective|p2a: Lickitung\n|-damage|p2a: Lickitung|285/384\n|-boost|p1a: Snax|atk|1\n|move|p2a: Lickitung|Body Press|p1b: Pogo Jr\n|-supereffective|p1b: Pogo Jr\n|-damage|p1b: Pogo Jr|95/271\n|move|p1b: Pogo Jr|Teleport|p1b: Pogo Jr\n|\n|t:|1734237819\n|switch|p1b: Polly|Poliwrath, F|353/353|[from] Teleport\n|\n|-sideend|p2: Smokeydabearrr|move: Tailwind\n|upkeep\n|turn|11\n|\n|t:|1734237863\n|switch|p2b: Vulpix|Vulpix, M|217/217\n|-weather|SunnyDay|[from] ability: Drought|[of] p2b: Vulpix\n|move|p2a: Lickitung|Protect|p2a: Lickitung\n|-singleturn|p2a: Lickitung|Protect\n|move|p1a: Snax|Power-Up Punch|p2a: Lickitung\n|-activate|p2a: Lickitung|move: Protect\n|move|p1b: Polly|Coaching|p1a: Snax\n|-boost|p1a: Snax|atk|1\n|-boost|p1a: Snax|def|1\n|\n|-weather|SunnyDay|[upkeep]\n|-fieldend|move: Trick Room\n|upkeep\n|turn|12\n|\n|t:|1734237895\n|move|p2b: Vulpix|Heat Wave|p1a: Snax|[spread] p1b\n|-miss|p2b: Vulpix|p1a: Snax\n|debug|Spread modifier: 0.75\n|debug|Sunny Day fire boost\n|-resisted|p1b: Polly\n|-damage|p1b: Polly|305/353\n|move|p1b: Polly|Rock Slide|p2b: Vulpix|[spread] p2b\n|-miss|p1b: Polly|p2a: Lickitung\n|debug|Spread modifier: 0.75\n|-supereffective|p2b: Vulpix\n|-damage|p2b: Vulpix|49/217\n|move|p2a: Lickitung|Toxic|p1b: Polly\n|-status|p1b: Polly|tox\n|move|p1a: Snax|Power-Up Punch|p2a: Lickitung\n|-supereffective|p2a: Lickitung\n|-damage|p2a: Lickitung|195/384\n|-boost|p1a: Snax|atk|1\n|\n|-weather|SunnyDay|[upkeep]\n|-damage|p1b: Polly|283/353 tox|[from] psn\n|upkeep\n|turn|13\n|\n|t:|1734237937\n|move|p2a: Lickitung|Protect|p2a: Lickitung\n|-singleturn|p2a: Lickitung|Protect\n|move|p2b: Vulpix|Healing Wish|p2b: Vulpix\n|faint|p2b: Vulpix\n|move|p1b: Polly|Coaching|p1a: Snax\n|-boost|p1a: Snax|atk|1\n|-boost|p1a: Snax|def|1\n|move|p1a: Snax|Power-Up Punch|p2a: Lickitung\n|-activate|p2a: Lickitung|move: Protect\n|\n|-weather|SunnyDay|[upkeep]\n|-damage|p1b: Polly|239/353 tox|[from] psn\n|upkeep\n|\n|t:|1734237952\n|switch|p2b: Butterfree|Butterfree, F|1/261\n|-heal|p2b: Butterfree|261/261|[from] move: Healing Wish\n|turn|14\n|\n|t:|1734238008\n|move|p1b: Polly|Drain Punch|p2b: Butterfree\n|-resisted|p2b: Butterfree\n|-damage|p2b: Butterfree|223/261\n|-heal|p1b: Polly|258/353 tox|[from] drain|[of] p2b: Butterfree\n|move|p2a: Lickitung|Toxic|p1a: Snax|[miss]\n|-miss|p2a: Lickitung|p1a: Snax\n|move|p1a: Snax|Double-Edge|p2b: Butterfree\n|-damage|p2b: Butterfree|0 fnt\n|faint|p2b: Butterfree\n|-damage|p1a: Snax|450/524|[from] Recoil\n|\n|-weather|SunnyDay|[upkeep]\n|-damage|p1b: Polly|192/353 tox|[from] psn\n|upkeep\n|\n|t:|1734238061\n|switch|p2b: Mr. Mime|Mr. Mime, F|199/221\n|turn|15\n|c|☆Smokeydabearrr|👀\n|c|☆mistermoscow|sorry\n|\n|t:|1734238386\n|move|p2b: Mr. Mime|Fake Out|p1a: Snax|[miss]\n|-miss|p2b: Mr. Mime|p1a: Snax\n|move|p1b: Polly|Coaching|p1a: Snax\n|-boost|p1a: Snax|atk|1\n|-boost|p1a: Snax|def|1\n|move|p2a: Lickitung|Body Press|p1a: Snax|[miss]\n|-miss|p2a: Lickitung|p1a: Snax\n|move|p1a: Snax|Power-Up Punch|p2b: Mr. Mime\n|-resisted|p2b: Mr. Mime\n|-damage|p2b: Mr. Mime|158/221\n|-boost|p1a: Snax|atk|1\n|\n|-weather|SunnyDay|[upkeep]\n|-damage|p1b: Polly|104/353 tox|[from] psn\n|upkeep\n|turn|16\n|c|☆Smokeydabearrr|No worries lmao I’m jk\n|\n|t:|1734238409\n|move|p2b: Mr. Mime|Dazzling Gleam|p1a: Snax|[spread] p1a,p1b\n|debug|Base Power: 80\n|debug|Spread modifier: 0.75\n|debug|Base Power: 80\n|debug|Spread modifier: 0.75\n|-supereffective|p1b: Polly\n|-damage|p1a: Snax|375/524\n|-damage|p1b: Polly|0 fnt\n|faint|p1b: Polly\n|-damage|p2b: Mr. Mime|136/221|[from] item: Life Orb\n|move|p2a: Lickitung|Body Press|p1a: Snax\n|-supereffective|p1a: Snax\n|-damage|p1a: Snax|321/524\n|move|p1a: Snax|Double-Edge|p2b: Mr. Mime\n|-damage|p2b: Mr. Mime|0 fnt\n|faint|p2b: Mr. Mime\n|-damage|p1a: Snax|276/524|[from] Recoil\n|\n|-weather|SunnyDay|[upkeep]\n|upkeep\n|\n|t:|1734238431\n|switch|p2b: Charmeleon|Charmeleon, F|258/258\n|switch|p1b: Clifford|Clefairy, M|344/344\n|turn|17\n|\n|t:|1734238442\n|move|p2a: Lickitung|Helping Hand|p2b: Charmeleon\n|-singleturn|p2b: Charmeleon|Helping Hand|[of] p2a: Lickitung\n|move|p2b: Charmeleon|Heat Wave|p1a: Snax|[spread] p1b\n|-miss|p2b: Charmeleon|p1a: Snax\n|debug|Boosting from Helping Hand: 1.5\n|debug|Spread modifier: 0.75\n|debug|Sunny Day fire boost\n|-damage|p1b: Clifford|50/344\n|move|p1b: Clifford|Heal Pulse|p1a: Snax\n|-heal|p1a: Snax|524/524\n|move|p1a: Snax|Double-Edge|p2b: Charmeleon\n|-crit|p2b: Charmeleon\n|-damage|p2b: Charmeleon|0 fnt\n|faint|p2b: Charmeleon\n|-damage|p1a: Snax|439/524|[from] Recoil\n|\n|-weather|SunnyDay|[upkeep]\n|upkeep\n|\n|t:|1734238454\n|switch|p2b: Flareon|Flareon, F|271/271\n|turn|18\n|\n|t:|1734238484\n|move|p2b: Flareon|Protect|p2b: Flareon\n|-singleturn|p2b: Flareon|Protect\n|move|p1b: Clifford|Follow Me|p1b: Clifford\n|-singleturn|p1b: Clifford|move: Follow Me\n|move|p2a: Lickitung|Body Press|p1b: Clifford\n|debug|Follow Me redirected target of move\n|-resisted|p1b: Clifford\n|-crit|p1b: Clifford\n|-damage|p1b: Clifford|10/344\n|move|p1a: Snax|Double-Edge|p2b: Flareon\n|-activate|p2b: Flareon|move: Protect\n|\n|-weather|none\n|upkeep\n|turn|19\n|\n|t:|1734238516\n|move|p2b: Flareon|Double Kick|p1a: Snax\n|-supereffective|p1a: Snax\n|-damage|p1a: Snax|409/524\n|-supereffective|p1a: Snax\n|-damage|p1a: Snax|379/524\n|-hitcount|p1a: Snax|2\n|move|p2a: Lickitung|Body Press|p1b: Clifford\n|-resisted|p1b: Clifford\n|-damage|p1b: Clifford|0 fnt\n|faint|p1b: Clifford\n|move|p1a: Snax|Double-Edge|p2b: Flareon\n|-damage|p2b: Flareon|0 fnt\n|faint|p2b: Flareon\n|-damage|p1a: Snax|290/524|[from] Recoil\n|\n|upkeep\n|\n|t:|1734238529\n|switch|p1b: Pogo Jr|Porygon|95/271\n|-ability|p1b: Pogo Jr|Download|boost\n|-boost|p1b: Pogo Jr|spa|1\n|turn|20\n|\n|t:|1734238536\n|move|p2a: Lickitung|Body Press|p1b: Pogo Jr\n|-supereffective|p1b: Pogo Jr\n|-damage|p1b: Pogo Jr|11/271\n|move|p1b: Pogo Jr|Recover|p1b: Pogo Jr\n|-heal|p1b: Pogo Jr|147/271\n|move|p1a: Snax|Double-Edge|p2a: Lickitung\n|-damage|p2a: Lickitung|0 fnt\n|faint|p2a: Lickitung\n|-damage|p1a: Snax|226/524|[from] Recoil\n|\n|win|mistermoscow\n|c|☆mistermoscow|gg\n|c|☆Smokeydabearrr|Gg\n|c|☆Smokeydabearrr|im Gonna hop off hmu tn play\n|c|☆mistermoscow|ima hop off and get to bved, ill be down to battle more tomorrow\n|c|☆Smokeydabearrr|lol sounds good dude\n|c|☆mistermoscow|ok sounds good haha\n","uploadtime":1734238578,"views":"51","formatid":"gen9doublescustomgame","rating":null,"private":0,"password":null}