{"id":"gen9doublescustomgame-2127208649","format":"[Gen 9] Doubles Custom Game","players":["smokeydabearrr","je64"],"log":"|j|☆smokeydabearrr\n|j|☆je64\n|t:|1716261628\n|gametype|doubles\n|player|p1|smokeydabearrr|2|\n|player|p2|je64|170|\n|teamsize|p1|6\n|teamsize|p2|6\n|gen|9\n|tier|[Gen 9] Doubles Custom Game\n|clearpoke\n|poke|p1|Cresselia, F|\n|poke|p1|Dudunsparce-*, M|\n|poke|p1|Rillaboom, F|\n|poke|p1|Raging Bolt|\n|poke|p1|Charizard, M|\n|poke|p1|Darkrai|\n|poke|p2|Mew|\n|poke|p2|Scizor, F|\n|poke|p2|Tornadus, M|\n|poke|p2|Ursaluna-Bloodmoon, M|\n|poke|p2|Flutter Mane|\n|poke|p2|Chi-Yu|\n|teampreview\n|j| mistermoscow\n|\n|t:|1716261698\n|start\n|switch|p1a: vajayjayyy|Cresselia, F|444/444\n|switch|p1b: Dun Dun DUNNN|Dudunsparce-Three-Segment, M|454/454\n|switch|p2a: Ditto's Daddy|Mew|404/404\n|switch|p2b: Yāoguài 妖怪|Ursaluna-Bloodmoon, M|430/430\n|turn|1\n|\n|t:|1716261730\n|-terastallize|p2b: Yāoguài 妖怪|Normal\n|move|p1b: Dun Dun DUNNN|Protect|p1b: Dun Dun DUNNN\n|-singleturn|p1b: Dun Dun DUNNN|Protect\n|move|p2a: Ditto's Daddy|Fake Out|p1b: Dun Dun DUNNN\n|-activate|p1b: Dun Dun DUNNN|move: Protect\n|move|p2b: Yāoguài 妖怪|Hyper Voice|p1b: Dun Dun DUNNN|[spread] p1a\n|-activate|p1b: Dun Dun DUNNN|move: Protect\n|debug|Spread modifier: 0.75\n|-damage|p1a: vajayjayyy|308/444\n|-enditem|p2b: Yāoguài 妖怪|Throat Spray\n|-boost|p2b: Yāoguài 妖怪|spa|1|[from] item: Throat Spray\n|move|p1a: vajayjayyy|Trick Room|p1a: vajayjayyy\n|-fieldstart|move: Trick Room|[of] p1a: vajayjayyy\n|\n|upkeep\n|turn|2\n|\n|t:|1716261766\n|-terastallize|p1b: Dun Dun DUNNN|Ghost\n|move|p1a: vajayjayyy|Helping Hand|p1b: Dun Dun DUNNN\n|-singleturn|p1b: Dun Dun DUNNN|Helping Hand|[of] p1a: vajayjayyy\n|move|p2b: Yāoguài 妖怪|Blood Moon|p1a: vajayjayyy\n|-damage|p1a: vajayjayyy|0 fnt\n|faint|p1a: vajayjayyy\n|debug|doubling secondary chance\n|move|p1b: Dun Dun DUNNN|Poison Jab|p2b: Yāoguài 妖怪\n|debug|Boosting from Helping Hand: 1.5\n|-damage|p2b: Yāoguài 妖怪|328/430\n|-status|p2b: Yāoguài 妖怪|psn\n|move|p2a: Ditto's Daddy|Teleport|p2a: Ditto's Daddy\n|j| Mango Meloetta\n|\n|t:|1716261802\n|switch|p2a: ScytherPunk 2077|Scizor, F|344/344|[from] Teleport\n|\n|-damage|p2b: Yāoguài 妖怪|275/430 psn|[from] psn\n|upkeep\n|\n|t:|1716261822\n|switch|p1a: Raging B0ner|Raging Bolt|454/454\n|turn|3\n|\n|t:|1716261871\n|detailschange|p2a: ScytherPunk 2077|Scizor-Mega, F\n|-mega|p2a: ScytherPunk 2077|Scizor|Scizorite\n|move|p2b: Yāoguài 妖怪|Earth Power|p1a: Raging B0ner\n|-supereffective|p1a: Raging B0ner\n|-damage|p1a: Raging B0ner|0 fnt\n|faint|p1a: Raging B0ner\n|-end|p1a: Raging B0ner|Protosynthesis|[silent]\n|debug|doubling secondary chance\n|move|p1b: Dun Dun DUNNN|Rock Slide|p2b: Yāoguài 妖怪|[spread] p2a,p2b\n|debug|Spread modifier: 0.75\n|debug|Spread modifier: 0.75\n|-damage|p2a: ScytherPunk 2077|294/344\n|-damage|p2b: Yāoguài 妖怪|224/430 psn\n|cant|p2a: ScytherPunk 2077|flinch\n|\n|-damage|p2b: Yāoguài 妖怪|171/430 psn|[from] psn\n|upkeep\n|\n|t:|1716261887\n|switch|p1a: GRASS MONKEY|Rillaboom, F|404/404\n|-fieldstart|move: Grassy Terrain|[from] ability: Grassy Surge|[of] p1a: GRASS MONKEY\n|turn|4\n|\n|t:|1716261935\n|switch|p2b: Ditto's Daddy|Mew|404/404\n|move|p1a: GRASS MONKEY|Fake Out|p2b: Ditto's Daddy\n|-damage|p2b: Ditto's Daddy|365/404\n|debug|doubling secondary chance\n|move|p1b: Dun Dun DUNNN|Rock Slide|p2a: ScytherPunk 2077|[spread] p2a,p2b\n|debug|Spread modifier: 0.75\n|debug|Spread modifier: 0.75\n|-damage|p2a: ScytherPunk 2077|244/344\n|-damage|p2b: Ditto's Daddy|313/404\n|cant|p2a: ScytherPunk 2077|flinch\n|\n|-heal|p2a: ScytherPunk 2077|265/344|[from] Grassy Terrain\n|-heal|p2b: Ditto's Daddy|338/404|[from] Grassy Terrain\n|upkeep\n|turn|5\n|\n|t:|1716262006\n|move|p1a: GRASS MONKEY|Grassy Glide|p2b: Ditto's Daddy\n|debug|grassy terrain boost\n|-damage|p2b: Ditto's Daddy|235/404\n|debug|doubling secondary chance\n|move|p1b: Dun Dun DUNNN|Rock Slide|p2b: Ditto's Daddy|[spread] p2a,p2b\n|debug|Spread modifier: 0.75\n|debug|Spread modifier: 0.75\n|-damage|p2a: ScytherPunk 2077|219/344\n|-damage|p2b: Ditto's Daddy|186/404\n|-enditem|p2b: Ditto's Daddy|Sitrus Berry|[eat]\n|-heal|p2b: Ditto's Daddy|287/404|[from] item: Sitrus Berry\n|cant|p2a: ScytherPunk 2077|flinch\n|cant|p2b: Ditto's Daddy|flinch\n|\n|-heal|p2a: ScytherPunk 2077|240/344|[from] Grassy Terrain\n|-heal|p2b: Ditto's Daddy|312/404|[from] Grassy Terrain\n|-fieldend|move: Trick Room\n|upkeep\n|turn|6\n|\n|t:|1716262048\n|move|p1a: GRASS MONKEY|Grassy Glide|p2b: Ditto's Daddy\n|debug|grassy terrain boost\n|-damage|p2b: Ditto's Daddy|204/404\n|move|p2a: ScytherPunk 2077|Swords Dance|p2a: ScytherPunk 2077\n|-boost|p2a: ScytherPunk 2077|atk|2\n|debug|doubling secondary chance\n|move|p1b: Dun Dun DUNNN|Poison Jab|p2b: Ditto's Daddy\n|-damage|p2b: Ditto's Daddy|127/404\n|move|p2b: Ditto's Daddy|Trick Room|p2b: Ditto's Daddy\n|-fieldstart|move: Trick Room|[of] p2b: Ditto's Daddy\n|\n|-heal|p2a: ScytherPunk 2077|261/344|[from] Grassy Terrain\n|-heal|p2b: Ditto's Daddy|152/404|[from] Grassy Terrain\n|upkeep\n|turn|7\n|\n|t:|1716262071\n|move|p1a: GRASS MONKEY|Grassy Glide|p2a: ScytherPunk 2077\n|debug|grassy terrain boost\n|-resisted|p2a: ScytherPunk 2077\n|-damage|p2a: ScytherPunk 2077|236/344\n|debug|doubling secondary chance\n|move|p1b: Dun Dun DUNNN|Rock Slide|p2a: ScytherPunk 2077|[spread] p2a\n|-miss|p1b: Dun Dun DUNNN|p2b: Ditto's Daddy\n|debug|Spread modifier: 0.75\n|-damage|p2a: ScytherPunk 2077|187/344\n|cant|p2a: ScytherPunk 2077|flinch\n|move|p2b: Ditto's Daddy|Teleport|p2b: Ditto's Daddy\n|\n|t:|1716262081\n|switch|p2b: Yāoguài 妖怪|Ursaluna-Bloodmoon, M, tera:Normal|171/430 psn|[from] Teleport\n|\n|-heal|p2b: Yāoguài 妖怪|197/430 psn|[from] Grassy Terrain\n|-heal|p2a: ScytherPunk 2077|208/344|[from] Grassy Terrain\n|-damage|p2b: Yāoguài 妖怪|144/430 psn|[from] psn\n|upkeep\n|turn|8\n|\n|t:|1716262103\n|move|p2a: ScytherPunk 2077|Bullet Punch|p1b: Dun Dun DUNNN\n|debug|Base Power: 40\n|debug|Technician boost\n|-damage|p1b: Dun Dun DUNNN|145/454\n|move|p1a: GRASS MONKEY|Grassy Glide|p2b: Yāoguài 妖怪\n|debug|grassy terrain boost\n|-damage|p2b: Yāoguài 妖怪|29/430 psn\n|move|p2b: Yāoguài 妖怪|Blood Moon|p1a: GRASS MONKEY\n|-damage|p1a: GRASS MONKEY|92/404\n|debug|doubling secondary chance\n|move|p1b: Dun Dun DUNNN|Rock Slide|p2b: Yāoguài 妖怪|[spread] p2a,p2b\n|debug|Spread modifier: 0.75\n|debug|Spread modifier: 0.75\n|-damage|p2a: ScytherPunk 2077|165/344\n|-damage|p2b: Yāoguài 妖怪|0 fnt\n|debug|move failed because it did nothing\n|faint|p2b: Yāoguài 妖怪\n|\n|-heal|p1b: Dun Dun DUNNN|173/454|[from] Grassy Terrain\n|-heal|p1b: Dun Dun DUNNN|201/454|[from] item: Leftovers\n|-heal|p2a: ScytherPunk 2077|186/344|[from] Grassy Terrain\n|-heal|p1a: GRASS MONKEY|117/404|[from] Grassy Terrain\n|-fieldend|move: Grassy Terrain\n|upkeep\n|\n|t:|1716262139\n|switch|p2b: Lakitu|Tornadus, M|362/362\n|turn|9\n|\n|t:|1716262175\n|move|p1b: Dun Dun DUNNN|Protect|p1b: Dun Dun DUNNN\n|-singleturn|p1b: Dun Dun DUNNN|Protect\n|move|p2b: Lakitu|Scary Face|p2a: ScytherPunk 2077\n|-unboost|p2a: ScytherPunk 2077|spe|2\n|move|p2a: ScytherPunk 2077|Swords Dance|p2a: ScytherPunk 2077\n|-boost|p2a: ScytherPunk 2077|atk|2\n|move|p1a: GRASS MONKEY|Grassy Glide|p2b: Lakitu\n|-resisted|p2b: Lakitu\n|-damage|p2b: Lakitu|302/362\n|\n|-heal|p1b: Dun Dun DUNNN|229/454|[from] item: Leftovers\n|upkeep\n|turn|10\n|\n|t:|1716262218\n|move|p2a: ScytherPunk 2077|Swords Dance|p2a: ScytherPunk 2077\n|-boost|p2a: ScytherPunk 2077|atk|2\n|debug|doubling secondary chance\n|move|p1b: Dun Dun DUNNN|Rock Slide|p2b: Lakitu|[spread] p2a,p2b\n|debug|Spread modifier: 0.75\n|debug|Spread modifier: 0.75\n|-supereffective|p2b: Lakitu\n|-damage|p2a: ScytherPunk 2077|143/344\n|-damage|p2b: Lakitu|150/362\n|debug|Covert Cloak prevent secondary\n|move|p1a: GRASS MONKEY|Drain Punch|p2a: ScytherPunk 2077\n|-damage|p2a: ScytherPunk 2077|70/344\n|-heal|p1a: GRASS MONKEY|154/404|[from] drain|[of] p2a: ScytherPunk 2077\n|move|p2b: Lakitu|Bleakwind Storm|p1b: Dun Dun DUNNN|[spread] p1a,p1b\n|debug|Spread modifier: 0.75\n|-supereffective|p1a: GRASS MONKEY\n|debug|Spread modifier: 0.75\n|-damage|p1a: GRASS MONKEY|0 fnt\n|-damage|p1b: Dun Dun DUNNN|87/454\n|faint|p1a: GRASS MONKEY\n|\n|-heal|p1b: Dun Dun DUNNN|115/454|[from] item: Leftovers\n|-fieldend|move: Trick Room\n|upkeep\n|\n|t:|1716262236\n|switch|p1a: STILL not a drag|Charizard, M|298/298\n|turn|11\n|\n|t:|1716262297\n|detailschange|p1a: STILL not a drag|Charizard-Mega-Y, M\n|-mega|p1a: STILL not a drag|Charizard|Charizardite Y\n|-weather|SunnyDay|[from] ability: Drought|[of] p1a: STILL not a drag\n|move|p2a: ScytherPunk 2077|Protect|p2a: ScytherPunk 2077\n|-singleturn|p2a: ScytherPunk 2077|Protect\n|move|p2b: Lakitu|Tailwind|p2b: Lakitu\n|-sidestart|p2: je64|move: Tailwind\n|move|p1a: STILL not a drag|Heat Wave|p2b: Lakitu|[spread] p2b\n|-activate|p2a: ScytherPunk 2077|move: Protect\n|debug|Spread modifier: 0.75\n|debug|Sunny Day fire boost\n|-damage|p2b: Lakitu|0 fnt\n|debug|Covert Cloak prevent secondary\n|faint|p2b: Lakitu\n|debug|doubling secondary chance\n|move|p1b: Dun Dun DUNNN|Rock Slide|p2a: ScytherPunk 2077\n|-activate|p2a: ScytherPunk 2077|move: Protect\n|\n|-weather|SunnyDay|[upkeep]\n|-heal|p1b: Dun Dun DUNNN|143/454|[from] item: Leftovers\n|upkeep\n|\n|t:|1716262314\n|switch|p2b: Ditto's Daddy|Mew|152/404\n|turn|12\n|\n|t:|1716262368\n|move|p1b: Dun Dun DUNNN|Protect|p1b: Dun Dun DUNNN\n|-singleturn|p1b: Dun Dun DUNNN|Protect\n|move|p2b: Ditto's Daddy|Fake Out|p1a: STILL not a drag\n|-damage|p1a: STILL not a drag|258/298\n|cant|p1a: STILL not a drag|flinch\n|move|p2a: ScytherPunk 2077|Dual Wingbeat|p1a: STILL not a drag\n|debug|Base Power: 40\n|debug|Technician boost\n|-damage|p1a: STILL not a drag|0 fnt\n|faint|p1a: STILL not a drag\n|-hitcount|p1: STILL not a drag|1\n|\n|-weather|SunnyDay|[upkeep]\n|-heal|p1b: Dun Dun DUNNN|171/454|[from] item: Leftovers\n|upkeep\n|\n|t:|1716262377\n|switch|p1a: Dark Cries|Darkrai|281/281\n|turn|13\n|\n|t:|1716262400\n|move|p1a: Dark Cries|Protect|p1a: Dark Cries\n|-singleturn|p1a: Dark Cries|Protect\n|move|p2a: ScytherPunk 2077|Bullet Punch|p1a: Dark Cries\n|-activate|p1a: Dark Cries|move: Protect\n|debug|doubling secondary chance\n|move|p1b: Dun Dun DUNNN|Rock Slide|p2b: Ditto's Daddy|[spread] p2a,p2b\n|debug|Spread modifier: 0.75\n|debug|Spread modifier: 0.75\n|-damage|p2a: ScytherPunk 2077|21/344\n|-damage|p2b: Ditto's Daddy|105/404\n|cant|p2b: Ditto's Daddy|flinch\n|\n|-weather|SunnyDay|[upkeep]\n|-heal|p1b: Dun Dun DUNNN|199/454|[from] item: Leftovers\n|upkeep\n|turn|14\n|\n|t:|1716262420\n|move|p1a: Dark Cries|Protect||[still]\n|debug|Success chance: 33%\n|-fail|p1a: Dark Cries\n|move|p2a: ScytherPunk 2077|Bullet Punch|p1a: Dark Cries\n|debug|Base Power: 40\n|debug|Technician boost\n|-damage|p1a: Dark Cries|0 fnt\n|faint|p1a: Dark Cries\n|debug|doubling secondary chance\n|move|p1b: Dun Dun DUNNN|Rock Slide|p2b: Ditto's Daddy|[spread] \n|-miss|p1b: Dun Dun DUNNN|p2a: ScytherPunk 2077\n|-miss|p1b: Dun Dun DUNNN|p2b: Ditto's Daddy\n|move|p2b: Ditto's Daddy|Teleport|p2b: Ditto's Daddy\n|c|☆smokeydabearrr|:(\n|\n|t:|1716262433\n|switch|p2b: Shi-Yu In Hell|Chi-Yu|252/252|[from] Teleport\n|-ability|p2b: Shi-Yu In Hell|Beads of Ruin\n|\n|-weather|SunnyDay|[upkeep]\n|-heal|p1b: Dun Dun DUNNN|227/454|[from] item: Leftovers\n|-sideend|p2: je64|move: Tailwind\n|upkeep\n|turn|15\n|\n|t:|1716262441\n|move|p2a: ScytherPunk 2077|Bullet Punch|p1b: Dun Dun DUNNN\n|debug|Base Power: 40\n|debug|Technician boost\n|-damage|p1b: Dun Dun DUNNN|0 fnt\n|faint|p1b: Dun Dun DUNNN\n|\n|win|je64\n|c|☆smokeydabearrr|gg\n|c|☆je64|ggs\n|c|☆je64|Wow that was close down to the last 2 turns\n|c| Mango Meloetta|GGGG\n|c|☆smokeydabearrr|ugh i knowwww\n|c| Mango Meloetta|epic haha\n|c|☆je64|dun dun dunnn was killin me haha\n","uploadtime":1716262479,"views":"60","formatid":"gen9doublescustomgame","rating":null,"private":0,"password":null}