{"id":"gen9doublescustomgame-2295029175","format":"[Gen 9] Doubles Custom Game","players":["mistermoscow","Mattmandaman"],"log":"|j|☆mistermoscow\n|j|☆Mattmandaman\n|t:|1738779584\n|gametype|doubles\n|player|p1|mistermoscow|alder|\n|player|p2|Mattmandaman|giovanni|\n|teamsize|p1|6\n|teamsize|p2|6\n|gen|9\n|tier|[Gen 9] Doubles Custom Game\n|clearpoke\n|poke|p1|Nidoking, M|\n|poke|p1|Gengar, M|\n|poke|p1|Jolteon, M|\n|poke|p1|Victreebel, M|\n|poke|p1|Dewgong, M|\n|poke|p1|Snorlax, M|\n|poke|p2|Machamp, M|\n|poke|p2|Starmie|\n|poke|p2|Chansey, F|\n|poke|p2|Nidoking, M|\n|poke|p2|Gengar, F|\n|poke|p2|Muk, M|\n|teampreview\n|\n|t:|1738779634\n|start\n|switch|p1a: Dewey|Dewgong, M|384/384\n|switch|p1b: Victor|Victreebel, M|333/333\n|switch|p2a: Muk|Muk, M|414/414\n|switch|p2b: Gengar|Gengar, F|262/262\n|turn|1\n|\n|t:|1738779650\n|move|p1a: Dewey|Fake Out|p2a: Muk\n|-damage|p2a: Muk|384/414\n|move|p2b: Gengar|Will-O-Wisp|p1b: Victor\n|-status|p1b: Victor|brn\n|-enditem|p1b: Victor|Lum Berry|[eat]\n|-curestatus|p1b: Victor|brn|[msg]\n|move|p1b: Victor|Sleep Powder|p2b: Gengar\n|-status|p2b: Gengar|slp|[from] move: Sleep Powder\n|cant|p2a: Muk|flinch\n|\n|-heal|p2a: Muk|409/414|[from] item: Black Sludge\n|upkeep\n|turn|2\n|\n|t:|1738779672\n|switch|p1b: King Nido|Nidoking, M|304/304\n|cant|p2b: Gengar|slp\n|move|p1a: Dewey|Knock Off|p2b: Gengar\n|-supereffective|p2b: Gengar\n|-damage|p2b: Gengar|94/262 slp\n|-enditem|p2b: Gengar|Focus Sash|[from] move: Knock Off|[of] p1a: Dewey\n|move|p2a: Muk|Ice Punch|p1b: King Nido\n|-supereffective|p1b: King Nido\n|-damage|p1b: King Nido|86/304\n|\n|-heal|p2a: Muk|414/414|[from] item: Black Sludge\n|upkeep\n|turn|3\n|\n|t:|1738779713\n|move|p2a: Muk|Protect|p2a: Muk\n|-singleturn|p2a: Muk|Protect\n|move|p1b: King Nido|Earth Power|p2a: Muk\n|-activate|p2a: Muk|move: Protect\n|-curestatus|p2b: Gengar|slp|[msg]\n|move|p2b: Gengar|Icy Wind|p1b: King Nido|[spread] p1a,p1b\n|debug|Thick Fat weaken\n|debug|Spread modifier: 0.75\n|-resisted|p1a: Dewey\n|debug|Spread modifier: 0.75\n|-supereffective|p1b: King Nido\n|-damage|p1a: Dewey|379/384\n|-damage|p1b: King Nido|0 fnt\n|-unboost|p1a: Dewey|spe|1\n|faint|p1b: King Nido\n|move|p1a: Dewey|Icy Wind|p2b: Gengar|[spread] p2b\n|-activate|p2a: Muk|move: Protect\n|debug|Spread modifier: 0.75\n|-damage|p2b: Gengar|51/262\n|-unboost|p2b: Gengar|spe|1\n|\n|-heal|p1a: Dewey|384/384|[from] item: Leftovers\n|upkeep\n|\n|t:|1738779737\n|switch|p1b: Snax|Snorlax, M|461/461\n|turn|4\n|\n|t:|1738779755\n|move|p2b: Gengar|Will-O-Wisp|p1b: Snax\n|-status|p1b: Snax|brn\n|move|p2a: Muk|Poison Jab|p1a: Dewey\n|-damage|p1a: Dewey|251/384\n|-status|p1a: Dewey|psn\n|move|p1a: Dewey|Knock Off|p2b: Gengar\n|-supereffective|p2b: Gengar\n|-damage|p2b: Gengar|0 fnt\n|faint|p2b: Gengar\n|move|p1b: Snax|Power-Up Punch|p2a: Muk\n|-resisted|p2a: Muk\n|-damage|p2a: Muk|400/414\n|-boost|p1b: Snax|atk|1\n|\n|-heal|p2a: Muk|414/414|[from] item: Black Sludge\n|-heal|p1a: Dewey|275/384 psn|[from] item: Leftovers\n|-damage|p1a: Dewey|227/384 psn|[from] psn\n|-damage|p1b: Snax|433/461 brn|[from] brn\n|upkeep\n|\n|t:|1738779774\n|switch|p2b: Machamp|Machamp, M|384/384\n|turn|5\n|\n|t:|1738779799\n|switch|p1a: Gang Gang|Gengar, M|262/262\n|move|p2b: Machamp|Dynamic Punch|p1b: Snax\n|debug|Punching Glove boost\n|-supereffective|p1b: Snax\n|-damage|p1b: Snax|0 fnt\n|debug|move failed because it did nothing\n|faint|p1b: Snax\n|move|p2a: Muk|Poison Jab|p1a: Gang Gang\n|-resisted|p1a: Gang Gang\n|-damage|p1a: Gang Gang|208/262\n|-start|p2a: Muk|Disable|Poison Jab|[from] ability: Cursed Body|[of] p1a: Gang Gang\n|\n|upkeep\n|\n|t:|1738779817\n|switch|p1b: Victor|Victreebel, M|333/333\n|turn|6\n|\n|t:|1738779838\n|move|p1a: Gang Gang|Will-O-Wisp|p2a: Muk\n|-status|p2a: Muk|brn\n|move|p1b: Victor|Sleep Powder|p2b: Machamp\n|-status|p2b: Machamp|slp|[from] move: Sleep Powder\n|cant|p2b: Machamp|slp\n|move|p2a: Muk|Ice Punch|p1b: Victor\n|-supereffective|p1b: Victor\n|-damage|p1b: Victor|211/333\n|\n|-damage|p2a: Muk|389/414 brn|[from] brn\n|upkeep\n|turn|7\n|\n|t:|1738779862\n|move|p1a: Gang Gang|Shadow Ball|p2b: Machamp\n|-damage|p2b: Machamp|231/384 slp\n|move|p1b: Victor|Leaf Blade|p2b: Machamp\n|-damage|p2b: Machamp|42/384 slp\n|cant|p2b: Machamp|slp\n|move|p2a: Muk|Ice Punch|p1b: Victor\n|-supereffective|p1b: Victor\n|-damage|p1b: Victor|100/333\n|\n|-heal|p2a: Muk|414/414 brn|[from] item: Black Sludge\n|-damage|p2a: Muk|389/414 brn|[from] brn\n|upkeep\n|turn|8\n|\n|t:|1738779895\n|move|p1b: Victor|Protect|p1b: Victor\n|-singleturn|p1b: Victor|Protect\n|cant|p2b: Machamp|slp\n|move|p1a: Gang Gang|Shadow Ball|p2a: Muk\n|-damage|p2a: Muk|256/414 brn\n|-unboost|p2a: Muk|spd|1\n|move|p2a: Muk|Ice Punch|p1b: Victor\n|-activate|p1b: Victor|move: Protect\n|\n|-heal|p2a: Muk|281/414 brn|[from] item: Black Sludge\n|-damage|p2a: Muk|256/414 brn|[from] brn\n|-end|p2a: Muk|Disable\n|upkeep\n|turn|9\n|\n|t:|1738779921\n|move|p1b: Victor|Sucker Punch|p2b: Machamp\n|-resisted|p2b: Machamp\n|-damage|p2b: Machamp|0 fnt\n|faint|p2b: Machamp\n|move|p1a: Gang Gang|Shadow Ball|p2a: Muk\n|-damage|p2a: Muk|36/414 brn\n|move|p2a: Muk|Ice Punch|p1b: Victor\n|-supereffective|p1b: Victor\n|-damage|p1b: Victor|0 fnt\n|faint|p1b: Victor\n|\n|-heal|p2a: Muk|61/414 brn|[from] item: Black Sludge\n|-damage|p2a: Muk|36/414 brn|[from] brn\n|upkeep\n|\n|t:|1738779940\n|switch|p1b: Dewey|Dewgong, M|227/384 psn\n|switch|p2b: Chansey|Chansey, F|704/704\n|turn|10\n|\n|t:|1738779958\n|move|p2a: Muk|Shadow Sneak|p1a: Gang Gang\n|-supereffective|p1a: Gang Gang\n|-damage|p1a: Gang Gang|137/262\n|move|p1a: Gang Gang|Sludge Wave|p2a: Muk|[spread] p1b,p2a,p2b\n|debug|Spread modifier: 0.75\n|debug|Spread modifier: 0.75\n|-resisted|p2a: Muk\n|debug|Spread modifier: 0.75\n|-damage|p1b: Dewey|130/384 psn\n|-damage|p2a: Muk|0 fnt\n|-damage|p2b: Chansey|628/704\n|debug|move failed because it did nothing\n|faint|p2a: Muk\n|move|p1b: Dewey|Knock Off|p2b: Chansey\n|-damage|p2b: Chansey|552/704\n|-enditem|p2b: Chansey|Eviolite|[from] move: Knock Off|[of] p1b: Dewey\n|move|p2b: Chansey|Teleport|p2b: Chansey\n|\n|t:|1738779970\n|switch|p2b: Starmie|Starmie|262/262|[from] Teleport\n|\n|-heal|p1b: Dewey|154/384 psn|[from] item: Leftovers\n|-damage|p1b: Dewey|106/384 psn|[from] psn\n|upkeep\n|\n|t:|1738779973\n|switch|p2a: Nidoking|Nidoking, M|304/304\n|turn|11\n|\n|t:|1738779983\n|move|p1a: Gang Gang|Protect|p1a: Gang Gang\n|-singleturn|p1a: Gang Gang|Protect\n|move|p2a: Nidoking|Earth Power|p1b: Dewey\n|-damage|p1b: Dewey|0 fnt\n|faint|p1b: Dewey\n|move|p2b: Starmie|Psychic|p1a: Gang Gang\n|-activate|p1a: Gang Gang|move: Protect\n|\n|upkeep\n|\n|t:|1738779991\n|switch|p1b: Sparky|Jolteon, M|272/272\n|turn|12\n|\n|t:|1738780005\n|move|p2a: Nidoking|Earth Power|p1b: Sparky\n|-supereffective|p1b: Sparky\n|-damage|p1b: Sparky|0 fnt\n|faint|p1b: Sparky\n|move|p2b: Starmie|Psychic|p1a: Gang Gang\n|-supereffective|p1a: Gang Gang\n|-damage|p1a: Gang Gang|0 fnt\n|faint|p1a: Gang Gang\n|\n|win|Mattmandaman\n|l|☆mistermoscow\n|player|p1|\n","uploadtime":1738780014,"views":"17","formatid":"gen9doublescustomgame","rating":null,"private":0,"password":null}