{"id":"gen9doublescustomgame-2308701002","format":"[Gen 9] Doubles Custom Game","players":["mistermoscow","mattmandaman"],"log":"|j|☆mistermoscow\n|j|☆mattmandaman\n|t:|1740624901\n|gametype|doubles\n|player|p1|mistermoscow|alder|\n|player|p2|mattmandaman|giovanni|\n|teamsize|p1|6\n|teamsize|p2|6\n|gen|9\n|tier|[Gen 9] Doubles Custom Game\n|clearpoke\n|poke|p1|Nidoking, M|\n|poke|p1|Primeape, M|\n|poke|p1|Victreebel, M|\n|poke|p1|Exeggutor, M|\n|poke|p1|Mr. Mime, F|\n|poke|p1|Flareon, F|\n|poke|p2|Slowpoke, F|\n|poke|p2|Dodrio, F|\n|poke|p2|Nidoking, M|\n|poke|p2|Starmie|\n|poke|p2|Electrode|\n|poke|p2|Gengar, F|\n|teampreview\n|\n|t:|1740624958\n|start\n|switch|p1a: Mrs. Mr. Mime|Mr. Mime, F|284/284\n|switch|p1b: Fluffy|Flareon, F|272/272\n|switch|p2a: Electrode|Electrode|289/289\n|switch|p2b: Nidoking|Nidoking, M|304/304\n|turn|1\n|\n|t:|1740624983\n|move|p1b: Fluffy|Protect|p1b: Fluffy\n|-singleturn|p1b: Fluffy|Protect\n|move|p2a: Electrode|Metal Sound|p1a: Mrs. Mr. Mime\n|-unboost|p1a: Mrs. Mr. Mime|spd|2\n|move|p2b: Nidoking|Sludge Wave|p1a: Mrs. Mr. Mime|[spread] p2a,p1a\n|-activate|p1b: Fluffy|move: Protect\n|debug|Spread modifier: 0.75\n|debug|Spread modifier: 0.75\n|-supereffective|p1a: Mrs. Mr. Mime\n|debug|Filter neutralize\n|-damage|p2a: Electrode|126/289\n|-damage|p1a: Mrs. Mr. Mime|0 fnt\n|faint|p1a: Mrs. Mr. Mime\n|\n|-status|p1b: Fluffy|tox|[from] item: Toxic Orb\n|upkeep\n|\n|t:|1740624999\n|switch|p1a: King Nido|Nidoking, M|366/366\n|turn|2\n|\n|t:|1740625029\n|switch|p1b: Apollo|Primeape, M|303/303\n|move|p2a: Electrode|Metal Sound|p1b: Apollo\n|-unboost|p1b: Apollo|spd|2\n|-ability|p1b: Apollo|Defiant|boost\n|-boost|p1b: Apollo|atk|2\n|move|p2b: Nidoking|Sludge Wave|p1a: King Nido|[spread] p2a,p1a,p1b\n|debug|Spread modifier: 0.75\n|debug|Spread modifier: 0.75\n|-resisted|p1a: King Nido\n|debug|Spread modifier: 0.75\n|-damage|p2a: Electrode|0 fnt\n|-damage|p1a: King Nido|321/366\n|-damage|p1b: Apollo|84/303\n|faint|p2a: Electrode\n|move|p1a: King Nido|High Horsepower|p2b: Nidoking\n|-supereffective|p2b: Nidoking\n|-damage|p2b: Nidoking|0 fnt\n|faint|p2b: Nidoking\n|-damage|p1a: King Nido|285/366|[from] item: Life Orb\n|\n|upkeep\n|\n|t:|1740625047\n|switch|p2a: Dodrio|Dodrio, F|262/262\n|switch|p2b: Slowpoke|Slowpoke, F|384/384\n|turn|3\n|\n|t:|1740625071\n|move|p1b: Apollo|Protect|p1b: Apollo\n|-singleturn|p1b: Apollo|Protect\n|move|p2a: Dodrio|Tailwind|p2a: Dodrio\n|-sidestart|p2: mattmandaman|move: Tailwind\n|move|p1a: King Nido|Ice Punch|p2a: Dodrio\n|-supereffective|p2a: Dodrio\n|-enditem|p2a: Dodrio|Focus Sash\n|-damage|p2a: Dodrio|1/262\n|move|p2b: Slowpoke|Psychic Terrain|p2b: Slowpoke\n|-fieldstart|move: Psychic Terrain\n|\n|upkeep\n|turn|4\n|\n|t:|1740625099\n|move|p2a: Dodrio|Drill Peck|p1b: Apollo\n|-supereffective|p1b: Apollo\n|-damage|p1b: Apollo|0 fnt\n|faint|p1b: Apollo\n|move|p1a: King Nido|Poison Jab|p2a: Dodrio\n|-damage|p2a: Dodrio|0 fnt\n|faint|p2a: Dodrio\n|move|p2b: Slowpoke|Teleport|p2b: Slowpoke\n|\n|t:|1740625105\n|switch|p2b: Starmie|Starmie|262/262|[from] Teleport\n|\n|upkeep\n|\n|t:|1740625126\n|switch|p2a: Gengar|Gengar, F|262/262\n|switch|p1b: Eggman|Exeggutor, M|394/394\n|turn|5\n|\n|t:|1740625144\n|move|p1b: Eggman|Protect|p1b: Eggman\n|-singleturn|p1b: Eggman|Protect\n|move|p2b: Starmie|Ice Beam|p1b: Eggman\n|-activate|p1b: Eggman|move: Protect\n|move|p2a: Gengar|Psychic|p1a: King Nido\n|debug|psychic terrain boost\n|-supereffective|p1a: King Nido\n|-damage|p1a: King Nido|0 fnt\n|faint|p1a: King Nido\n|\n|upkeep\n|\n|t:|1740625159\n|switch|p1a: Victor|Victreebel, M|364/364\n|turn|6\n|\n|t:|1740625164\n|switch|p1b: Fluffy|Flareon, F|272/272 tox\n|move|p2b: Starmie|Ice Beam|p1b: Fluffy\n|-resisted|p1b: Fluffy\n|-damage|p1b: Fluffy|209/272 tox\n|move|p2a: Gengar|Psychic|p1a: Victor\n|debug|psychic terrain boost\n|-supereffective|p1a: Victor\n|-damage|p1a: Victor|0 fnt\n|faint|p1a: Victor\n|\n|-damage|p1b: Fluffy|192/272 tox|[from] psn\n|-sideend|p2: mattmandaman|move: Tailwind\n|upkeep\n|-message|mistermoscow forfeited.\n|\n|win|mattmandaman\n|c|☆mistermoscow|lame\n|c|☆mistermoscow|i hate pokemon\n|c|☆mattmandaman|disagree gg\n|c|☆mattmandaman|pokemon so good\n","uploadtime":1740625189,"views":"11","formatid":"gen9doublescustomgame","rating":null,"private":0,"password":null}