{"id":"gen9doublescustomgame-2612894842","format":"[Gen 9] Doubles Custom Game","players":["Jamochi","Smokeydabearrr"],"log":"|j|☆Jamochi\n|j|☆Smokeydabearrr\n|t:|1779156905\n|gametype|doubles\n|player|p1|Jamochi|li|\n|player|p2|Smokeydabearrr|102|\n|gen|9\n|tier|[Gen 9] Doubles Custom Game\n|clearpoke\n|poke|p1|Charizard|\n|poke|p1|Brute Bonnet|\n|poke|p1|Landorus-Therian|\n|poke|p1|Kingambit|\n|poke|p1|Dragonite|\n|poke|p1|Porygon2|\n|poke|p2|Blastoise|\n|poke|p2|Gengar|\n|poke|p2|Pelipper|\n|poke|p2|Garganacl|\n|poke|p2|Incineroar|\n|poke|p2|Gholdengo|\n|teampreview\n|j| je64\n|j| mistermoscow\n|l| mistermoscow\n|j| mistermoscow\n|\n|t:|1779157078\n|teamsize|p1|6\n|teamsize|p2|6\n|start\n|switch|p1a: Charizard|Charizard|298/298\n|switch|p1b: Brute Bonnet|Brute Bonnet|426/426\n|switch|p2a: Incineroar|Incineroar|382/382\n|switch|p2b: Blastoise|Blastoise|362/362\n|-ability|p2a: Incineroar|Intimidate|boost\n|-unboost|p1a: Charizard|atk|1\n|-unboost|p1b: Brute Bonnet|atk|1\n|-enditem|p1b: Brute Bonnet|Booster Energy\n|-activate|p1b: Brute Bonnet|ability: Protosynthesis|[fromitem]\n|-start|p1b: Brute Bonnet|protosynthesisatk\n|turn|1\n|\n|t:|1779157107\n|detailschange|p1a: Charizard|Charizard-Mega-Y\n|-mega|p1a: Charizard|Charizard|Charizardite Y\n|-weather|SunnyDay|[from] ability: Drought|[of] p1a: Charizard\n|move|p2a: Incineroar|Fake Out|p1a: Charizard\n|-crit|p1a: Charizard\n|-damage|p1a: Charizard|226/298\n|move|p1b: Brute Bonnet|Rage Powder|p1b: Brute Bonnet\n|-singleturn|p1b: Brute Bonnet|move: Rage Powder\n|cant|p1a: Charizard|flinch\n|move|p2b: Blastoise|Water Spout|p1a: Charizard|[spread] p1a,p1b\n|debug|BP: 150\n|debug|Spread modifier: 0.75\n|debug|Sunny Day water suppress\n|-supereffective|p1a: Charizard\n|debug|BP: 150\n|debug|Spread modifier: 0.75\n|debug|Sunny Day water suppress\n|-resisted|p1b: Brute Bonnet\n|-damage|p1a: Charizard|130/298\n|-damage|p1b: Brute Bonnet|396/426\n|\n|-weather|SunnyDay|[upkeep]\n|upkeep\n|turn|2\n|\n|t:|1779157208\n|switch|p2a: Pelipper|Pelipper|261/261\n|-weather|RainDance|[from] ability: Drizzle|[of] p2a: Pelipper\n|move|p1a: Charizard|Solar Beam||[still]\n|-prepare|p1a: Charizard|Solar Beam\n|move|p2b: Blastoise|Water Spout|p1b: Brute Bonnet|[spread] p1a,p1b\n|debug|BP: 150\n|debug|Spread modifier: 0.75\n|debug|rain water boost\n|-supereffective|p1a: Charizard\n|debug|BP: 150\n|debug|Spread modifier: 0.75\n|debug|rain water boost\n|-resisted|p1b: Brute Bonnet\n|-damage|p1a: Charizard|0 fnt\n|-damage|p1b: Brute Bonnet|311/426\n|faint|p1a: Charizard\n|detailschange|p1: Charizard|Charizard|[silent]\n|move|p1b: Brute Bonnet|Seed Bomb|p2b: Blastoise\n|debug|Protosynthesis atk boost\n|-supereffective|p2b: Blastoise\n|-damage|p2b: Blastoise|108/362\n|\n|-weather|RainDance|[upkeep]\n|-heal|p2b: Blastoise|130/362|[from] ability: Rain Dish\n|-heal|p2b: Blastoise|152/362|[from] item: Leftovers\n|upkeep\n|\n|t:|1779157222\n|switch|p1a: Porygon2|Porygon2|374/374\n|-ability|p1a: Porygon2|Download|boost\n|-boost|p1a: Porygon2|spa|1\n|turn|3\n|\n|t:|1779157270\n|move|p2b: Blastoise|Protect|p2b: Blastoise\n|-singleturn|p2b: Blastoise|Protect\n|move|p2a: Pelipper|Icy Wind|p1a: Porygon2|[spread] p1a,p1b\n|debug|Spread modifier: 0.75\n|debug|Spread modifier: 0.75\n|-supereffective|p1b: Brute Bonnet\n|-damage|p1a: Porygon2|349/374\n|-damage|p1b: Brute Bonnet|225/426\n|-unboost|p1a: Porygon2|spe|1\n|-unboost|p1b: Brute Bonnet|spe|1\n|move|p1a: Porygon2|Thunderbolt|p2a: Pelipper\n|-supereffective|p2a: Pelipper\n|-damage|p2a: Pelipper|0 fnt\n|faint|p2a: Pelipper\n|move|p1b: Brute Bonnet|Seed Bomb|p2b: Blastoise\n|-activate|p2b: Blastoise|move: Protect\n|\n|-weather|RainDance|[upkeep]\n|-heal|p2b: Blastoise|174/362|[from] ability: Rain Dish\n|-heal|p2b: Blastoise|196/362|[from] item: Leftovers\n|upkeep\n|\n|t:|1779157355\n|switch|p2a: Incineroar|Incineroar|382/382\n|-ability|p2a: Incineroar|Intimidate|boost\n|-unboost|p1a: Porygon2|atk|1\n|-unboost|p1b: Brute Bonnet|atk|1\n|turn|4\n|\n|t:|1779157396\n|switch|p2b: Gengar|Gengar|262/262\n|move|p2a: Incineroar|Fake Out|p1b: Brute Bonnet\n|-damage|p1b: Brute Bonnet|189/426\n|cant|p1b: Brute Bonnet|flinch\n|move|p1a: Porygon2|Trick Room|p1a: Porygon2\n|-fieldstart|move: Trick Room|[of] p1a: Porygon2\n|\n|-weather|RainDance|[upkeep]\n|upkeep\n|turn|5\n|\n|t:|1779157485\n|-end|p1b: Brute Bonnet|Protosynthesis|[silent]\n|switch|p1b: Kingambit|Kingambit|404/404\n|-activate|p1b: Kingambit|ability: Supreme Overlord\n|-start|p1b: Kingambit|fallen1|[silent]\n|switch|p1a: Dragonite|Dragonite|323/323\n|switch|p2a: Gholdengo|Gholdengo|316/316\n|detailschange|p2b: Gengar|Gengar-Mega\n|-mega|p2b: Gengar|Gengar|Gengarite\n|move|p2b: Gengar|Sludge Wave|p1a: Dragonite|[spread] p1a\n|-immune|p2a: Gholdengo\n|-immune|p1b: Kingambit\n|debug|Spread modifier: 0.75\n|debug|Multiscale weaken\n|-damage|p1a: Dragonite|248/323\n|-status|p1a: Dragonite|psn\n|\n|-weather|RainDance|[upkeep]\n|-damage|p1a: Dragonite|208/323 psn|[from] psn\n|upkeep\n|turn|6\n|\n|t:|1779157612\n|move|p1b: Kingambit|Sucker Punch|p2b: Gengar\n|debug|Supreme Overlord boost: 4506/4096\n|-supereffective|p2b: Gengar\n|-damage|p2b: Gengar|0 fnt\n|faint|p2b: Gengar\n|detailschange|p2: Gengar|Gengar|[silent]\n|move|p1a: Dragonite|Outrage|p2a: Gholdengo\n|-resisted|p2a: Gholdengo\n|-damage|p2a: Gholdengo|182/316\n|move|p2a: Gholdengo|Nasty Plot|p2a: Gholdengo\n|-boost|p2a: Gholdengo|spa|2\n|\n|-weather|RainDance|[upkeep]\n|-damage|p1a: Dragonite|168/323 psn|[from] psn\n|upkeep\n|\n|t:|1779157661\n|switch|p2b: Blastoise|Blastoise|196/362\n|turn|7\n|\n|t:|1779157694\n|move|p2a: Gholdengo|Protect|p2a: Gholdengo\n|-singleturn|p2a: Gholdengo|Protect\n|move|p1b: Kingambit|Sucker Punch||[still]\n|-fail|p1b: Kingambit\n|move|p2b: Blastoise|Life Dew|p2b: Blastoise|[spread] p2b\n|-immune|p2a: Gholdengo|[from] ability: Good as Gold\n|-heal|p2b: Blastoise|287/362\n|move|p1a: Dragonite|Outrage|p2a: Gholdengo|[from] lockedmove\n|-activate|p2a: Gholdengo|move: Protect\n|\n|-weather|RainDance|[upkeep]\n|-heal|p2b: Blastoise|309/362|[from] ability: Rain Dish\n|-heal|p2b: Blastoise|331/362|[from] item: Leftovers\n|-damage|p1a: Dragonite|128/323 psn|[from] psn\n|upkeep\n|turn|8\n|\n|t:|1779157771\n|switch|p2b: Incineroar|Incineroar|382/382\n|-ability|p2b: Incineroar|Intimidate|boost\n|-unboost|p1a: Dragonite|atk|1\n|-unboost|p1b: Kingambit|atk|1\n|move|p1a: Dragonite|Extreme Speed|p2b: Incineroar\n|-damage|p2b: Incineroar|306/382\n|move|p1b: Kingambit|Sucker Punch|p2a: Gholdengo\n|debug|Supreme Overlord boost: 4506/4096\n|-supereffective|p2a: Gholdengo\n|-damage|p2a: Gholdengo|0 fnt\n|faint|p2a: Gholdengo\n|\n|-weather|RainDance|[upkeep]\n|-damage|p1a: Dragonite|88/323 psn|[from] psn\n|-fieldend|move: Trick Room\n|upkeep\n|\n|t:|1779157802\n|switch|p2a: Garganacl|Garganacl|404/404\n|turn|9\n|\n|t:|1779157918\n|move|p1a: Dragonite|Protect|p1a: Dragonite\n|-singleturn|p1a: Dragonite|Protect\n|move|p2b: Incineroar|Fake Out|p1b: Kingambit\n|-resisted|p1b: Kingambit\n|-damage|p1b: Kingambit|388/404\n|cant|p1b: Kingambit|flinch\n|move|p2a: Garganacl|Salt Cure|p1b: Kingambit\n|-resisted|p1b: Kingambit\n|-damage|p1b: Kingambit|367/404\n|-start|p1b: Kingambit|Salt Cure\n|\n|-weather|none\n|-damage|p1a: Dragonite|48/323 psn|[from] psn\n|-damage|p1b: Kingambit|266/404|[from] Salt Cure\n|upkeep\n|turn|10\n|\n|t:|1779158031\n|-end|p1b: Kingambit|fallen1|[silent]\n|switch|p1b: Porygon2|Porygon2|349/374\n|-ability|p1b: Porygon2|Download|boost\n|-boost|p1b: Porygon2|spa|1\n|move|p1a: Dragonite|Extreme Speed|p2b: Incineroar\n|debug|Negating (sp)atk boost/penalty.\n|-crit|p2b: Incineroar\n|-damage|p2b: Incineroar|136/382\n|move|p2b: Incineroar|Parting Shot|p1b: Porygon2\n|-unboost|p1b: Porygon2|atk|1\n|-unboost|p1b: Porygon2|spa|1\n|\n|t:|1779158044\n|switch|p2b: Blastoise|Blastoise|331/362|[from] Parting Shot\n|move|p2a: Garganacl|Body Press|p1b: Porygon2\n|-supereffective|p1b: Porygon2\n|-damage|p1b: Porygon2|249/374\n|\n|-heal|p2b: Blastoise|353/362|[from] item: Leftovers\n|-damage|p1a: Dragonite|8/323 psn|[from] psn\n|upkeep\n|turn|11\n|l|☆Smokeydabearrr\n|player|p2|\n|j|☆Smokeydabearrr\n|player|p2|Smokeydabearrr|102|\n|l|☆Smokeydabearrr\n|player|p2|\n|j|☆Smokeydabearrr\n|player|p2|Smokeydabearrr|102|\n|\n|t:|1779158200\n|move|p2b: Blastoise|Fake Out|p1a: Dragonite\n|-damage|p1a: Dragonite|0 fnt\n|debug|move failed because it did nothing\n|faint|p1a: Dragonite\n|move|p1b: Porygon2|Thunderbolt|p2b: Blastoise\n|-supereffective|p2b: Blastoise\n|-damage|p2b: Blastoise|223/362\n|-status|p2b: Blastoise|par\n|move|p2a: Garganacl|Salt Cure|p1b: Porygon2\n|-damage|p1b: Porygon2|219/374\n|-start|p1b: Porygon2|Salt Cure\n|\n|-heal|p2b: Blastoise|245/362 par|[from] item: Leftovers\n|-damage|p1b: Porygon2|173/374|[from] Salt Cure\n|upkeep\n|l|☆Smokeydabearrr\n|player|p2|\n|\n|t:|1779158210\n|switch|p1a: Brute Bonnet|Brute Bonnet|189/426\n|turn|12\n|c| mistermoscow|if james wins you guys rematch for 1st/2nd place, if arod wins the tourney\n|c|☆Jamochi|oh shit haha\n|j|☆Smokeydabearrr\n|player|p2|Smokeydabearrr|102|\n|\n|t:|1779158333\n|move|p2b: Blastoise|Protect|p2b: Blastoise\n|-singleturn|p2b: Blastoise|Protect\n|move|p1b: Porygon2|Recover|p1b: Porygon2\n|-heal|p1b: Porygon2|360/374\n|move|p2a: Garganacl|Salt Cure|p1a: Brute Bonnet\n|-damage|p1a: Brute Bonnet|146/426\n|-start|p1a: Brute Bonnet|Salt Cure\n|move|p1a: Brute Bonnet|Spore|p2a: Garganacl\n|-immune|p2a: Garganacl|[from] ability: Purifying Salt\n|debug|set status [slp] interrupted\n|debug|move failed because it did nothing\n|\n|-heal|p2b: Blastoise|267/362 par|[from] item: Leftovers\n|-damage|p1b: Porygon2|314/374|[from] Salt Cure\n|-damage|p1a: Brute Bonnet|93/426|[from] Salt Cure\n|upkeep\n|turn|13\n|\n|t:|1779158391\n|move|p1b: Porygon2|Thunderbolt|p2b: Blastoise\n|-supereffective|p2b: Blastoise\n|-damage|p2b: Blastoise|149/362 par\n|move|p2a: Garganacl|Body Press|p1b: Porygon2\n|-supereffective|p1b: Porygon2\n|-damage|p1b: Porygon2|208/374\n|move|p1a: Brute Bonnet|Seed Bomb|p2b: Blastoise\n|-supereffective|p2b: Blastoise\n|-damage|p2b: Blastoise|0 fnt\n|faint|p2b: Blastoise\n|\n|-damage|p1b: Porygon2|162/374|[from] Salt Cure\n|-damage|p1a: Brute Bonnet|40/426|[from] Salt Cure\n|upkeep\n|\n|t:|1779158401\n|switch|p2b: Incineroar|Incineroar|136/382\n|-ability|p2b: Incineroar|Intimidate|boost\n|-unboost|p1a: Brute Bonnet|atk|1\n|-unboost|p1b: Porygon2|atk|1\n|turn|14\n|\n|t:|1779158414\n|move|p2b: Incineroar|Fake Out|p1b: Porygon2\n|-damage|p1b: Porygon2|137/374\n|move|p1a: Brute Bonnet|Rage Powder|p1a: Brute Bonnet\n|-singleturn|p1a: Brute Bonnet|move: Rage Powder\n|cant|p1b: Porygon2|flinch\n|move|p2a: Garganacl|Body Press|p1a: Brute Bonnet\n|debug|Rage Powder redirected target of move\n|-supereffective|p1a: Brute Bonnet\n|-damage|p1a: Brute Bonnet|0 fnt\n|faint|p1a: Brute Bonnet\n|-end|p1a: Brute Bonnet|Protosynthesis|[silent]\n|\n|-damage|p1b: Porygon2|91/374|[from] Salt Cure\n|upkeep\n|\n|t:|1779158421\n|switch|p1a: Kingambit|Kingambit|266/404\n|-activate|p1a: Kingambit|ability: Supreme Overlord\n|-start|p1a: Kingambit|fallen3|[silent]\n|turn|15\n|\n|t:|1779158440\n|move|p1a: Kingambit|Protect|p1a: Kingambit\n|-singleturn|p1a: Kingambit|Protect\n|move|p2b: Incineroar|Flare Blitz|p1a: Kingambit\n|-activate|p1a: Kingambit|move: Protect\n|move|p1b: Porygon2|Recover|p1b: Porygon2\n|-heal|p1b: Porygon2|278/374\n|move|p2a: Garganacl|Body Press|p1b: Porygon2\n|-supereffective|p1b: Porygon2\n|-crit|p1b: Porygon2\n|-damage|p1b: Porygon2|126/374\n|\n|-damage|p1b: Porygon2|80/374|[from] Salt Cure\n|upkeep\n|turn|16\n|\n|t:|1779158512\n|move|p2b: Incineroar|Knock Off|p1b: Porygon2\n|-damage|p1b: Porygon2|0 fnt\n|-enditem|p1b: Porygon2|Eviolite|[from] move: Knock Off|[of] p2b: Incineroar\n|faint|p1b: Porygon2\n|move|p1a: Kingambit|Iron Head|p2a: Garganacl\n|debug|Supreme Overlord boost: 5325/4096\n|-supereffective|p2a: Garganacl\n|-damage|p2a: Garganacl|86/404\n|-enditem|p2a: Garganacl|Sitrus Berry|[eat]\n|-heal|p2a: Garganacl|187/404|[from] item: Sitrus Berry\n|cant|p2a: Garganacl|flinch\n|\n|upkeep\n|\n|t:|1779158518\n|switch|p1b: Landorus|Landorus-Therian|382/382\n|-ability|p1b: Landorus|Intimidate|boost\n|-unboost|p2a: Garganacl|atk|1\n|-unboost|p2b: Incineroar|atk|1\n|turn|17\n|\n|t:|1779158565\n|move|p1a: Kingambit|Protect|p1a: Kingambit\n|-singleturn|p1a: Kingambit|Protect\n|move|p1b: Landorus|Earthquake|p2a: Garganacl|[spread] p2a,p2b\n|-activate|p1a: Kingambit|move: Protect\n|debug|Spread modifier: 0.75\n|-supereffective|p2a: Garganacl\n|debug|Spread modifier: 0.75\n|-supereffective|p2b: Incineroar\n|-damage|p2a: Garganacl|17/404\n|-damage|p2b: Incineroar|0 fnt\n|faint|p2b: Incineroar\n|move|p2a: Garganacl|Salt Cure|p1a: Kingambit\n|-activate|p1a: Kingambit|move: Protect\n|\n|upkeep\n|turn|18\n|\n|t:|1779158574\n|move|p1b: Landorus|Rock Slide|p2a: Garganacl|[miss]\n|-miss|p1b: Landorus|p2a: Garganacl\n|move|p1a: Kingambit|Iron Head|p2a: Garganacl\n|debug|Supreme Overlord boost: 5325/4096\n|-supereffective|p2a: Garganacl\n|-damage|p2a: Garganacl|0 fnt\n|debug|move failed because it did nothing\n|faint|p2a: Garganacl\n|\n|win|Jamochi\n|c|☆Jamochi|ggg\n|c|☆Jamochi|well played\n|c| mistermoscow|do it again...\n|c|☆Jamochi|time of the rematch haha\n|l|☆Jamochi\n|player|p1|\n|c| je64|or just end it in a tie?\n","uploadtime":1779158593,"views":"6","formatid":"gen9doublescustomgame","rating":null,"private":0,"password":null}