{"id":"gen9doublescustomgame-2276915389","format":"[Gen 9] Doubles Custom Game","players":["mistermoscow","Mattmandaman"],"log":"|j|☆mistermoscow\n|j|☆Mattmandaman\n|t:|1736291535\n|gametype|doubles\n|player|p1|mistermoscow|alder|\n|player|p2|Mattmandaman|giovanni|\n|teamsize|p1|6\n|teamsize|p2|6\n|gen|9\n|tier|[Gen 9] Doubles Custom Game\n|clearpoke\n|poke|p1|Butterfree, F|\n|poke|p1|Fearow, M|\n|poke|p1|Clefairy, M|\n|poke|p1|Poliwrath, F|\n|poke|p1|Victreebel, M|\n|poke|p1|Snorlax, M|\n|poke|p2|Primeape, M|\n|poke|p2|Marowak, M|\n|poke|p2|Dodrio, M|\n|poke|p2|Gengar, M|\n|poke|p2|Pikachu, F|\n|poke|p2|Tentacruel, F|\n|teampreview\n|\n|t:|1736291581\n|start\n|switch|p1a: Big Bird|Fearow, M|271/271\n|switch|p1b: Victor|Victreebel, M|333/333\n|switch|p2a: Dodrio|Dodrio, M|262/262\n|switch|p2b: Primeape|Primeape, M|272/272\n|turn|1\n|\n|t:|1736291626\n|move|p2a: Dodrio|Brave Bird|p1b: Victor\n|-supereffective|p1b: Victor\n|-damage|p1b: Victor|0 fnt\n|faint|p1b: Victor\n|-damage|p2a: Dodrio|152/262|[from] Recoil\n|move|p1a: Big Bird|Drill Peck|p2b: Primeape\n|-supereffective|p2b: Primeape\n|-damage|p2b: Primeape|66/272\n|move|p2b: Primeape|Rock Slide|p1a: Big Bird\n|-supereffective|p1a: Big Bird\n|-damage|p1a: Big Bird|55/271\n|debug|Covert Cloak prevent secondary\n|\n|upkeep\n|\n|t:|1736291668\n|switch|p1b: Polly|Poliwrath, F|384/384\n|turn|2\n|\n|t:|1736291690\n|switch|p1a: Snax|Snorlax, M|524/524\n|move|p2a: Dodrio|Tailwind|p2a: Dodrio\n|-sidestart|p2: Mattmandaman|move: Tailwind\n|move|p2b: Primeape|Rock Slide|p1a: Snax|[spread] p1a,p1b\n|debug|Spread modifier: 0.75\n|-crit|p1a: Snax\n|debug|Spread modifier: 0.75\n|-resisted|p1b: Polly\n|-damage|p1a: Snax|444/524\n|-damage|p1b: Polly|355/384\n|cant|p1b: Polly|flinch\n|\n|-heal|p1a: Snax|476/524|[from] item: Leftovers\n|upkeep\n|turn|3\n|\n|t:|1736291750\n|switch|p2a: Gengar|Gengar, M|262/262\n|move|p2b: Primeape|Drain Punch|p1a: Snax\n|-supereffective|p1a: Snax\n|-damage|p1a: Snax|242/524\n|-heal|p2b: Primeape|183/272|[from] drain|[of] p1a: Snax\n|move|p1b: Polly|Coaching|p1a: Snax\n|-boost|p1a: Snax|atk|1\n|-boost|p1a: Snax|def|1\n|move|p1a: Snax|Double-Edge|p2b: Primeape\n|-damage|p2b: Primeape|0 fnt\n|faint|p2b: Primeape\n|-damage|p1a: Snax|182/524|[from] Recoil\n|\n|-heal|p1a: Snax|214/524|[from] item: Leftovers\n|upkeep\n|\n|t:|1736291770\n|switch|p2b: Pikachu|Pikachu, F|211/211\n|turn|4\n|\n|t:|1736291812\n|move|p1a: Snax|Protect|p1a: Snax\n|-singleturn|p1a: Snax|Protect\n|move|p2a: Gengar|Will-O-Wisp|p1a: Snax\n|-activate|p1a: Snax|move: Protect\n|move|p2b: Pikachu|Volt Tackle|p1b: Polly\n|-supereffective|p1b: Polly\n|-damage|p1b: Polly|0 fnt\n|faint|p1b: Polly\n|-damage|p2b: Pikachu|94/211|[from] Recoil\n|\n|-heal|p1a: Snax|246/524|[from] item: Leftovers\n|upkeep\n|\n|t:|1736291878\n|switch|p1b: Clifford|Clefairy, M|344/344\n|turn|5\n|\n|t:|1736291890\n|move|p1b: Clifford|Follow Me|p1b: Clifford\n|-singleturn|p1b: Clifford|move: Follow Me\n|move|p2a: Gengar|Sludge Bomb|p1b: Clifford\n|debug|Follow Me redirected target of move\n|-supereffective|p1b: Clifford\n|-damage|p1b: Clifford|78/344\n|move|p2b: Pikachu|Volt Switch|p1b: Clifford\n|debug|Follow Me redirected target of move\n|-damage|p1b: Clifford|8/344\n|\n|t:|1736291907\n|switch|p2b: Dodrio|Dodrio, M|152/262|[from] Volt Switch\n|move|p1a: Snax|Earthquake|p2b: Dodrio|[spread] p1b,p2a\n|-immune|p2b: Dodrio\n|debug|Spread modifier: 0.75\n|debug|Spread modifier: 0.75\n|-supereffective|p2a: Gengar\n|-damage|p1b: Clifford|0 fnt\n|-enditem|p2a: Gengar|Focus Sash\n|-damage|p2a: Gengar|1/262\n|-start|p1a: Snax|Disable|Earthquake|[from] ability: Cursed Body|[of] p2a: Gengar\n|faint|p1b: Clifford\n|\n|-heal|p1a: Snax|278/524|[from] item: Leftovers\n|-sideend|p2: Mattmandaman|move: Tailwind\n|upkeep\n|\n|t:|1736291933\n|switch|p1b: Purple Haze|Butterfree, F|262/262\n|turn|6\n|\n|t:|1736291969\n|move|p1a: Snax|Protect|p1a: Snax\n|-singleturn|p1a: Snax|Protect\n|move|p2b: Dodrio|Brave Bird|p1b: Purple Haze\n|-supereffective|p1b: Purple Haze\n|-enditem|p1b: Purple Haze|Focus Sash\n|-damage|p1b: Purple Haze|1/262\n|-damage|p2b: Dodrio|66/262|[from] Recoil\n|move|p2a: Gengar|Will-O-Wisp|p1a: Snax\n|-activate|p1a: Snax|move: Protect\n|move|p1b: Purple Haze|Hurricane|p2a: Gengar\n|debug|compoundeyes - enhancing accuracy\n|-damage|p2a: Gengar|0 fnt\n|debug|move failed because it did nothing\n|faint|p2a: Gengar\n|\n|-heal|p1a: Snax|310/524|[from] item: Leftovers\n|upkeep\n|\n|t:|1736292008\n|switch|p2a: Tentacruel|Tentacruel, F|364/364\n|turn|7\n|\n|t:|1736292053\n|move|p2b: Dodrio|Tailwind|p2b: Dodrio\n|-sidestart|p2: Mattmandaman|move: Tailwind\n|move|p2a: Tentacruel|Icy Wind|p1b: Purple Haze|[spread] p1a,p1b\n|debug|Spread modifier: 0.75\n|debug|Spread modifier: 0.75\n|-supereffective|p1b: Purple Haze\n|-damage|p1a: Snax|282/524\n|-damage|p1b: Purple Haze|0 fnt\n|-unboost|p1a: Snax|spe|1\n|faint|p1b: Purple Haze\n|move|p1a: Snax|Double-Edge|p2a: Tentacruel\n|-damage|p2a: Tentacruel|51/364\n|-damage|p1a: Snax|179/524|[from] Recoil\n|\n|-heal|p2a: Tentacruel|73/364|[from] item: Black Sludge\n|-heal|p1a: Snax|211/524|[from] item: Leftovers\n|upkeep\n|\n|t:|1736292067\n|switch|p1b: Big Bird|Fearow, M|55/271\n|turn|8\n|\n|t:|1736292077\n|move|p1a: Snax|Protect|p1a: Snax\n|-singleturn|p1a: Snax|Protect\n|move|p2b: Dodrio|Brave Bird|p1b: Big Bird\n|-damage|p1b: Big Bird|0 fnt\n|faint|p1b: Big Bird\n|-damage|p2b: Dodrio|48/262|[from] Recoil\n|move|p2a: Tentacruel|Sludge Bomb|p1a: Snax\n|-activate|p1a: Snax|move: Protect\n|\n|-heal|p2a: Tentacruel|95/364|[from] item: Black Sludge\n|-heal|p1a: Snax|243/524|[from] item: Leftovers\n|-end|p1a: Snax|Disable\n|upkeep\n|turn|9\n|\n|t:|1736292095\n|move|p1a: Snax|Protect||[still]\n|debug|Success chance: 33%\n|-fail|p1a: Snax\n|move|p2b: Dodrio|Brave Bird|p1a: Snax\n|-damage|p1a: Snax|123/524\n|-damage|p2b: Dodrio|8/262|[from] Recoil\n|move|p2a: Tentacruel|Sludge Bomb|p1a: Snax\n|-damage|p1a: Snax|48/524\n|debug|set status [psn] interrupted\n|debug|move failed because it did nothing\n|\n|-heal|p2a: Tentacruel|117/364|[from] item: Black Sludge\n|-heal|p1a: Snax|80/524|[from] item: Leftovers\n|upkeep\n|turn|10\n|\n|t:|1736292111\n|move|p1a: Snax|Protect|p1a: Snax\n|-singleturn|p1a: Snax|Protect\n|move|p2b: Dodrio|Brave Bird|p1a: Snax\n|-activate|p1a: Snax|move: Protect\n|move|p2a: Tentacruel|Sludge Bomb|p1a: Snax\n|-activate|p1a: Snax|move: Protect\n|\n|-heal|p2a: Tentacruel|139/364|[from] item: Black Sludge\n|-heal|p1a: Snax|112/524|[from] item: Leftovers\n|-sideend|p2: Mattmandaman|move: Tailwind\n|upkeep\n|turn|11\n|\n|t:|1736292124\n|move|p1a: Snax|Protect||[still]\n|debug|Success chance: 33%\n|-fail|p1a: Snax\n|move|p2b: Dodrio|Brave Bird|p1a: Snax\n|-damage|p1a: Snax|0 fnt\n|faint|p1a: Snax\n|-damage|p2b: Dodrio|0 fnt|[from] Recoil\n|faint|p2b: Dodrio\n|\n|win|Mattmandaman\n","uploadtime":1736292153,"views":"21","formatid":"gen9doublescustomgame","rating":null,"private":0,"password":null}