{"id":"gen9doublescustomgame-2004197595","format":"[Gen 9] Doubles Custom Game","players":["smokeydabearrr","noli_cannoli10"],"log":"|j|☆smokeydabearrr\n|j|☆noli_cannoli10\n|t:|1701656919\n|gametype|doubles\n|player|p1|smokeydabearrr|169|\n|player|p2|noli_cannoli10|102|\n|teamsize|p1|6\n|teamsize|p2|6\n|gen|9\n|tier|[Gen 9] Doubles Custom Game\n|clearpoke\n|poke|p1|Torkoal, F|\n|poke|p1|Walking Wake|\n|poke|p1|Flutter Mane|\n|poke|p1|Heatran, M|\n|poke|p1|Iron Bundle|\n|poke|p1|Chi-Yu|\n|poke|p2|Murkrow, F|\n|poke|p2|Gholdengo|\n|poke|p2|Amoonguss, F|\n|poke|p2|Kommo-o, F|\n|poke|p2|Kingambit, M|\n|poke|p2|Mimikyu, F|\n|teampreview\n|j| Mister Moscow\n|\n|t:|1701656963\n|start\n|switch|p1a: Yurtle The Turtle|Torkoal, F|335/335\n|switch|p1b: WAKE ME UP INSIDE|Walking Wake|339/339\n|switch|p2a: Murder Bird|Murkrow, F, shiny|324/324\n|switch|p2b: Mojo JoJo|Kommo-o, F|292/292\n|-weather|SunnyDay|[from] ability: Drought|[of] p1a: Yurtle The Turtle\n|-activate|p1b: WAKE ME UP INSIDE|ability: Protosynthesis\n|-start|p1b: WAKE ME UP INSIDE|protosynthesisspa\n|turn|1\n|\n|t:|1701657004\n|-terastallize|p1b: WAKE ME UP INSIDE|Water\n|move|p2a: Murder Bird|Taunt|p1a: Yurtle The Turtle\n|-start|p1a: Yurtle The Turtle|move: Taunt\n|move|p1b: WAKE ME UP INSIDE|Hydro Steam|p2b: Mojo JoJo\n|debug|Protosynthesis spa boost\n|debug|Sunny Day Hydro Steam boost\n|-resisted|p2b: Mojo JoJo\n|-damage|p2b: Mojo JoJo|47/292\n|-enditem|p2b: Mojo JoJo|Figy Berry|[eat]\n|-heal|p2b: Mojo JoJo|144/292|[from] item: Figy Berry\n|-start|p2b: Mojo JoJo|confusion\n|-activate|p2b: Mojo JoJo|confusion\n|-damage|p2b: Mojo JoJo|123/292|[from] confusion\n|cant|p1a: Yurtle The Turtle|move: Taunt|Will-O-Wisp\n|\n|-weather|SunnyDay|[upkeep]\n|upkeep\n|turn|2\n|c|☆smokeydabearrr|oof wrong berry\n|\n|t:|1701657048\n|switch|p2b: Golden Boi|Gholdengo|316/316\n|move|p2a: Murder Bird|Tailwind|p2a: Murder Bird\n|-sidestart|p2: noli_cannoli10|move: Tailwind\n|move|p1b: WAKE ME UP INSIDE|Hydro Steam|p2a: Murder Bird\n|debug|Protosynthesis spa boost\n|debug|Sunny Day Hydro Steam boost\n|-damage|p2a: Murder Bird|0 fnt\n|faint|p2a: Murder Bird\n|move|p1a: Yurtle The Turtle|Heat Wave|p2b: Golden Boi\n|debug|Sunny Day fire boost\n|-supereffective|p2b: Golden Boi\n|-damage|p2b: Golden Boi|0 fnt\n|faint|p2b: Golden Boi\n|\n|-weather|SunnyDay|[upkeep]\n|upkeep\n|\n|t:|1701657061\n|switch|p2b: Pikachoo|Mimikyu, F|252/252\n|switch|p2a: Sussy Baka|Amoonguss, F|432/432\n|turn|3\n|\n|t:|1701657077\n|move|p2b: Pikachoo|Curse|p1a: Yurtle The Turtle\n|-start|p1a: Yurtle The Turtle|Curse|[of] p2b: Pikachoo\n|-damage|p2b: Pikachoo|126/252\n|move|p1b: WAKE ME UP INSIDE|Hydro Steam|p2a: Sussy Baka\n|debug|Protosynthesis spa boost\n|debug|Sunny Day Hydro Steam boost\n|-resisted|p2a: Sussy Baka\n|-crit|p2a: Sussy Baka\n|-damage|p2a: Sussy Baka|0 fnt\n|faint|p2a: Sussy Baka\n|move|p1a: Yurtle The Turtle|Heat Wave|p2b: Pikachoo\n|debug|Sunny Day fire boost\n|-activate|p2b: Pikachoo|ability: Disguise\n|-damage|p2b: Pikachoo|126/252\n|detailschange|p2b: Pikachoo|Mimikyu-Busted, F\n|-damage|p2b: Pikachoo|95/252|[from] pokemon: Mimikyu-Busted\n|\n|-weather|SunnyDay|[upkeep]\n|-damage|p1a: Yurtle The Turtle|252/335|[from] Curse\n|-end|p1a: Yurtle The Turtle|move: Taunt\n|upkeep\n|c| Mister Moscow|i love that you kept my name for torkoal loil\n|c|☆smokeydabearrr|lmao yup\n|\n|t:|1701657094\n|switch|p2a: Mojo JoJo|Kommo-o, F|123/292\n|turn|4\n|\n|t:|1701657110\n|move|p2b: Pikachoo|Shadow Sneak|p1a: Yurtle The Turtle\n|-damage|p1a: Yurtle The Turtle|212/335\n|move|p2a: Mojo JoJo|Clanging Scales|p1b: WAKE ME UP INSIDE|[spread] p1a,p1b\n|debug|Spread modifier: 0.75\n|debug|Spread modifier: 0.75\n|-damage|p1a: Yurtle The Turtle|100/335\n|-damage|p1b: WAKE ME UP INSIDE|188/339\n|-unboost|p2a: Mojo JoJo|def|1\n|move|p1b: WAKE ME UP INSIDE|Hydro Steam|p2a: Mojo JoJo\n|debug|Protosynthesis spa boost\n|debug|Sunny Day Hydro Steam boost\n|-resisted|p2a: Mojo JoJo\n|-damage|p2a: Mojo JoJo|0 fnt\n|faint|p2a: Mojo JoJo\n|move|p1a: Yurtle The Turtle|Heat Wave|p2b: Pikachoo\n|debug|Sunny Day fire boost\n|-damage|p2b: Pikachoo|0 fnt\n|faint|p2b: Pikachoo\n|\n|-weather|SunnyDay|[upkeep]\n|-damage|p1a: Yurtle The Turtle|17/335|[from] Curse\n|upkeep\n|\n|t:|1701657126\n|switch|p2b: Fire Lord Ozai|Kingambit, M, shiny|404/404\n|-activate|p2b: Fire Lord Ozai|ability: Supreme Overlord\n|-start|p2b: Fire Lord Ozai|fallen5|[silent]\n|turn|5\n|\n|t:|1701657138\n|move|p1b: WAKE ME UP INSIDE|Hydro Steam|p2b: Fire Lord Ozai\n|debug|Protosynthesis spa boost\n|debug|Sunny Day Hydro Steam boost\n|-damage|p2b: Fire Lord Ozai|4/404\n|move|p2b: Fire Lord Ozai|Kowtow Cleave|p1b: WAKE ME UP INSIDE\n|debug|Supreme Overlord boost: 6144/4096\n|-damage|p1b: WAKE ME UP INSIDE|0 fnt\n|faint|p1b: WAKE ME UP INSIDE\n|-end|p1b: WAKE ME UP INSIDE|Protosynthesis|[silent]\n|move|p1a: Yurtle The Turtle|Heat Wave|p2b: Fire Lord Ozai\n|debug|Sunny Day fire boost\n|-supereffective|p2b: Fire Lord Ozai\n|-damage|p2b: Fire Lord Ozai|0 fnt\n|faint|p2b: Fire Lord Ozai\n|-end|p2b: Fire Lord Ozai|fallen5|[silent]\n|\n|win|smokeydabearrr\n|c|☆smokeydabearrr|gg\n|l|☆noli_cannoli10\n|c| Mister Moscow|walking wake is so scary lol\n|c|☆smokeydabearrr|beast lol\n","uploadtime":1701657169,"views":"20","formatid":"gen9doublescustomgame","rating":null,"private":0,"password":null}