{"id":"gen9doublescustomgame-2298363915","format":"[Gen 9] Doubles Custom Game","players":["je64","mistermoscow"],"log":"|j|☆je64\n|j|☆mistermoscow\n|t:|1739236381\n|gametype|doubles\n|player|p1|je64|266|\n|player|p2|mistermoscow|alder|\n|teamsize|p1|6\n|teamsize|p2|6\n|gen|9\n|tier|[Gen 9] Doubles Custom Game\n|clearpoke\n|poke|p1|Dewgong, M|\n|poke|p1|Exeggutor, F|\n|poke|p1|Electabuzz, M|\n|poke|p1|Magmar, F|\n|poke|p1|Kadabra, M|\n|poke|p1|Gyarados, F|\n|poke|p2|Butterfree, F|\n|poke|p2|Nidoking, M|\n|poke|p2|Primeape, M|\n|poke|p2|Gengar, M|\n|poke|p2|Ditto|\n|poke|p2|Dragonite, M|\n|teampreview\n|\n|t:|1739236467\n|start\n|switch|p1a: Dude Thong|Dewgong, M|384/384\n|switch|p1b: Myagmar|Magmar, F|334/334\n|switch|p2a: Puff Daddy|Dragonite, M|355/355\n|switch|p2b: King Nido|Nidoking, M|304/304\n|turn|1\n|\n|t:|1739236489\n|switch|p2a: Imp|Ditto|300/300\n|-transform|p2a: Imp|p1b: Myagmar|[from] ability: Imposter\n|move|p1a: Dude Thong|Fake Out|p2b: King Nido\n|-damage|p2b: King Nido|274/304\n|cant|p2b: King Nido|flinch\n|move|p1b: Myagmar|Will-O-Wisp|p2a: Imp\n|debug|natural status immunity\n|debug|immune to status\n|-immune|p2a: Imp\n|debug|move failed because it did nothing\n|\n|upkeep\n|turn|2\n|\n|t:|1739236540\n|switch|p2a: Apollo|Primeape, M|272/272\n|switch|p1b: Gyarados|Gyarados, F|331/331\n|-ability|p1b: Gyarados|Intimidate|boost\n|-fail|p2a: Apollo|unboost|[from] item: Clear Amulet|[of] p2a: Apollo\n|-unboost|p2b: King Nido|atk|1\n|move|p2b: King Nido|Thunder|p1a: Dude Thong\n|-supereffective|p1a: Dude Thong\n|-damage|p1a: Dude Thong|198/384\n|move|p1a: Dude Thong|Knock Off|p2b: King Nido\n|-damage|p2b: King Nido|198/304\n|-enditem|p2b: King Nido|Choice Scarf|[from] move: Knock Off|[of] p1a: Dude Thong\n|\n|upkeep\n|turn|3\n|\n|t:|1739236565\n|move|p1b: Gyarados|Waterfall|p2b: King Nido\n|-supereffective|p2b: King Nido\n|-damage|p2b: King Nido|0 fnt\n|faint|p2b: King Nido\n|move|p2a: Apollo|Bulk Up|p2a: Apollo\n|-boost|p2a: Apollo|atk|1\n|-boost|p2a: Apollo|def|1\n|move|p1a: Dude Thong|Knock Off|p2a: Apollo\n|-resisted|p2a: Apollo\n|-damage|p2a: Apollo|244/272\n|-enditem|p2a: Apollo|Clear Amulet|[from] move: Knock Off|[of] p1a: Dude Thong\n|\n|upkeep\n|\n|t:|1739236580\n|switch|p2b: Imp|Ditto|300/300\n|-transform|p2b: Imp|p1a: Dude Thong|[from] ability: Imposter\n|turn|4\n|\n|t:|1739236601\n|switch|p1b: K.Dot|Kadabra, M|221/221\n|switch|p1a: Myagmar|Magmar, F|334/334\n|move|p2b: Imp|Fake Out|p1b: K.Dot\n|-damage|p1b: K.Dot|165/221\n|move|p2a: Apollo|Bulk Up|p2a: Apollo\n|-boost|p2a: Apollo|atk|1\n|-boost|p2a: Apollo|def|1\n|\n|upkeep\n|turn|5\n|\n|t:|1739236633\n|move|p2a: Apollo|Protect|p2a: Apollo\n|-singleturn|p2a: Apollo|Protect\n|move|p1b: K.Dot|Psychic Terrain|p1b: K.Dot\n|-fieldstart|move: Psychic Terrain\n|move|p1a: Myagmar|Sunny Day|p1a: Myagmar\n|-weather|SunnyDay\n|move|p2b: Imp|Knock Off|p1b: K.Dot\n|-supereffective|p1b: K.Dot\n|-damage|p1b: K.Dot|0 fnt\n|-enditem|p1b: K.Dot|Life Orb|[from] move: Knock Off|[of] p2b: Imp\n|faint|p1b: K.Dot\n|\n|-weather|SunnyDay|[upkeep]\n|upkeep\n|\n|t:|1739236642\n|switch|p1b: San Ti Ren 三体人|Exeggutor, F|332/332\n|turn|6\n|\n|t:|1739236687\n|move|p2a: Apollo|Protect|p2a: Apollo\n|debug|Success chance: 33%\n|-singleturn|p2a: Apollo|Protect\n|move|p1b: San Ti Ren 三体人|Expanding Force|p2a: Apollo|[spread] p2b\n|-activate|p2a: Apollo|move: Protect\n|debug|psychic terrain boost\n|debug|terrain buff\n|debug|Spread modifier: 0.75\n|-damage|p2b: Imp|105/300\n|move|p1a: Myagmar|Will-O-Wisp|p2b: Imp\n|-status|p2b: Imp|brn\n|move|p2b: Imp|Triple Axel|p1b: San Ti Ren 三体人\n|-supereffective|p1b: San Ti Ren 三体人\n|-damage|p1b: San Ti Ren 三体人|310/332\n|-supereffective|p1b: San Ti Ren 三体人\n|-damage|p1b: San Ti Ren 三体人|273/332\n|-supereffective|p1b: San Ti Ren 三体人\n|-damage|p1b: San Ti Ren 三体人|210/332\n|-hitcount|p1b: San Ti Ren 三体人|3\n|\n|-weather|SunnyDay|[upkeep]\n|-heal|p2b: Imp|123/300 brn|[from] item: Leftovers\n|-damage|p2b: Imp|105/300 brn|[from] brn\n|upkeep\n|turn|7\n|\n|t:|1739236746\n|switch|p2b: Puff Daddy|Dragonite, M|355/355\n|move|p1b: San Ti Ren 三体人|Expanding Force|p2a: Apollo|[spread] p2a,p2b\n|debug|psychic terrain boost\n|debug|terrain buff\n|debug|Spread modifier: 0.75\n|-supereffective|p2a: Apollo\n|debug|psychic terrain boost\n|debug|terrain buff\n|debug|Spread modifier: 0.75\n|debug|Multiscale weaken\n|-damage|p2a: Apollo|0 fnt\n|-damage|p2b: Puff Daddy|250/355\n|faint|p2a: Apollo\n|move|p1a: Myagmar|Overheat|p2b: Puff Daddy\n|debug|Sunny Day fire boost\n|-resisted|p2b: Puff Daddy\n|-damage|p2b: Puff Daddy|144/355\n|-unboost|p1a: Myagmar|spa|2\n|\n|-weather|SunnyDay|[upkeep]\n|upkeep\n|\n|t:|1739236758\n|switch|p2a: Imp|Ditto|105/300 brn\n|-transform|p2a: Imp|p1b: San Ti Ren 三体人|[from] ability: Imposter\n|turn|8\n|\n|t:|1739236778\n|move|p1b: San Ti Ren 三体人|Expanding Force|p2b: Puff Daddy|[spread] p2a,p2b\n|debug|psychic terrain boost\n|debug|terrain buff\n|debug|Spread modifier: 0.75\n|-resisted|p2a: Imp\n|debug|psychic terrain boost\n|debug|terrain buff\n|debug|Spread modifier: 0.75\n|-damage|p2a: Imp|0 fnt\n|-damage|p2b: Puff Daddy|0 fnt\n|faint|p2a: Imp\n|faint|p2b: Puff Daddy\n|move|p1a: Myagmar|Overheat|p2: Imp|[notarget]\n|-fail|p1a: Myagmar\n|\n|-weather|SunnyDay|[upkeep]\n|upkeep\n|\n|t:|1739236785\n|switch|p2b: Purple Haze|Butterfree, F|262/262\n|switch|p2a: Gang Gang|Gengar, M|261/261\n|turn|9\n|\n|t:|1739236803\n|switch|p1a: Dude Thong|Dewgong, M|198/384\n|move|p2a: Gang Gang|Protect|p2a: Gang Gang\n|-singleturn|p2a: Gang Gang|Protect\n|move|p1b: San Ti Ren 三体人|Expanding Force|p2b: Purple Haze|[spread] p2b\n|-activate|p2a: Gang Gang|move: Protect\n|debug|psychic terrain boost\n|debug|terrain buff\n|debug|Spread modifier: 0.75\n|-damage|p2b: Purple Haze|28/262\n|move|p2b: Purple Haze|Struggle Bug|p1b: San Ti Ren 三体人|[spread] p1a,p1b\n|debug|compoundeyes - enhancing accuracy\n|debug|compoundeyes - enhancing accuracy\n|debug|Spread modifier: 0.75\n|debug|Spread modifier: 0.75\n|-supereffective|p1b: San Ti Ren 三体人\n|-damage|p1a: Dude Thong|171/384\n|-damage|p1b: San Ti Ren 三体人|26/332\n|-unboost|p1a: Dude Thong|spa|1\n|-unboost|p1b: San Ti Ren 三体人|spa|1\n|\n|-weather|none\n|-fieldend|move: Psychic Terrain\n|upkeep\n|turn|10\n|\n|t:|1739236842\n|switch|p1b: Buzz Lightyear|Electabuzz, M|334/334\n|move|p2a: Gang Gang|Shadow Ball|p1a: Dude Thong\n|-damage|p1a: Dude Thong|75/384\n|move|p2b: Purple Haze|Struggle Bug|p1b: Buzz Lightyear|[spread] p1a,p1b\n|debug|compoundeyes - enhancing accuracy\n|debug|compoundeyes - enhancing accuracy\n|debug|Spread modifier: 0.75\n|debug|Spread modifier: 0.75\n|-damage|p1a: Dude Thong|48/384\n|-damage|p1b: Buzz Lightyear|306/334\n|-unboost|p1a: Dude Thong|spa|1\n|-unboost|p1b: Buzz Lightyear|spa|1\n|move|p1a: Dude Thong|Knock Off|p2a: Gang Gang\n|-supereffective|p2a: Gang Gang\n|-damage|p2a: Gang Gang|83/261\n|-start|p1a: Dude Thong|Disable|Knock Off|[from] ability: Cursed Body|[of] p2a: Gang Gang\n|-enditem|p2a: Gang Gang|Focus Sash|[from] move: Knock Off|[of] p1a: Dude Thong\n|\n|upkeep\n|turn|11\n|\n|t:|1739236874\n|move|p2b: Purple Haze|Protect|p2b: Purple Haze\n|-singleturn|p2b: Purple Haze|Protect\n|move|p2a: Gang Gang|Icy Wind|p1a: Dude Thong|[spread] p1a,p1b\n|debug|Thick Fat weaken\n|debug|Spread modifier: 0.75\n|-resisted|p1a: Dude Thong\n|debug|Spread modifier: 0.75\n|-damage|p1a: Dude Thong|44/384\n|-damage|p1b: Buzz Lightyear|271/334\n|-unboost|p1a: Dude Thong|spe|1\n|-unboost|p1b: Buzz Lightyear|spe|1\n|move|p1b: Buzz Lightyear|Electroweb|p2b: Purple Haze|[spread] p2a\n|-activate|p2b: Purple Haze|move: Protect\n|debug|Spread modifier: 0.75\n|-damage|p2a: Gang Gang|46/261\n|-unboost|p2a: Gang Gang|spe|1\n|move|p1a: Dude Thong|Flip Turn|p2b: Purple Haze\n|-activate|p2b: Purple Haze|move: Protect\n|\n|upkeep\n|turn|12\n|\n|t:|1739236912\n|move|p1b: Buzz Lightyear|Feint|p2b: Purple Haze\n|-damage|p2b: Purple Haze|6/262\n|move|p2b: Purple Haze|Sleep Powder|p1b: Buzz Lightyear\n|debug|compoundeyes - enhancing accuracy\n|-immune|p1b: Buzz Lightyear|[from] ability: Vital Spirit\n|debug|set status [slp] interrupted\n|debug|move failed because it did nothing\n|move|p2a: Gang Gang|Shadow Ball|p1a: Dude Thong\n|-damage|p1a: Dude Thong|0 fnt\n|faint|p1a: Dude Thong\n|\n|upkeep\n|\n|t:|1739236931\n|switch|p1a: Gyarados|Gyarados, F|331/331\n|-ability|p1a: Gyarados|Intimidate|boost\n|-unboost|p2a: Gang Gang|atk|1\n|-unboost|p2b: Purple Haze|atk|1\n|turn|13\n|\n|t:|1739236943\n|move|p1a: Gyarados|Waterfall|p2a: Gang Gang\n|-damage|p2a: Gang Gang|0 fnt\n|faint|p2a: Gang Gang\n|move|p2b: Purple Haze|Struggle Bug|p1b: Buzz Lightyear|[spread] p1a,p1b\n|debug|compoundeyes - enhancing accuracy\n|debug|compoundeyes - enhancing accuracy\n|debug|Spread modifier: 0.75\n|-resisted|p1a: Gyarados\n|debug|Spread modifier: 0.75\n|-damage|p1a: Gyarados|310/331\n|-damage|p1b: Buzz Lightyear|246/334\n|-unboost|p1a: Gyarados|spa|1\n|-unboost|p1b: Buzz Lightyear|spa|1\n|move|p1b: Buzz Lightyear|Electroweb|p2b: Purple Haze\n|-supereffective|p2b: Purple Haze\n|-damage|p2b: Purple Haze|0 fnt\n|faint|p2b: Purple Haze\n|\n|win|je64\n","uploadtime":1739236955,"views":"14","formatid":"gen9doublescustomgame","rating":null,"private":0,"password":null}