{"id":"gen9doublescustomgame-2297071417","format":"[Gen 9] Doubles Custom Game","players":["mistermoscow","Mattmandaman"],"log":"|j|☆mistermoscow\n|j|☆Mattmandaman\n|t:|1739054561\n|gametype|doubles\n|player|p1|mistermoscow|alder|\n|player|p2|Mattmandaman|giovanni|\n|teamsize|p1|6\n|teamsize|p2|6\n|gen|9\n|tier|[Gen 9] Doubles Custom Game\n|clearpoke\n|poke|p1|Primeape, M|\n|poke|p1|Dewgong, M|\n|poke|p1|Gengar, M|\n|poke|p1|Mr. Mime, F|\n|poke|p1|Jolteon, M|\n|poke|p1|Dragonite, M|\n|poke|p2|Dodrio, F|\n|poke|p2|Nidoking, M|\n|poke|p2|Starmie|\n|poke|p2|Nidoqueen, F|\n|poke|p2|Chansey, F|\n|poke|p2|Gengar, F|\n|teampreview\n|j| je64\n|j| noli_cannoli10\n|\n|t:|1739054632\n|start\n|switch|p1a: Mrs. Mr. Mime|Mr. Mime, F|284/284\n|switch|p1b: Puff Daddy|Dragonite, M|355/355\n|switch|p2a: Nidoqueen|Nidoqueen, F|384/384\n|switch|p2b: Gengar|Gengar, F|262/262\n|turn|1\n|\n|t:|1739054684\n|move|p2b: Gengar|Sludge Bomb|p1a: Mrs. Mr. Mime\n|-supereffective|p1a: Mrs. Mr. Mime\n|debug|Filter neutralize\n|-damage|p1a: Mrs. Mr. Mime|77/284\n|move|p1b: Puff Daddy|Dragon Claw|p2a: Nidoqueen\n|-damage|p2a: Nidoqueen|236/384\n|move|p1a: Mrs. Mr. Mime|Icy Wind|p2b: Gengar|[spread] p2a,p2b\n|debug|Spread modifier: 0.75\n|-supereffective|p2a: Nidoqueen\n|debug|Spread modifier: 0.75\n|-damage|p2a: Nidoqueen|160/384\n|-damage|p2b: Gengar|224/262\n|-unboost|p2a: Nidoqueen|spe|1\n|-unboost|p2b: Gengar|spe|1\n|move|p2a: Nidoqueen|Stealth Rock|p1a: Mrs. Mr. Mime\n|-sidestart|p1: mistermoscow|move: Stealth Rock\n|\n|-heal|p2a: Nidoqueen|184/384|[from] item: Black Sludge\n|upkeep\n|turn|2\n|\n|t:|1739054723\n|switch|p2b: Chansey|Chansey, F|642/642\n|switch|p1a: Dewey|Dewgong, M|321/321\n|-damage|p1a: Dewey|241/321|[from] Stealth Rock\n|move|p1b: Puff Daddy|Tailwind|p1b: Puff Daddy\n|-sidestart|p1: mistermoscow|move: Tailwind\n|move|p2a: Nidoqueen|Poison Jab|p1b: Puff Daddy\n|-damage|p1b: Puff Daddy|250/355\n|-status|p1b: Puff Daddy|psn\n|\n|-heal|p1a: Dewey|261/321|[from] item: Leftovers\n|-heal|p2a: Nidoqueen|208/384|[from] item: Black Sludge\n|-damage|p1b: Puff Daddy|206/355 psn|[from] psn\n|upkeep\n|turn|3\n|\n|t:|1739054748\n|switch|p1b: Apollo|Primeape, M|271/271\n|-damage|p1b: Apollo|255/271|[from] Stealth Rock\n|move|p1a: Dewey|Frost Breath|p1b: Apollo\n|-crit|p1b: Apollo\n|-damage|p1b: Apollo|192/271\n|-setboost|p1b: Apollo|atk|6|[from] ability: Anger Point\n|move|p2b: Chansey|Seismic Toss|p1b: Apollo\n|-damage|p1b: Apollo|92/271\n|move|p2a: Nidoqueen|Roar|p1b: Apollo\n|drag|p1b: Mrs. Mr. Mime|Mr. Mime, F|77/284\n|-damage|p1b: Mrs. Mr. Mime|42/284|[from] Stealth Rock\n|\n|-heal|p1a: Dewey|281/321|[from] item: Leftovers\n|-heal|p2a: Nidoqueen|232/384|[from] item: Black Sludge\n|upkeep\n|turn|4\n|\n|t:|1739054806\n|move|p1a: Dewey|Knock Off|p2b: Chansey\n|-damage|p2b: Chansey|564/642\n|-enditem|p2b: Chansey|Eviolite|[from] move: Knock Off|[of] p1a: Dewey\n|move|p1b: Mrs. Mr. Mime|Icy Wind|p2b: Chansey|[spread] p2a,p2b\n|debug|Spread modifier: 0.75\n|-supereffective|p2a: Nidoqueen\n|debug|Spread modifier: 0.75\n|-damage|p2a: Nidoqueen|156/384\n|-damage|p2b: Chansey|542/642\n|-unboost|p2a: Nidoqueen|spe|1\n|-unboost|p2b: Chansey|spe|1\n|move|p2a: Nidoqueen|Poison Jab|p1a: Dewey\n|-damage|p1a: Dewey|188/321\n|move|p2b: Chansey|Seismic Toss|p1b: Mrs. Mr. Mime\n|-damage|p1b: Mrs. Mr. Mime|0 fnt\n|faint|p1b: Mrs. Mr. Mime\n|\n|-heal|p1a: Dewey|208/321|[from] item: Leftovers\n|-heal|p2a: Nidoqueen|180/384|[from] item: Black Sludge\n|upkeep\n|\n|t:|1739054826\n|switch|p1b: Apollo|Primeape, M|92/271\n|-damage|p1b: Apollo|76/271|[from] Stealth Rock\n|turn|5\n|\n|t:|1739054840\n|switch|p1a: Puff Daddy|Dragonite, M|206/355 psn\n|-damage|p1a: Puff Daddy|118/355 psn|[from] Stealth Rock\n|switch|p2b: Starmie|Starmie|262/262\n|move|p1b: Apollo|Rage Fist|p2a: Nidoqueen\n|-crit|p2a: Nidoqueen\n|-damage|p2a: Nidoqueen|0 fnt\n|faint|p2a: Nidoqueen\n|\n|-damage|p1a: Puff Daddy|74/355 psn|[from] psn\n|-sideend|p1: mistermoscow|move: Tailwind\n|upkeep\n|\n|t:|1739054891\n|switch|p2a: Gengar|Gengar, F|224/262\n|turn|6\n|\n|t:|1739054907\n|move|p2b: Starmie|Ice Beam|p1a: Puff Daddy\n|-supereffective|p1a: Puff Daddy\n|-damage|p1a: Puff Daddy|0 fnt\n|faint|p1a: Puff Daddy\n|move|p2a: Gengar|Psychic|p1b: Apollo\n|-supereffective|p1b: Apollo\n|-damage|p1b: Apollo|0 fnt\n|faint|p1b: Apollo\n|\n|upkeep\n|\n|t:|1739054916\n|switch|p1b: Sparky|Jolteon, M|271/271\n|switch|p1a: Gang Gang|Gengar, M|261/261\n|-damage|p1b: Sparky|238/271|[from] Stealth Rock\n|-damage|p1a: Gang Gang|229/261|[from] Stealth Rock\n|turn|7\n|\n|t:|1739054938\n|move|p2b: Starmie|Psychic|p1a: Gang Gang\n|-supereffective|p1a: Gang Gang\n|-damage|p1a: Gang Gang|0 fnt\n|-start|p2b: Starmie|Disable|Psychic|[from] ability: Cursed Body|[of] p1a: Gang Gang\n|faint|p1a: Gang Gang\n|move|p1b: Sparky|Electroweb|p2a: Gengar|[spread] p2a,p2b\n|debug|Spread modifier: 0.75\n|debug|Spread modifier: 0.75\n|-supereffective|p2b: Starmie\n|-damage|p2a: Gengar|140/262\n|-damage|p2b: Starmie|142/262\n|-unboost|p2a: Gengar|spe|1\n|-unboost|p2b: Starmie|spe|1\n|move|p2a: Gengar|Sludge Bomb|p1b: Sparky\n|-damage|p1b: Sparky|67/271\n|-status|p1b: Sparky|psn\n|\n|-damage|p1b: Sparky|34/271 psn|[from] psn\n|upkeep\n|\n|t:|1739054957\n|switch|p1a: Dewey|Dewgong, M|208/321\n|-damage|p1a: Dewey|128/321|[from] Stealth Rock\n|turn|8\n|\n|t:|1739054967\n|switch|p2b: Chansey|Chansey, F|542/642\n|move|p1b: Sparky|Volt Switch|p2b: Chansey\n|-damage|p2b: Chansey|455/642\n|move|p2a: Gengar|Sludge Bomb|p1a: Dewey\n|-damage|p1a: Dewey|0 fnt\n|faint|p1a: Dewey\n|\n|-damage|p1b: Sparky|1/271 psn|[from] psn\n|upkeep\n|turn|9\n|\n|t:|1739054979\n|move|p1b: Sparky|Sunny Day|p1b: Sparky\n|-weather|SunnyDay\n|move|p2a: Gengar|Sludge Bomb|p1b: Sparky\n|-damage|p1b: Sparky|0 fnt\n|debug|move failed because it did nothing\n|faint|p1b: Sparky\n|\n|win|Mattmandaman\n","uploadtime":1739054986,"views":"25","formatid":"gen9doublescustomgame","rating":null,"private":0,"password":null}