{"id":"gen9doublescustomgame-2284309132","format":"[Gen 9] Doubles Custom Game","players":["je64","Mattmandaman"],"log":"|j|☆je64\n|j|☆Mattmandaman\n|t:|1737330226\n|gametype|doubles\n|player|p1|je64|170|\n|player|p2|Mattmandaman|giovanni|\n|teamsize|p1|6\n|teamsize|p2|6\n|gen|9\n|tier|[Gen 9] Doubles Custom Game\n|clearpoke\n|poke|p1|Dugtrio, F|\n|poke|p1|Kadabra, F|\n|poke|p1|Dodrio, M|\n|poke|p1|Hitmonchan, M|\n|poke|p1|Magmar, M|\n|poke|p1|Gyarados, M|\n|poke|p2|Cloyster, F|\n|poke|p2|Gengar, F|\n|poke|p2|Nidoqueen, F|\n|poke|p2|Nidoking, M|\n|poke|p2|Machamp, F|\n|poke|p2|Dodrio, F|\n|teampreview\n|j| mistermoscow\n|\n|t:|1737330315\n|start\n|switch|p1a: Fissure Bro|Dugtrio, F, shiny|212/212\n|switch|p1b: Jackie|Hitmonchan, M|242/242\n|switch|p2a: Gengar|Gengar, F|262/262\n|switch|p2b: Dodrio|Dodrio, F|262/262\n|debug|natural status immunity\n|turn|1\n|\n|t:|1737330345\n|move|p1b: Jackie|Fake Out|p2b: Dodrio\n|-damage|p2b: Dodrio|202/262\n|debug|Covert Cloak prevent secondary\n|move|p1a: Fissure Bro|High Horsepower|p2a: Gengar\n|-supereffective|p2a: Gengar\n|-enditem|p2a: Gengar|Focus Sash\n|-damage|p2a: Gengar|1/262\n|move|p2b: Dodrio|Frustration|p1a: Fissure Bro\n|-enditem|p1a: Fissure Bro|Focus Sash\n|-damage|p1a: Fissure Bro|1/212\n|move|p2a: Gengar|Icy Wind|p1b: Jackie|[spread] p1a,p1b\n|debug|Spread modifier: 0.75\n|-supereffective|p1a: Fissure Bro\n|debug|Spread modifier: 0.75\n|-damage|p1a: Fissure Bro|0 fnt\n|-damage|p1b: Jackie|195/242\n|-unboost|p1b: Jackie|spe|1\n|faint|p1a: Fissure Bro\n|\n|upkeep\n|\n|t:|1737330365\n|switch|p1a: San Ti Ren 三体人|Dodrio, M|261/261\n|turn|2\n|j| Mango Meloetta\n|\n|t:|1737330396\n|switch|p2b: Nidoqueen|Nidoqueen, F|384/384\n|move|p2a: Gengar|Sludge Bomb|p1a: San Ti Ren 三体人\n|-damage|p1a: San Ti Ren 三体人|41/261\n|move|p1a: San Ti Ren 三体人|Tailwind|p1a: San Ti Ren 三体人\n|-sidestart|p1: je64|move: Tailwind\n|move|p1b: Jackie|Ice Punch|p2b: Nidoqueen\n|debug|Punching Glove boost\n|debug|Iron Fist boost\n|-supereffective|p2b: Nidoqueen\n|-damage|p2b: Nidoqueen|178/384\n|\n|-heal|p2b: Nidoqueen|202/384|[from] item: Black Sludge\n|upkeep\n|turn|3\n|\n|t:|1737330446\n|switch|p1a: Gyaradance|Gyarados, M|331/331\n|-ability|p1a: Gyaradance|Intimidate|boost\n|-unboost|p2a: Gengar|atk|1\n|-unboost|p2b: Nidoqueen|atk|1\n|move|p2a: Gengar|Protect|p2a: Gengar\n|-singleturn|p2a: Gengar|Protect\n|move|p1b: Jackie|Ice Punch|p2b: Nidoqueen\n|debug|Punching Glove boost\n|debug|Iron Fist boost\n|-supereffective|p2b: Nidoqueen\n|-damage|p2b: Nidoqueen|0 fnt\n|faint|p2b: Nidoqueen\n|\n|upkeep\n|\n|t:|1737330468\n|switch|p2b: Machamp|Machamp, F|360/360\n|turn|4\n|\n|t:|1737330492\n|switch|p1b: San Ti Ren 三体人|Dodrio, M|41/261\n|move|p1a: Gyaradance|Earthquake|p2a: Gengar|[spread] p2a,p2b\n|-immune|p1b: San Ti Ren 三体人\n|debug|Spread modifier: 0.75\n|-supereffective|p2a: Gengar\n|debug|Spread modifier: 0.75\n|-damage|p2a: Gengar|0 fnt\n|-damage|p2b: Machamp|263/360\n|faint|p2a: Gengar\n|move|p2b: Machamp|Stone Edge|p1a: Gyaradance\n|-supereffective|p1a: Gyaradance\n|-damage|p1a: Gyaradance|0 fnt\n|faint|p1a: Gyaradance\n|\n|-heal|p2b: Machamp|285/360|[from] item: Leftovers\n|upkeep\n|\n|t:|1737330524\n|switch|p2a: Dodrio|Dodrio, F|202/262\n|switch|p1a: K.Dot|Kadabra, F|221/221\n|turn|5\n|\n|t:|1737330537\n|move|p2a: Dodrio|Protect|p2a: Dodrio\n|-singleturn|p2a: Dodrio|Protect\n|move|p2b: Machamp|Protect|p2b: Machamp\n|-singleturn|p2b: Machamp|Protect\n|move|p1b: San Ti Ren 三体人|Brave Bird|p2b: Machamp\n|-activate|p2b: Machamp|move: Protect\n|move|p1a: K.Dot|Psychic|p2a: Dodrio\n|-activate|p2a: Dodrio|move: Protect\n|\n|-heal|p2b: Machamp|307/360|[from] item: Leftovers\n|-sideend|p1: je64|move: Tailwind\n|upkeep\n|turn|6\n|\n|t:|1737330573\n|move|p2b: Machamp|Bullet Punch|p1b: San Ti Ren 三体人\n|-damage|p1b: San Ti Ren 三体人|0 fnt\n|faint|p1b: San Ti Ren 三体人\n|move|p2a: Dodrio|Frustration|p1a: K.Dot\n|-damage|p1a: K.Dot|0 fnt\n|faint|p1a: K.Dot\n|\n|-heal|p2b: Machamp|329/360|[from] item: Leftovers\n|upkeep\n|\n|t:|1737330587\n|switch|p1b: Myagmar|Magmar, M|271/271\n|switch|p1a: Jackie|Hitmonchan, M|195/242\n|turn|7\n|\n|t:|1737330612\n|move|p2b: Machamp|Protect|p2b: Machamp\n|-singleturn|p2b: Machamp|Protect\n|move|p1a: Jackie|Fake Out|p2a: Dodrio\n|-damage|p2a: Dodrio|143/262\n|debug|Covert Cloak prevent secondary\n|move|p2a: Dodrio|Tailwind|p2a: Dodrio\n|-sidestart|p2: Mattmandaman|move: Tailwind\n|move|p1b: Myagmar|Heat Wave|p2b: Machamp|[spread] p2a\n|-activate|p2b: Machamp|move: Protect\n|debug|Spread modifier: 0.75\n|-damage|p2a: Dodrio|0 fnt\n|debug|Covert Cloak prevent secondary\n|faint|p2a: Dodrio\n|\n|-heal|p2b: Machamp|351/360|[from] item: Leftovers\n|upkeep\n|\n|t:|1737330625\n|switch|p2a: Nidoking|Nidoking, M|304/304\n|turn|8\n|\n|t:|1737330634\n|move|p2a: Nidoking|Earth Power|p1b: Myagmar\n|-supereffective|p1b: Myagmar\n|-damage|p1b: Myagmar|0 fnt\n|faint|p1b: Myagmar\n|move|p2b: Machamp|Dynamic Punch|p1a: Jackie\n|-damage|p1a: Jackie|0 fnt\n|debug|move failed because it did nothing\n|faint|p1a: Jackie\n|\n|win|Mattmandaman\n","uploadtime":1737330641,"views":"26","formatid":"gen9doublescustomgame","rating":null,"private":0,"password":null}