{"id":"gen9doublescustomgame-2102796052","format":"[Gen 9] Doubles Custom Game","players":["mistermoscow","mattmandaman"],"log":"|uhtml|medal-msg|<div class=\"broadcast-blue\">Curious what those medals under the avatar are? PS now has Ladder Seasons! For more information, check out the <a href=\"https://www.smogon.com/forums/threads/3740067/\">thread on Smogon.</a></div>\n|uhtml|medal-msg|<div class=\"broadcast-blue\">Curious what those medals under the avatar are? PS now has Ladder Seasons! For more information, check out the <a href=\"https://www.smogon.com/forums/threads/3740067/\">thread on Smogon.</a></div>\n|j|☆mistermoscow\n|j|☆mattmandaman\n|t:|1713043644\n|gametype|doubles\n|player|p1|mistermoscow|alder|\n|player|p2|mattmandaman|giovanni|\n|teamsize|p1|6\n|teamsize|p2|6\n|gen|9\n|tier|[Gen 9] Doubles Custom Game\n|clearpoke\n|poke|p1|Iron Bundle|\n|poke|p1|Tapu Koko|\n|poke|p1|Ninetales-Alola, F|\n|poke|p1|Incineroar, F|\n|poke|p1|Landorus, M|\n|poke|p1|Basculegion, M|\n|poke|p2|Deoxys-Defense|\n|poke|p2|Ting-Lu|\n|poke|p2|Marshadow|\n|poke|p2|Kangaskhan, F|\n|poke|p2|Kartana|\n|poke|p2|Thundurus, M|\n|teampreview\n|j| je64\n|\n|t:|1713043680\n|start\n|switch|p1a: Iron Bunduru|Iron Bundle|253/253\n|switch|p1b: Princess Buttercup|Ninetales-Alola, F|350/350\n|switch|p2a: Kangaskhan|Kangaskhan, F|414/414\n|switch|p2b: Ting-Lu|Ting-Lu|514/514\n|-weather|Snow|[from] ability: Snow Warning|[of] p1b: Princess Buttercup\n|-ability|p2b: Ting-Lu|Vessel of Ruin\n|turn|1\n|\n|t:|1713043706\n|detailschange|p2a: Kangaskhan|Kangaskhan-Mega, F\n|-mega|p2a: Kangaskhan|Kangaskhan|Kangaskhanite\n|move|p1a: Iron Bunduru|Blizzard|p2b: Ting-Lu|[spread] p2a,p2b\n|debug|Vessel of Ruin SpA drop\n|debug|Spread modifier: 0.75\n|debug|Vessel of Ruin SpA drop\n|debug|Spread modifier: 0.75\n|-supereffective|p2b: Ting-Lu\n|-damage|p2a: Kangaskhan|317/414\n|-damage|p2b: Ting-Lu|320/514\n|move|p1b: Princess Buttercup|Aurora Veil|p1b: Princess Buttercup\n|-sidestart|p1: mistermoscow|move: Aurora Veil\n|move|p2a: Kangaskhan|Drain Punch|p1a: Iron Bunduru\n|-supereffective|p1a: Iron Bunduru\n|debug|Aurora Veil weaken\n|-damage|p1a: Iron Bunduru|172/253\n|-heal|p2a: Kangaskhan|358/414|[from] drain|[of] p1a: Iron Bunduru\n|debug|Parental Bond modifier: 0.25\n|-supereffective|p1a: Iron Bunduru\n|debug|Aurora Veil weaken\n|-damage|p1a: Iron Bunduru|155/253\n|-heal|p2a: Kangaskhan|367/414|[from] drain|[of] p1a: Iron Bunduru\n|-hitcount|p1a: Iron Bunduru|2\n|move|p2b: Ting-Lu|Stealth Rock|p1a: Iron Bunduru\n|-sidestart|p1: mistermoscow|move: Stealth Rock\n|\n|-weather|Snow|[upkeep]\n|-heal|p2b: Ting-Lu|352/514|[from] item: Leftovers\n|upkeep\n|turn|2\n|j| Mango Meloetta\n|\n|t:|1713043760\n|move|p1a: Iron Bunduru|Blizzard|p2b: Ting-Lu|[spread] p2a,p2b\n|debug|Vessel of Ruin SpA drop\n|debug|Spread modifier: 0.75\n|debug|Vessel of Ruin SpA drop\n|debug|Spread modifier: 0.75\n|-supereffective|p2b: Ting-Lu\n|-damage|p2a: Kangaskhan|258/414\n|-damage|p2b: Ting-Lu|158/514\n|move|p1b: Princess Buttercup|Disable|p2a: Kangaskhan\n|-start|p2a: Kangaskhan|Disable|Drain Punch\n|cant|p2a: Kangaskhan|Disable|Drain Punch\n|move|p2b: Ting-Lu|Whirlwind|p1a: Iron Bunduru\n|-end|p1a: Iron Bunduru|Quark Drive|[silent]\n|drag|p1a: Death Fish|Basculegion, M|381/381\n|-damage|p1a: Death Fish|334/381|[from] Stealth Rock\n|\n|-weather|Snow|[upkeep]\n|-heal|p2b: Ting-Lu|190/514|[from] item: Leftovers\n|upkeep\n|turn|3\n|j| Smokeydabearrr\n|\n|t:|1713043794\n|switch|p1a: Cindy|Incineroar, F|331/331\n|-ability|p1a: Cindy|Intimidate|boost\n|-unboost|p2a: Kangaskhan|atk|1\n|-unboost|p2b: Ting-Lu|atk|1\n|move|p2a: Kangaskhan|Sucker Punch||[still]\n|-fail|p2a: Kangaskhan\n|move|p1b: Princess Buttercup|Disable|p2b: Ting-Lu\n|-start|p2b: Ting-Lu|Disable|Whirlwind\n|move|p2b: Ting-Lu|Throat Chop|p1a: Cindy\n|-resisted|p1a: Cindy\n|debug|Aurora Veil weaken\n|-damage|p1a: Cindy|308/331\n|-start|p1a: Cindy|Throat Chop|[silent]\n|\n|-weather|Snow|[upkeep]\n|-heal|p2b: Ting-Lu|222/514|[from] item: Leftovers\n|upkeep\n|turn|4\n|\n|t:|1713043880\n|switch|p2a: Deoxys|Deoxys-Defense|304/304\n|-ability|p2a: Deoxys|Pressure\n|move|p1b: Princess Buttercup|Encore|p2b: Ting-Lu\n|-start|p2b: Ting-Lu|Encore\n|move|p1a: Cindy|Flare Blitz|p2a: Deoxys\n|-damage|p2a: Deoxys|163/304\n|-status|p2a: Deoxys|brn\n|-damage|p1a: Cindy|261/331|[from] Recoil\n|move|p2b: Ting-Lu|Throat Chop|p1b: Princess Buttercup\n|-resisted|p1b: Princess Buttercup\n|debug|Aurora Veil weaken\n|-damage|p1b: Princess Buttercup|331/350\n|-start|p1b: Princess Buttercup|Throat Chop|[silent]\n|\n|-weather|Snow|[upkeep]\n|-heal|p2b: Ting-Lu|254/514|[from] item: Leftovers\n|-damage|p2a: Deoxys|144/304 brn|[from] brn\n|-end|p1a: Cindy|Throat Chop|[silent]\n|upkeep\n|turn|5\n|\n|t:|1713043937\n|switch|p2b: Kangaskhan|Kangaskhan-Mega, F|258/414\n|move|p1b: Princess Buttercup|Icy Wind|p2b: Kangaskhan|[spread] p2a,p2b\n|debug|Spread modifier: 0.75\n|debug|Spread modifier: 0.75\n|-damage|p2a: Deoxys|120/304 brn\n|-damage|p2b: Kangaskhan|218/414\n|-unboost|p2a: Deoxys|spe|1\n|-unboost|p2b: Kangaskhan|spe|1\n|move|p1a: Cindy|Knock Off|p2a: Deoxys\n|-supereffective|p2a: Deoxys\n|-damage|p2a: Deoxys|0 fnt\n|-enditem|p2a: Deoxys|Mental Herb|[from] move: Knock Off|[of] p1a: Cindy\n|faint|p2a: Deoxys\n|\n|-weather|none\n|-end|p1b: Princess Buttercup|Throat Chop|[silent]\n|-sideend|p1: mistermoscow|move: Aurora Veil\n|upkeep\n|\n|t:|1713043991\n|switch|p2a: Marshadow|Marshadow|384/384\n|turn|6\n|\n|t:|1713044010\n|switch|p1b: Static|Tapu Koko|344/344\n|-damage|p1b: Static|301/344|[from] Stealth Rock\n|-fieldstart|move: Electric Terrain|[from] ability: Electric Surge|[of] p1b: Static\n|move|p2a: Marshadow|Drain Punch|p1a: Cindy\n|debug|Base Power: 75\n|-supereffective|p1a: Cindy\n|-damage|p1a: Cindy|0 fnt\n|faint|p1a: Cindy\n|move|p2b: Kangaskhan|Return|p1b: Static\n|-damage|p1b: Static|60/344\n|debug|Parental Bond modifier: 0.25\n|-damage|p1b: Static|8/344\n|-hitcount|p1b: Static|2\n|\n|upkeep\n|\n|t:|1713044037\n|switch|p1a: Iron Bunduru|Iron Bundle|155/253\n|-damage|p1a: Iron Bunduru|92/253|[from] Stealth Rock\n|-activate|p1a: Iron Bunduru|ability: Quark Drive\n|-start|p1a: Iron Bunduru|quarkdrivespe\n|turn|7\n|debug|Quark Drive spe boost\n|debug|Quark Drive spe boost\n|debug|Quark Drive spe boost\n|\n|t:|1713044053\n|switch|p1b: Princess Buttercup|Ninetales-Alola, F|331/350\n|-damage|p1b: Princess Buttercup|244/350|[from] Stealth Rock\n|-weather|Snow|[from] ability: Snow Warning|[of] p1b: Princess Buttercup\n|-terastallize|p1a: Iron Bunduru|Ghost\n|debug|Quark Drive spe boost\n|debug|Quark Drive spe boost\n|move|p2a: Marshadow|Shadow Sneak|p1b: Princess Buttercup\n|debug|Base Power: 40\n|debug|Technician boost\n|-damage|p1b: Princess Buttercup|145/350\n|debug|Quark Drive spe boost\n|debug|Quark Drive spe boost\n|move|p1a: Iron Bunduru|Tera Blast|p2a: Marshadow|[anim] Tera Blast Ghost\n|-supereffective|p2a: Marshadow\n|-damage|p2a: Marshadow|196/384\n|debug|Quark Drive spe boost\n|move|p2b: Kangaskhan|Drain Punch|p1a: Iron Bunduru\n|-immune|p1a: Iron Bunduru\n|\n|debug|Quark Drive spe boost\n|-weather|Snow|[upkeep]\n|upkeep\n|turn|8\n|c| Smokeydabearrr|Get him Steve!!!\n|debug|Quark Drive spe boost\n|debug|Quark Drive spe boost\n|\n|t:|1713044090\n|-terastallize|p2a: Marshadow|Ghost\n|debug|Quark Drive spe boost\n|debug|Quark Drive spe boost\n|move|p1a: Iron Bunduru|Protect|p1a: Iron Bunduru\n|-singleturn|p1a: Iron Bunduru|Protect\n|debug|Quark Drive spe boost\n|move|p2a: Marshadow|Shadow Sneak|p1b: Princess Buttercup\n|debug|Base Power: 40\n|debug|Technician boost\n|-damage|p1b: Princess Buttercup|3/350\n|debug|Quark Drive spe boost\n|move|p2b: Kangaskhan|Sucker Punch||[still]\n|-fail|p2b: Kangaskhan\n|debug|Quark Drive spe boost\n|move|p1b: Princess Buttercup|Disable|p2a: Marshadow\n|-start|p2a: Marshadow|Disable|Shadow Sneak\n|\n|debug|Quark Drive spe boost\n|-weather|Snow|[upkeep]\n|upkeep\n|turn|9\n|debug|Quark Drive spe boost\n|debug|Quark Drive spe boost\n|\n|t:|1713044139\n|-end|p1a: Iron Bunduru|Quark Drive|[silent]\n|switch|p1a: God|Landorus, M|319/319\n|-damage|p1a: God|280/319|[from] Stealth Rock\n|move|p2b: Kangaskhan|Sucker Punch||[still]\n|-fail|p2b: Kangaskhan\n|move|p1b: Princess Buttercup|Aurora Veil|p1b: Princess Buttercup\n|-sidestart|p1: mistermoscow|move: Aurora Veil\n|move|p2a: Marshadow|Drain Punch|p1b: Princess Buttercup\n|debug|Base Power: 75\n|debug|Aurora Veil weaken\n|-damage|p1b: Princess Buttercup|0 fnt\n|-heal|p2a: Marshadow|198/384|[from] drain|[of] p1b: Princess Buttercup\n|faint|p1b: Princess Buttercup\n|\n|-weather|Snow|[upkeep]\n|upkeep\n|\n|t:|1713044156\n|switch|p1b: Iron Bunduru|Iron Bundle, tera:Ghost|92/253\n|-damage|p1b: Iron Bunduru|61/253|[from] Stealth Rock\n|-activate|p1b: Iron Bunduru|ability: Quark Drive\n|-start|p1b: Iron Bunduru|quarkdrivespe\n|turn|10\n|debug|Quark Drive spe boost\n|debug|Quark Drive spe boost\n|\n|t:|1713044213\n|switch|p2a: Ting-Lu|Ting-Lu|254/514\n|-ability|p2a: Ting-Lu|Vessel of Ruin\n|switch|p2b: Thundurus|Thundurus, M|300/300\n|debug|Quark Drive spe boost\n|debug|Quark Drive spe boost\n|move|p1b: Iron Bunduru|Protect|p1b: Iron Bunduru\n|-singleturn|p1b: Iron Bunduru|Protect\n|debug|Quark Drive spe boost\n|move|p1a: God|Earth Power|p2a: Ting-Lu\n|debug|Vessel of Ruin SpA drop\n|-damage|p2a: Ting-Lu|81/514\n|\n|debug|Quark Drive spe boost\n|-weather|Snow|[upkeep]\n|-heal|p2a: Ting-Lu|113/514|[from] item: Leftovers\n|-fieldend|move: Electric Terrain\n|-end|p1b: Iron Bunduru|Quark Drive\n|upkeep\n|turn|11\n|\n|t:|1713044267\n|move|p2b: Thundurus|Protect|p2b: Thundurus\n|-singleturn|p2b: Thundurus|Protect\n|move|p1b: Iron Bunduru|Blizzard|p2a: Ting-Lu|[spread] p2a\n|-activate|p2b: Thundurus|move: Protect\n|debug|Vessel of Ruin SpA drop\n|debug|Spread modifier: 0.75\n|-supereffective|p2a: Ting-Lu\n|-damage|p2a: Ting-Lu|0 fnt\n|faint|p2a: Ting-Lu\n|move|p1a: God|Stealth Rock|p2b: Thundurus\n|-sidestart|p2: mattmandaman|move: Stealth Rock\n|\n|-weather|none\n|upkeep\n|\n|t:|1713044305\n|switch|p2a: Kangaskhan|Kangaskhan-Mega, F|218/414\n|-damage|p2a: Kangaskhan|167/414|[from] Stealth Rock\n|turn|12\n|\n|t:|1713044342\n|move|p1b: Iron Bunduru|Protect|p1b: Iron Bunduru\n|-singleturn|p1b: Iron Bunduru|Protect\n|move|p2a: Kangaskhan|Fake Out|p1a: God\n|debug|Aurora Veil weaken\n|-damage|p1a: God|228/319\n|debug|Parental Bond modifier: 0.25\n|debug|Aurora Veil weaken\n|-damage|p1a: God|214/319\n|debug|move failed because it did nothing\n|-hitcount|p1a: God|2\n|move|p2b: Thundurus|Electroweb|p1b: Iron Bunduru|[spread] \n|-activate|p1b: Iron Bunduru|move: Protect\n|-immune|p1a: God\n|cant|p1a: God|flinch\n|\n|upkeep\n|turn|13\n|\n|t:|1713044389\n|move|p2b: Thundurus|Scary Face|p1a: God\n|-unboost|p1a: God|spe|2\n|move|p2a: Kangaskhan|Sucker Punch|p1b: Iron Bunduru\n|-supereffective|p1b: Iron Bunduru\n|debug|Aurora Veil weaken\n|-damage|p1b: Iron Bunduru|0 fnt\n|faint|p1b: Iron Bunduru\n|-end|p1b: Iron Bunduru|Quark Drive|[silent]\n|-hitcount|p1: Iron Bunduru|1\n|move|p1a: God|Earth Power|p2a: Kangaskhan\n|-damage|p2a: Kangaskhan|0 fnt\n|faint|p2a: Kangaskhan\n|\n|-sideend|p1: mistermoscow|move: Aurora Veil\n|upkeep\n|\n|t:|1713044431\n|switch|p1b: Death Fish|Basculegion, M|334/381\n|switch|p2a: Kartana|Kartana|260/260\n|-damage|p2a: Kartana|244/260|[from] Stealth Rock\n|-damage|p1b: Death Fish|287/381|[from] Stealth Rock\n|turn|14\n|\n|t:|1713044453\n|switch|p1a: Static|Tapu Koko|8/344\n|-damage|p1a: Static|0 fnt|[from] Stealth Rock\n|faint|p1a: Static\n|move|p1b: Death Fish|Protect|p1b: Death Fish\n|-singleturn|p1b: Death Fish|Protect\n|move|p2b: Thundurus|Leer|p1b: Death Fish\n|-activate|p1b: Death Fish|move: Protect\n|move|p2a: Kartana|Leaf Blade|p1b: Death Fish\n|-activate|p1b: Death Fish|move: Protect\n|\n|upkeep\n|\n|t:|1713044464\n|switch|p1a: God|Landorus, M|214/319\n|-damage|p1a: God|175/319|[from] Stealth Rock\n|turn|15\n|\n|t:|1713044481\n|move|p1b: Death Fish|Protect|p1b: Death Fish\n|debug|Success chance: 33%\n|-singleturn|p1b: Death Fish|Protect\n|move|p2b: Thundurus|Leer|p1b: Death Fish|[spread] p1a\n|-activate|p1b: Death Fish|move: Protect\n|-unboost|p1a: God|def|1\n|move|p2a: Kartana|Leaf Blade|p1b: Death Fish\n|-activate|p1b: Death Fish|move: Protect\n|move|p1a: God|Earth Power|p2a: Kartana\n|-damage|p2a: Kartana|0 fnt\n|faint|p2a: Kartana\n|\n|upkeep\n|\n|t:|1713044493\n|switch|p2a: Marshadow|Marshadow, tera:Ghost|198/384\n|-damage|p2a: Marshadow|150/384|[from] Stealth Rock\n|turn|16\n|\n|t:|1713044524\n|move|p2a: Marshadow|Shadow Sneak|p1a: God\n|debug|Base Power: 40\n|debug|Technician boost\n|-damage|p1a: God|0 fnt\n|faint|p1a: God\n|move|p1b: Death Fish|Aqua Jet|p2a: Marshadow\n|-damage|p2a: Marshadow|32/384\n|move|p2b: Thundurus|Electroweb|p1b: Death Fish\n|-supereffective|p1b: Death Fish\n|-damage|p1b: Death Fish|27/381\n|debug|move failed because it did nothing\n|\n|upkeep\n|turn|17\n|\n|t:|1713044540\n|move|p2a: Marshadow|Shadow Sneak|p1b: Death Fish\n|debug|Base Power: 40\n|debug|Technician boost\n|-supereffective|p1b: Death Fish\n|-damage|p1b: Death Fish|0 fnt\n|faint|p1b: Death Fish\n|\n|win|mattmandaman\n","uploadtime":1713044600,"views":"26","formatid":"gen9doublescustomgame","rating":null,"private":0,"password":null}