{"id":"gen9doublescustomgame-2359317286","format":"[Gen 9] Doubles Custom Game","players":["Mango Meloetta","mistermoscow"],"log":"|j|☆Mango Meloetta\n|j|☆mistermoscow\n|t:|1746671046\n|gametype|doubles\n|player|p1|Mango Meloetta|li|\n|player|p2|mistermoscow|alder|\n|teamsize|p1|6\n|teamsize|p2|6\n|gen|9\n|tier|[Gen 9] Doubles Custom Game\n|clearpoke\n|poke|p1|Electabuzz, F|\n|poke|p1|Arcanine, F|\n|poke|p1|Weezing, F|\n|poke|p1|Snorlax, F|\n|poke|p1|Persian, F|\n|poke|p1|Parasect, M|\n|poke|p2|Clefairy, M|\n|poke|p2|Primeape, M|\n|poke|p2|Exeggutor, M|\n|poke|p2|Mr. Mime, M|\n|poke|p2|Jolteon, M|\n|poke|p2|Dragonite, M|\n|teampreview\n|c|☆mistermoscow|yooooooooooo\n|c|☆Mango Meloetta|yooo\n|c|☆mistermoscow|official?\n|c|☆Mango Meloetta|official?\n|c|☆Mango Meloetta|yee\n|c|☆mistermoscow|yee\n|c|☆Mango Meloetta|hahaha\n|c|☆mistermoscow|lol\n|c|☆Mango Meloetta|HAHAHA\n|\n|t:|1746671114\n|start\n|switch|p1a: Persian|Persian, F|272/272\n|switch|p1b: Arcanine|Arcanine, F|321/321\n|switch|p2a: Mimsy|Mr. Mime, M|284/284\n|switch|p2b: Puff Daddy|Dragonite, M|324/324\n|-ability|p1b: Arcanine|Intimidate|boost\n|-unboost|p2a: Mimsy|atk|1\n|-unboost|p2b: Puff Daddy|atk|1\n|turn|1\n|\n|t:|1746671156\n|switch|p2b: Apollo|Primeape, M|271/271\n|move|p1a: Persian|Fake Out|p2b: Apollo\n|debug|Base Power: 40\n|debug|Technician boost\n|-damage|p2b: Apollo|208/271\n|move|p2a: Mimsy|Fake Out|p1b: Arcanine\n|-damage|p1b: Arcanine|308/321\n|cant|p1b: Arcanine|flinch\n|\n|upkeep\n|turn|2\n|\n|t:|1746671170\n|switch|p1b: Parasect|Parasect, M|324/324\n|move|p2a: Mimsy|Follow Me|p2a: Mimsy\n|-singleturn|p2a: Mimsy|move: Follow Me\n|move|p1a: Persian|U-turn|p2a: Mimsy\n|debug|Follow Me redirected target of move\n|debug|Base Power: 70\n|-damage|p2a: Mimsy|232/284\n|\n|t:|1746671178\n|switch|p1a: Weezing|Weezing, F|334/334|[from] U-turn\n|move|p2b: Apollo|Bulk Up|p2b: Apollo\n|-boost|p2b: Apollo|atk|1\n|-boost|p2b: Apollo|def|1\n|\n|upkeep\n|turn|3\n|\n|t:|1746671207\n|move|p2b: Apollo|Rage Fist|p1b: Parasect\n|-damage|p1b: Parasect|151/324\n|-status|p2b: Apollo|slp|[from] ability: Effect Spore|[of] p1b: Parasect\n|move|p2a: Mimsy|Psychic Terrain|p2a: Mimsy\n|-fieldstart|move: Psychic Terrain\n|move|p1a: Weezing|Stockpile|p1a: Weezing\n|-start|p1a: Weezing|stockpile1\n|-boost|p1a: Weezing|def|1\n|-boost|p1a: Weezing|spd|1\n|move|p1b: Parasect|Spore|p2b: Apollo\n|-fail|p2b: Apollo|slp\n|debug|move failed because it did nothing\n|\n|-heal|p1b: Parasect|171/324|[from] item: Leftovers\n|upkeep\n|turn|4\n|\n|t:|1746671232\n|cant|p2b: Apollo|slp\n|move|p2a: Mimsy|Expanding Force|p1a: Weezing|[spread] p1a,p1b\n|debug|psychic terrain boost\n|debug|terrain buff\n|debug|Spread modifier: 0.75\n|-supereffective|p1a: Weezing\n|debug|psychic terrain boost\n|debug|terrain buff\n|debug|Spread modifier: 0.75\n|-damage|p1a: Weezing|170/334\n|-damage|p1b: Parasect|39/324\n|move|p1a: Weezing|Stockpile|p1a: Weezing\n|-start|p1a: Weezing|stockpile2\n|-boost|p1a: Weezing|def|1\n|-boost|p1a: Weezing|spd|1\n|move|p1b: Parasect|Leech Seed|p2b: Apollo\n|-start|p2b: Apollo|move: Leech Seed\n|\n|-heal|p1a: Weezing|190/334|[from] item: Black Sludge\n|-heal|p1b: Parasect|59/324|[from] item: Leftovers\n|-damage|p2b: Apollo|175/271 slp|[from] Leech Seed|[of] p1b: Parasect\n|-heal|p1b: Parasect|92/324|[silent]\n|upkeep\n|turn|5\n|\n|t:|1746671265\n|move|p1a: Weezing|Protect|p1a: Weezing\n|-singleturn|p1a: Weezing|Protect\n|cant|p2b: Apollo|slp\n|move|p2a: Mimsy|Expanding Force|p1b: Parasect|[spread] p1b\n|-activate|p1a: Weezing|move: Protect\n|debug|psychic terrain boost\n|debug|terrain buff\n|debug|Spread modifier: 0.75\n|-damage|p1b: Parasect|0 fnt\n|faint|p1b: Parasect\n|\n|-heal|p1a: Weezing|210/334|[from] item: Black Sludge\n|debug|Nothing to leech into\n|upkeep\n|\n|t:|1746671274\n|switch|p1b: Persian|Persian, F|272/272\n|turn|6\n|\n|t:|1746671280\n|move|p1b: Persian|Fake Out|p2a: Mimsy\n|-activate|p2a: Mimsy|move: Psychic Terrain\n|-curestatus|p2b: Apollo|slp|[msg]\n|move|p2b: Apollo|Drain Punch|p1b: Persian\n|-supereffective|p1b: Persian\n|-enditem|p1b: Persian|Focus Sash\n|-damage|p1b: Persian|1/272\n|-heal|p2b: Apollo|271/271|[from] drain|[of] p1b: Persian\n|move|p2a: Mimsy|Expanding Force|p1a: Weezing|[spread] p1a,p1b\n|debug|psychic terrain boost\n|debug|terrain buff\n|debug|Spread modifier: 0.75\n|-supereffective|p1a: Weezing\n|debug|psychic terrain boost\n|debug|terrain buff\n|debug|Spread modifier: 0.75\n|-damage|p1a: Weezing|78/334\n|-damage|p1b: Persian|0 fnt\n|faint|p1b: Persian\n|move|p1a: Weezing|Stockpile|p1a: Weezing\n|-start|p1a: Weezing|stockpile3\n|-boost|p1a: Weezing|def|1\n|-boost|p1a: Weezing|spd|1\n|\n|-heal|p1a: Weezing|98/334|[from] item: Black Sludge\n|debug|Nothing to leech into\n|upkeep\n|\n|t:|1746671293\n|switch|p1b: Electabuzz|Electabuzz, F|334/334\n|turn|7\n|\n|t:|1746671308\n|move|p1b: Electabuzz|Electroweb|p2a: Mimsy|[spread] p2a,p2b\n|debug|Spread modifier: 0.75\n|debug|Spread modifier: 0.75\n|-damage|p2a: Mimsy|196/284\n|-damage|p2b: Apollo|235/271\n|-unboost|p2a: Mimsy|spe|1\n|-unboost|p2b: Apollo|spe|1\n|-ability|p2b: Apollo|Defiant|boost\n|-boost|p2b: Apollo|atk|2\n|move|p1a: Weezing|Heat Wave|p2a: Mimsy|[spread] p2a,p2b\n|debug|Spread modifier: 0.75\n|debug|Spread modifier: 0.75\n|-damage|p2a: Mimsy|155/284\n|-damage|p2b: Apollo|197/271\n|move|p2b: Apollo|Rage Fist|p1b: Electabuzz\n|-damage|p1b: Electabuzz|0 fnt\n|faint|p1b: Electabuzz\n|move|p2a: Mimsy|Expanding Force|p1a: Weezing\n|debug|psychic terrain boost\n|debug|terrain buff\n|-supereffective|p1a: Weezing\n|-damage|p1a: Weezing|0 fnt\n|faint|p1a: Weezing\n|\n|debug|Nothing to leech into\n|-fieldend|move: Psychic Terrain\n|upkeep\n|\n|t:|1746671316\n|switch|p1b: Arcanine|Arcanine, F|308/321\n|switch|p1a: Snorlax|Snorlax, F|524/524\n|-ability|p1b: Arcanine|Intimidate|boost\n|-unboost|p2a: Mimsy|atk|1\n|-unboost|p2b: Apollo|atk|1\n|-ability|p2b: Apollo|Defiant|boost\n|-boost|p2b: Apollo|atk|2\n|turn|8\n|\n|t:|1746671339\n|switch|p2a: Clifford|Clefairy, M|282/282\n|move|p1b: Arcanine|Extreme Speed|p2b: Apollo\n|debug|Friend Guard weaken\n|-damage|p2b: Apollo|162/271\n|move|p2b: Apollo|Drain Punch|p1a: Snorlax\n|-supereffective|p1a: Snorlax\n|-damage|p1a: Snorlax|0 fnt\n|-heal|p2b: Apollo|271/271|[from] drain|[of] p1a: Snorlax\n|faint|p1a: Snorlax\n|\n|-damage|p2b: Apollo|238/271|[from] Leech Seed|[of] p1b: Arcanine\n|-heal|p1b: Arcanine|321/321|[silent]\n|upkeep\n|turn|9\n|c|☆Mango Meloetta|f haha\n|\n|t:|1746671358\n|move|p1b: Arcanine|Close Combat|p2b: Apollo\n|debug|Friend Guard weaken\n|-damage|p2b: Apollo|186/271\n|-unboost|p1b: Arcanine|def|1\n|-unboost|p1b: Arcanine|spd|1\n|move|p2b: Apollo|Rage Fist|p1b: Arcanine\n|-damage|p1b: Arcanine|0 fnt\n|faint|p1b: Arcanine\n|\n|win|mistermoscow\n|c|☆mistermoscow|gg\n|c|☆Mango Meloetta|rematch? haha\n","uploadtime":1746671367,"views":"13","formatid":"gen9doublescustomgame","rating":null,"private":0,"password":null}