{"id":"gen9doublescustomgame-2004229256","format":"[Gen 9] Doubles Custom Game","players":["Mister Moscow","noli_cannoli10"],"log":"|j|☆Mister Moscow\n|j|☆noli_cannoli10\n|t:|1701660762\n|gametype|doubles\n|player|p1|Mister Moscow|alder|\n|player|p2|noli_cannoli10|102|\n|teamsize|p1|6\n|teamsize|p2|6\n|gen|9\n|tier|[Gen 9] Doubles Custom Game\n|clearpoke\n|poke|p1|Sableye, F|\n|poke|p1|Darkrai|\n|poke|p1|Great Tusk|\n|poke|p1|Volcarona, F|\n|poke|p1|Sylveon, M|\n|poke|p1|Ogerpon-Wellspring, F|\n|poke|p2|Murkrow, M|\n|poke|p2|Gholdengo|\n|poke|p2|Amoonguss, M|\n|poke|p2|Kommo-o, F|\n|poke|p2|Kingambit, F|\n|poke|p2|Mimikyu, M|\n|teampreview\n|j| je64\n|c|☆noli_cannoli10|how fast can we make this\n|\n|t:|1701660792\n|start\n|switch|p1a: Sabrina|Sableye, F|304/304\n|switch|p1b: Darren|Darkrai|344/344\n|switch|p2a: Murder Bird|Murkrow, M, shiny|324/324\n|switch|p2b: Golden Boi|Gholdengo|316/316\n|turn|1\n|j| Weedichu\n|\n|t:|1701660812\n|move|p1a: Sabrina|Protect|p1a: Sabrina\n|-singleturn|p1a: Sabrina|Protect\n|move|p1b: Darren|Protect|p1b: Darren\n|-singleturn|p1b: Darren|Protect\n|move|p2a: Murder Bird|Taunt|p1a: Sabrina\n|-activate|p1a: Sabrina|move: Protect\n|move|p2b: Golden Boi|Nasty Plot|p2b: Golden Boi\n|-boost|p2b: Golden Boi|spa|2\n|\n|upkeep\n|turn|2\n|\n|t:|1701660833\n|switch|p1b: Mothra|Volcarona, F|311/311\n|move|p2a: Murder Bird|Tailwind|p2a: Murder Bird\n|-sidestart|p2: noli_cannoli10|move: Tailwind\n|move|p1a: Sabrina|Encore|p2b: Golden Boi\n|-immune|p2b: Golden Boi|[from] ability: Good as Gold\n|move|p2b: Golden Boi|Make It Rain|p1b: Mothra|[spread] p1a,p1b\n|debug|Spread modifier: 0.75\n|debug|Spread modifier: 0.75\n|-resisted|p1b: Mothra\n|-damage|p1a: Sabrina|0 fnt\n|-damage|p1b: Mothra|116/311\n|-unboost|p2b: Golden Boi|spa|1\n|faint|p1a: Sabrina\n|\n|upkeep\n|c|☆Mister Moscow|forgot about that ability\n|\n|t:|1701660864\n|switch|p1a: Pepe Silva|Sylveon, M|331/331\n|turn|3\n|\n|t:|1701660873\n|switch|p2a: Mojo JoJo|Kommo-o, F|292/292\n|-terastallize|p1a: Pepe Silva|Steel\n|move|p2b: Golden Boi|Make It Rain|p1a: Pepe Silva|[spread] p1a,p1b\n|debug|Spread modifier: 0.75\n|-resisted|p1a: Pepe Silva\n|-crit|p1a: Pepe Silva\n|debug|Spread modifier: 0.75\n|-resisted|p1b: Mothra\n|-damage|p1a: Pepe Silva|166/331\n|-damage|p1b: Mothra|0 fnt\n|-unboost|p2b: Golden Boi|spa|1\n|faint|p1b: Mothra\n|move|p1a: Pepe Silva|Hyper Voice|p2b: Golden Boi|[spread] p2b\n|-immune|p2a: Mojo JoJo|[from] ability: Soundproof\n|debug|Spread modifier: 0.75\n|-resisted|p2b: Golden Boi\n|-damage|p2b: Golden Boi|242/316\n|\n|-heal|p1a: Pepe Silva|186/331|[from] item: Leftovers\n|upkeep\n|\n|t:|1701660892\n|switch|p1b: Zora|Ogerpon-Wellspring, F|301/301\n|turn|4\n|c| je64|ikr\n|\n|t:|1701660919\n|move|p2b: Golden Boi|Protect|p2b: Golden Boi\n|-singleturn|p2b: Golden Boi|Protect\n|move|p2a: Mojo JoJo|Substitute|p2a: Mojo JoJo\n|-start|p2a: Mojo JoJo|Substitute\n|-damage|p2a: Mojo JoJo|219/292\n|move|p1b: Zora|Power Whip|p2b: Golden Boi\n|-activate|p2b: Golden Boi|move: Protect\n|move|p1a: Pepe Silva|Calm Mind|p1a: Pepe Silva\n|-boost|p1a: Pepe Silva|spa|1\n|-boost|p1a: Pepe Silva|spd|1\n|\n|-heal|p1a: Pepe Silva|206/331|[from] item: Leftovers\n|upkeep\n|turn|5\n|\n|t:|1701660944\n|move|p1b: Zora|Spiky Shield|p1b: Zora\n|-singleturn|p1b: Zora|move: Protect\n|move|p2b: Golden Boi|Make It Rain|p1b: Zora|[spread] p1a\n|-activate|p1b: Zora|move: Protect\n|debug|Spread modifier: 0.75\n|-resisted|p1a: Pepe Silva\n|-damage|p1a: Pepe Silva|155/331\n|-unboost|p2b: Golden Boi|spa|1\n|move|p2a: Mojo JoJo|Clangorous Soul|p2a: Mojo JoJo\n|-boost|p2a: Mojo JoJo|atk|1\n|-boost|p2a: Mojo JoJo|def|1\n|-boost|p2a: Mojo JoJo|spa|1\n|-boost|p2a: Mojo JoJo|spd|1\n|-boost|p2a: Mojo JoJo|spe|1\n|-damage|p2a: Mojo JoJo|123/292\n|move|p1a: Pepe Silva|Shadow Ball|p2b: Golden Boi\n|-supereffective|p2b: Golden Boi\n|-damage|p2b: Golden Boi|0 fnt\n|faint|p2b: Golden Boi\n|\n|-heal|p1a: Pepe Silva|175/331|[from] item: Leftovers\n|-sideend|p2: noli_cannoli10|move: Tailwind\n|upkeep\n|\n|t:|1701660964\n|switch|p2b: Murder Bird|Murkrow, M, shiny|324/324\n|turn|6\n|\n|t:|1701660974\n|move|p2b: Murder Bird|Tailwind|p2b: Murder Bird\n|-sidestart|p2: noli_cannoli10|move: Tailwind\n|move|p2a: Mojo JoJo|Clanging Scales|p1b: Zora|[spread] p1a,p1b\n|debug|Spread modifier: 0.75\n|-resisted|p1a: Pepe Silva\n|debug|Spread modifier: 0.75\n|-damage|p1a: Pepe Silva|125/331\n|-damage|p1b: Zora|84/301\n|-unboost|p2a: Mojo JoJo|def|1\n|move|p1b: Zora|Play Rough|p2a: Mojo JoJo\n|-supereffective|p2a: Mojo JoJo\n|-end|p2a: Mojo JoJo|Substitute\n|move|p1a: Pepe Silva|Hyper Voice|p2a: Mojo JoJo|[spread] p2b\n|-immune|p2a: Mojo JoJo|[from] ability: Soundproof\n|debug|Spread modifier: 0.75\n|-supereffective|p2b: Murder Bird\n|-damage|p2b: Murder Bird|0 fnt\n|faint|p2b: Murder Bird\n|\n|-heal|p1a: Pepe Silva|145/331|[from] item: Leftovers\n|upkeep\n|\n|t:|1701660991\n|switch|p2b: Sussy Baka|Amoonguss, M|432/432\n|turn|7\n|\n|t:|1701661009\n|move|p1b: Zora|Spiky Shield|p1b: Zora\n|-singleturn|p1b: Zora|move: Protect\n|move|p2a: Mojo JoJo|Clanging Scales|p1b: Zora|[spread] p1a\n|-activate|p1b: Zora|move: Protect\n|debug|Spread modifier: 0.75\n|-resisted|p1a: Pepe Silva\n|-damage|p1a: Pepe Silva|95/331\n|-unboost|p2a: Mojo JoJo|def|1\n|move|p2b: Sussy Baka|Spore|p1a: Pepe Silva\n|-status|p1a: Pepe Silva|slp|[from] move: Spore\n|cant|p1a: Pepe Silva|slp\n|\n|-heal|p1a: Pepe Silva|115/331 slp|[from] item: Leftovers\n|upkeep\n|turn|8\n|\n|t:|1701661039\n|-curestatus|p1a: Pepe Silva|slp|[msg]\n|move|p1a: Pepe Silva|Protect|p1a: Pepe Silva\n|-singleturn|p1a: Pepe Silva|Protect\n|move|p2a: Mojo JoJo|Clanging Scales|p1b: Zora|[spread] p1b\n|-activate|p1a: Pepe Silva|move: Protect\n|debug|Spread modifier: 0.75\n|-damage|p1b: Zora|0 fnt\n|faint|p1b: Zora\n|-unboost|p2a: Mojo JoJo|def|1\n|move|p2b: Sussy Baka|Giga Drain|p1a: Pepe Silva\n|-activate|p1a: Pepe Silva|move: Protect\n|\n|-heal|p1a: Pepe Silva|135/331|[from] item: Leftovers\n|upkeep\n|\n|t:|1701661059\n|switch|p1b: Darren|Darkrai|344/344\n|turn|9\n|\n|t:|1701661088\n|move|p2b: Sussy Baka|Rage Powder|p2b: Sussy Baka\n|-singleturn|p2b: Sussy Baka|move: Rage Powder\n|move|p2a: Mojo JoJo|Clanging Scales|p1a: Pepe Silva|[spread] p1a,p1b\n|debug|Spread modifier: 0.75\n|-resisted|p1a: Pepe Silva\n|debug|Spread modifier: 0.75\n|-damage|p1a: Pepe Silva|83/331\n|-damage|p1b: Darren|118/344\n|-unboost|p2a: Mojo JoJo|def|1\n|move|p1b: Darren|Snarl|p2b: Sussy Baka|[spread] p2b\n|-immune|p2a: Mojo JoJo|[from] ability: Soundproof\n|debug|Spread modifier: 0.75\n|-damage|p2b: Sussy Baka|363/432\n|-unboost|p2b: Sussy Baka|spa|1\n|move|p1a: Pepe Silva|Shadow Ball|p2b: Sussy Baka\n|debug|Rage Powder redirected target of move\n|-damage|p2b: Sussy Baka|216/432\n|\n|-heal|p1a: Pepe Silva|103/331|[from] item: Leftovers\n|-sideend|p2: noli_cannoli10|move: Tailwind\n|upkeep\n|turn|10\n|c|☆Mister Moscow|fucl\n|c|☆Mister Moscow|fuck\n|c|☆Mister Moscow|didnt realize snarl wouldnt work thered\n|\n|t:|1701661132\n|move|p1b: Darren|Protect|p1b: Darren\n|-singleturn|p1b: Darren|Protect\n|move|p2a: Mojo JoJo|Clanging Scales|p1b: Darren|[spread] p1a\n|-activate|p1b: Darren|move: Protect\n|debug|Spread modifier: 0.75\n|-resisted|p1a: Pepe Silva\n|-damage|p1a: Pepe Silva|48/331\n|-unboost|p2a: Mojo JoJo|def|1\n|move|p1a: Pepe Silva|Shadow Ball|p2a: Mojo JoJo\n|-damage|p2a: Mojo JoJo|26/292\n|-unboost|p2a: Mojo JoJo|spd|1\n|-enditem|p2a: Mojo JoJo|Figy Berry|[eat]\n|-heal|p2a: Mojo JoJo|123/292|[from] item: Figy Berry\n|-start|p2a: Mojo JoJo|confusion\n|move|p2b: Sussy Baka|Giga Drain|p1a: Pepe Silva\n|-resisted|p1a: Pepe Silva\n|-damage|p1a: Pepe Silva|35/331\n|-heal|p2b: Sussy Baka|223/432|[from] drain|[of] p1a: Pepe Silva\n|\n|-heal|p1a: Pepe Silva|55/331|[from] item: Leftovers\n|upkeep\n|turn|11\n|c| je64|Mojo Jojo is unstopable!!!!\n|c| je64|confused? Oh no :'D\n|\n|t:|1701661189\n|switch|p1a: Raymond|Great Tusk|372/372\n|-activate|p2a: Mojo JoJo|confusion\n|move|p2a: Mojo JoJo|Substitute|p2a: Mojo JoJo\n|-start|p2a: Mojo JoJo|Substitute\n|-damage|p2a: Mojo JoJo|50/292\n|move|p1b: Darren|Icy Wind|p2a: Mojo JoJo|[spread] p2a,p2b\n|debug|Spread modifier: 0.75\n|-supereffective|p2a: Mojo JoJo\n|-end|p2a: Mojo JoJo|Substitute\n|debug|Spread modifier: 0.75\n|-supereffective|p2b: Sussy Baka\n|-damage|p2b: Sussy Baka|133/432\n|-unboost|p2b: Sussy Baka|spe|1\n|move|p2b: Sussy Baka|Giga Drain|p1a: Raymond\n|-supereffective|p1a: Raymond\n|-damage|p1a: Raymond|288/372\n|-heal|p2b: Sussy Baka|175/432|[from] drain|[of] p1a: Raymond\n|\n|upkeep\n|turn|12\n|\n|t:|1701661225\n|move|p1b: Darren|Protect|p1b: Darren\n|-singleturn|p1b: Darren|Protect\n|-end|p2a: Mojo JoJo|confusion\n|move|p2a: Mojo JoJo|Clanging Scales|p1a: Raymond|[spread] p1a\n|-activate|p1b: Darren|move: Protect\n|debug|Spread modifier: 0.75\n|-damage|p1a: Raymond|132/372\n|-unboost|p2a: Mojo JoJo|def|1\n|move|p1a: Raymond|Earthquake|p2a: Mojo JoJo|[spread] p2a,p2b\n|-activate|p1b: Darren|move: Protect\n|debug|Spread modifier: 0.75\n|debug|Spread modifier: 0.75\n|-damage|p2a: Mojo JoJo|0 fnt\n|-damage|p2b: Sussy Baka|25/432\n|-enditem|p2b: Sussy Baka|Wiki Berry|[eat]\n|-heal|p2b: Sussy Baka|169/432|[from] item: Wiki Berry\n|faint|p2a: Mojo JoJo\n|move|p2b: Sussy Baka|Giga Drain|p1a: Raymond\n|-supereffective|p1a: Raymond\n|-damage|p1a: Raymond|42/372\n|-heal|p2b: Sussy Baka|214/432|[from] drain|[of] p1a: Raymond\n|\n|upkeep\n|\n|t:|1701661244\n|switch|p2a: Fire Lord Ozai|Kingambit, F, shiny|404/404\n|-activate|p2a: Fire Lord Ozai|ability: Supreme Overlord\n|-start|p2a: Fire Lord Ozai|fallen3|[silent]\n|turn|13\n|\n|t:|1701661261\n|move|p2a: Fire Lord Ozai|Sucker Punch|p1a: Raymond\n|debug|Supreme Overlord boost: 5325/4096\n|-resisted|p1a: Raymond\n|-damage|p1a: Raymond|0 fnt\n|faint|p1a: Raymond\n|-end|p1a: Raymond|Protosynthesis|[silent]\n|move|p1b: Darren|Icy Wind|p2b: Sussy Baka|[spread] p2a,p2b\n|debug|Spread modifier: 0.75\n|-resisted|p2a: Fire Lord Ozai\n|debug|Spread modifier: 0.75\n|-supereffective|p2b: Sussy Baka\n|-damage|p2a: Fire Lord Ozai|388/404\n|-damage|p2b: Sussy Baka|122/432\n|-unboost|p2a: Fire Lord Ozai|spe|1\n|-unboost|p2b: Sussy Baka|spe|1\n|move|p2b: Sussy Baka|Giga Drain|p1b: Darren\n|-damage|p1b: Darren|63/344\n|-heal|p2b: Sussy Baka|150/432|[from] drain|[of] p1b: Darren\n|\n|upkeep\n|\n|t:|1701661274\n|switch|p1a: Pepe Silva|Sylveon, M, tera:Steel|55/331\n|turn|14\n|\n|t:|1701661291\n|switch|p2b: Pikachoo|Mimikyu, M|252/252\n|move|p2a: Fire Lord Ozai|Sucker Punch||[still]\n|-fail|p2a: Fire Lord Ozai\n|move|p1b: Darren|Dark Void|p2a: Fire Lord Ozai|[spread] \n|-miss|p1b: Darren|p2a: Fire Lord Ozai\n|-miss|p1b: Darren|p2b: Pikachoo\n|move|p1a: Pepe Silva|Calm Mind|p1a: Pepe Silva\n|-boost|p1a: Pepe Silva|spa|1\n|-boost|p1a: Pepe Silva|spd|1\n|\n|-heal|p1a: Pepe Silva|75/331|[from] item: Leftovers\n|upkeep\n|turn|15\n|\n|t:|1701661322\n|-terastallize|p2a: Fire Lord Ozai|Flying\n|move|p1b: Darren|Dark Void|p2b: Pikachoo|[spread] p2a,p2b\n|-status|p2a: Fire Lord Ozai|slp|[from] move: Dark Void\n|-status|p2b: Pikachoo|slp|[from] move: Dark Void\n|cant|p2b: Pikachoo|slp\n|move|p1a: Pepe Silva|Calm Mind|p1a: Pepe Silva\n|-boost|p1a: Pepe Silva|spa|1\n|-boost|p1a: Pepe Silva|spd|1\n|cant|p2a: Fire Lord Ozai|slp\n|\n|-heal|p1a: Pepe Silva|95/331|[from] item: Leftovers\n|-damage|p2a: Fire Lord Ozai|338/404 slp|[from] ability: Bad Dreams|[of] p1b: Darren\n|-damage|p2b: Pikachoo|221/252 slp|[from] ability: Bad Dreams|[of] p1b: Darren\n|upkeep\n|turn|16\n|c|☆Mister Moscow|clutch double\n|c| je64|gtg\n|c| je64|damn this is crazy\n|\n|t:|1701661345\n|-curestatus|p2b: Pikachoo|slp|[msg]\n|move|p2b: Pikachoo|Shadow Sneak|p1a: Pepe Silva\n|-damage|p1a: Pepe Silva|40/331\n|move|p1b: Darren|Icy Wind|p2a: Fire Lord Ozai|[spread] p2a,p2b\n|debug|Spread modifier: 0.75\n|-supereffective|p2a: Fire Lord Ozai\n|debug|Spread modifier: 0.75\n|-damage|p2a: Fire Lord Ozai|272/404 slp\n|-activate|p2b: Pikachoo|ability: Disguise\n|-damage|p2b: Pikachoo|221/252\n|-unboost|p2a: Fire Lord Ozai|spe|1\n|-unboost|p2b: Pikachoo|spe|1\n|detailschange|p2b: Pikachoo|Mimikyu-Busted, M\n|-damage|p2b: Pikachoo|190/252|[from] pokemon: Mimikyu-Busted\n|move|p1a: Pepe Silva|Hyper Voice|p2a: Fire Lord Ozai|[spread] p2a,p2b\n|debug|Spread modifier: 0.75\n|debug|Spread modifier: 0.75\n|-damage|p2a: Fire Lord Ozai|47/404 slp\n|-damage|p2b: Pikachoo|0 fnt\n|faint|p2b: Pikachoo\n|-curestatus|p2a: Fire Lord Ozai|slp|[msg]\n|move|p2a: Fire Lord Ozai|Kowtow Cleave|p1b: Darren\n|debug|Supreme Overlord boost: 5325/4096\n|-resisted|p1b: Darren\n|-damage|p1b: Darren|0 fnt\n|faint|p1b: Darren\n|\n|-heal|p1a: Pepe Silva|60/331|[from] item: Leftovers\n|upkeep\n|\n|t:|1701661368\n|switch|p2b: Sussy Baka|Amoonguss, M|294/432\n|turn|17\n|\n|t:|1701661393\n|move|p1a: Pepe Silva|Protect|p1a: Pepe Silva\n|-singleturn|p1a: Pepe Silva|Protect\n|move|p2a: Fire Lord Ozai|Sucker Punch||[still]\n|-fail|p2a: Fire Lord Ozai\n|move|p2b: Sussy Baka|Giga Drain|p1a: Pepe Silva\n|-activate|p1a: Pepe Silva|move: Protect\n|\n|-heal|p1a: Pepe Silva|80/331|[from] item: Leftovers\n|upkeep\n|turn|18\n|\n|t:|1701661414\n|move|p1a: Pepe Silva|Calm Mind|p1a: Pepe Silva\n|-boost|p1a: Pepe Silva|spa|1\n|-boost|p1a: Pepe Silva|spd|1\n|move|p2b: Sussy Baka|Giga Drain|p1a: Pepe Silva\n|-resisted|p1a: Pepe Silva\n|-damage|p1a: Pepe Silva|68/331\n|-heal|p2b: Sussy Baka|300/432|[from] drain|[of] p1a: Pepe Silva\n|move|p2a: Fire Lord Ozai|Kowtow Cleave|p1a: Pepe Silva\n|debug|Supreme Overlord boost: 5325/4096\n|-damage|p1a: Pepe Silva|0 fnt\n|faint|p1a: Pepe Silva\n|\n|win|noli_cannoli10\n|c|☆Mister Moscow|gg\n|c|☆noli_cannoli10|gg\n|l|☆noli_cannoli10\n|c| je64|Oh shiiiiit!\n|c|☆Mister Moscow|james and nolan one game wild card!\n|c|☆Mister Moscow|i think?\n|l| Weedichu\n|l|☆Mister Moscow\n","uploadtime":1701662234,"views":"21","formatid":"gen9doublescustomgame","rating":null,"private":0,"password":null}