{"id":"gen9doublescustomgame-2436112772","format":"[Gen 9] Doubles Custom Game","players":["mango meloetta","noli_cannoli1O"],"log":"|j|☆mango meloetta\n|j|☆noli_cannoli1O\n|t:|1757125544\n|gametype|doubles\n|player|p1|mango meloetta|ghetsis-gen5bw|\n|player|p2|noli_cannoli1O|101|\n|gen|9\n|tier|[Gen 9] Doubles Custom Game\n|clearpoke\n|poke|p1|Cloyster|\n|poke|p1|Weezing|\n|poke|p1|Parasect|\n|poke|p1|Farfetch’d|\n|poke|p1|Persian|\n|poke|p1|Snorlax|\n|poke|p2|Aerodactyl|\n|poke|p2|Nidoking, M|\n|poke|p2|Moltres|\n|poke|p2|Scyther|\n|poke|p2|Machamp|\n|poke|p2|Slowbro|\n|teampreview\n|\n|t:|1757125602\n|teamsize|p1|6\n|teamsize|p2|6\n|start\n|switch|p1a: Mozer|Persian|271/271\n|switch|p1b: Dozer|Parasect|324/324\n|switch|p2a: Slowbro|Slowbro|394/394\n|switch|p2b: Scyther|Scyther|281/281\n|turn|1\n|\n|t:|1757125674\n|move|p2b: Scyther|Protect|p2b: Scyther\n|-singleturn|p2b: Scyther|Protect\n|move|p1a: Mozer|Fake Out|p2b: Scyther\n|-activate|p2b: Scyther|move: Protect\n|move|p1b: Dozer|Spore|p2a: Slowbro\n|-status|p2a: Slowbro|slp|[from] move: Spore\n|cant|p2a: Slowbro|slp\n|\n|upkeep\n|turn|2\n|\n|t:|1757125693\n|move|p1a: Mozer|Knock Off|p2a: Slowbro\n|-supereffective|p2a: Slowbro\n|-damage|p2a: Slowbro|224/394 slp\n|-enditem|p2a: Slowbro|Light Clay|[from] move: Knock Off|[of] p1a: Mozer\n|move|p2b: Scyther|Dual Wingbeat|p1b: Dozer\n|debug|Base Power: 40\n|debug|Technician boost\n|-supereffective|p1b: Dozer\n|-damage|p1b: Dozer|0 fnt\n|faint|p1b: Dozer\n|-hitcount|p1: Dozer|1\n|cant|p2a: Slowbro|slp\n|\n|upkeep\n|\n|t:|1757125718\n|switch|p1b: Smozer|Weezing|271/271\n|turn|3\n|\n|t:|1757125734\n|switch|p1a: Hozer|Farfetch’d|307/307\n|move|p1b: Smozer|Heat Wave|p2b: Scyther|[spread] p2a\n|-miss|p1b: Smozer|p2b: Scyther\n|debug|Spread modifier: 0.75\n|-resisted|p2a: Slowbro\n|-damage|p2a: Slowbro|187/394 slp\n|move|p2b: Scyther|Tailwind|p2b: Scyther\n|-sidestart|p2: noli_cannoli1O|move: Tailwind\n|-curestatus|p2a: Slowbro|slp|[msg]\n|move|p2a: Slowbro|Reflect|p2a: Slowbro\n|-sidestart|p2: noli_cannoli1O|Reflect\n|\n|upkeep\n|turn|4\n|\n|t:|1757125763\n|move|p1a: Hozer|First Impression|p2a: Slowbro\n|-supereffective|p2a: Slowbro\n|-crit|p2a: Slowbro\n|-damage|p2a: Slowbro|0 fnt\n|faint|p2a: Slowbro\n|move|p2b: Scyther|U-turn|p1b: Smozer\n|debug|Base Power: 70\n|-resisted|p1b: Smozer\n|-damage|p1b: Smozer|226/271\n|\n|t:|1757125791\n|switch|p2b: Nidoking|Nidoking, M|303/303|[from] U-turn\n|move|p1b: Smozer|Heat Wave|p2b: Nidoking\n|-damage|p2b: Nidoking|197/303\n|-status|p2b: Nidoking|brn\n|\n|-damage|p2b: Nidoking|179/303 brn|[from] brn\n|upkeep\n|\n|t:|1757125824\n|switch|p2a: Machamp|Machamp|384/384\n|turn|5\n|\n|t:|1757125852\n|move|p2b: Nidoking|Fire Blast|p1b: Smozer\n|-damage|p1b: Smozer|24/271\n|move|p1b: Smozer|Heat Wave|p2b: Nidoking|[spread] p2a\n|-miss|p1b: Smozer|p2b: Nidoking\n|debug|Spread modifier: 0.75\n|-damage|p2a: Machamp|309/384\n|-status|p2a: Machamp|brn\n|move|p2a: Machamp|Stone Edge|p1a: Hozer\n|-supereffective|p1a: Hozer\n|-damage|p1a: Hozer|102/307\n|move|p1a: Hozer|Dual Wingbeat|p2a: Machamp\n|-supereffective|p2a: Machamp\n|-crit|p2a: Machamp\n|-damage|p2a: Machamp|75/384 brn\n|-enditem|p2a: Machamp|Sitrus Berry|[eat]\n|-heal|p2a: Machamp|171/384 brn|[from] item: Sitrus Berry\n|-supereffective|p2a: Machamp\n|debug|Reflect weaken\n|-damage|p2a: Machamp|71/384 brn\n|-hitcount|p2a: Machamp|2\n|\n|-damage|p2b: Nidoking|161/303 brn|[from] brn\n|-damage|p2a: Machamp|47/384 brn|[from] brn\n|upkeep\n|turn|6\n|\n|t:|1757125881\n|move|p1a: Hozer|Protect|p1a: Hozer\n|-singleturn|p1a: Hozer|Protect\n|move|p2b: Nidoking|Fire Blast|p1b: Smozer\n|-damage|p1b: Smozer|0 fnt\n|faint|p1b: Smozer\n|move|p2a: Machamp|Stone Edge|p1a: Hozer\n|-activate|p1a: Hozer|move: Protect\n|\n|-damage|p2b: Nidoking|143/303 brn|[from] brn\n|-damage|p2a: Machamp|23/384 brn|[from] brn\n|-sideend|p2: noli_cannoli1O|move: Tailwind\n|upkeep\n|\n|t:|1757125892\n|switch|p1b: Mozer|Persian|271/271\n|turn|7\n|\n|t:|1757125926\n|switch|p2b: Scyther|Scyther|281/281\n|switch|p1a: Pozer|Snorlax|461/461\n|switch|p2a: Aerodactyl|Aerodactyl|301/301\n|-ability|p2a: Aerodactyl|Unnerve\n|move|p1b: Mozer|Fake Out|p2b: Scyther\n|debug|Reflect weaken\n|-damage|p2b: Scyther|255/281\n|\n|-sideend|p2: noli_cannoli1O|Reflect\n|upkeep\n|turn|8\n|\n|t:|1757125969\n|switch|p1b: Hozer|Farfetch’d|102/307\n|move|p2a: Aerodactyl|Dual Wingbeat|p1a: Pozer|[miss]\n|-miss|p2a: Aerodactyl|p1a: Pozer\n|move|p2b: Scyther|Dual Wingbeat|p1a: Pozer\n|debug|Base Power: 40\n|debug|Technician boost\n|-damage|p1a: Pozer|320/461\n|debug|Base Power: 40\n|debug|Technician boost\n|-damage|p1a: Pozer|191/461\n|-hitcount|p1a: Pozer|2\n|move|p1a: Pozer|Ice Punch|p2b: Scyther\n|-supereffective|p2b: Scyther\n|-damage|p2b: Scyther|135/281\n|\n|upkeep\n|turn|9\n|\n|t:|1757125992\n|move|p1b: Hozer|First Impression|p2b: Scyther\n|-resisted|p2b: Scyther\n|-crit|p2b: Scyther\n|-damage|p2b: Scyther|81/281\n|move|p2a: Aerodactyl|Rock Slide|p1b: Hozer|[spread] p1b\n|-miss|p2a: Aerodactyl|p1a: Pozer\n|debug|Spread modifier: 0.75\n|-supereffective|p1b: Hozer\n|-damage|p1b: Hozer|0 fnt\n|debug|move failed because it did nothing\n|faint|p1b: Hozer\n|move|p2b: Scyther|Dual Wingbeat|p1a: Pozer\n|debug|Base Power: 40\n|debug|Technician boost\n|-damage|p1a: Pozer|49/461\n|debug|Base Power: 40\n|debug|Technician boost\n|-damage|p1a: Pozer|0 fnt\n|faint|p1a: Pozer\n|-hitcount|p1: Pozer|2\n|\n|upkeep\n|j| mattmandaman\n|\n|t:|1757126004\n|switch|p1a: Mozer|Persian|271/271\n|switch|p1b: Cozer|Cloyster|241/241\n|turn|10\n|\n|t:|1757126024\n|move|p1a: Mozer|Fake Out|p2a: Aerodactyl\n|-resisted|p2a: Aerodactyl\n|-damage|p2a: Aerodactyl|268/301\n|cant|p2a: Aerodactyl|flinch\n|move|p2b: Scyther|U-turn|p1b: Cozer\n|debug|Base Power: 70\n|-damage|p1b: Cozer|171/241\n|\n|t:|1757126039\n|switch|p2b: Moltres|Moltres|321/321|[from] U-turn\n|move|p1b: Cozer|Shell Smash|p1b: Cozer\n|-unboost|p1b: Cozer|def|1\n|-unboost|p1b: Cozer|spd|1\n|-boost|p1b: Cozer|atk|2\n|-boost|p1b: Cozer|spa|2\n|-boost|p1b: Cozer|spe|2\n|\n|upkeep\n|turn|11\n|\n|t:|1757126072\n|switch|p2b: Machamp|Machamp|23/384 brn\n|move|p1b: Cozer|Icicle Spear|p2a: Aerodactyl\n|-supereffective|p2a: Aerodactyl\n|-damage|p2a: Aerodactyl|56/301\n|-supereffective|p2a: Aerodactyl\n|-damage|p2a: Aerodactyl|0 fnt\n|faint|p2a: Aerodactyl\n|-hitcount|p2: Aerodactyl|2\n|move|p1a: Mozer|Knock Off|p2b: Machamp\n|-resisted|p2b: Machamp\n|-damage|p2b: Machamp|0 fnt\n|faint|p2b: Machamp\n|\n|upkeep\n|\n|t:|1757126108\n|switch|p2a: Nidoking|Nidoking, M|143/303 brn\n|switch|p2b: Scyther|Scyther|81/281\n|turn|12\n|\n|t:|1757126192\n|move|p1b: Cozer|Icicle Spear|p2a: Nidoking\n|-supereffective|p2a: Nidoking\n|-damage|p2a: Nidoking|0 fnt\n|faint|p2a: Nidoking\n|-hitcount|p2: Nidoking|1\n|move|p1a: Mozer|Play Rough|p2b: Scyther\n|-damage|p2b: Scyther|25/281\n|move|p2b: Scyther|Tailwind|p2b: Scyther\n|-sidestart|p2: noli_cannoli1O|move: Tailwind\n|\n|upkeep\n|\n|t:|1757126201\n|switch|p2a: Moltres|Moltres|321/321\n|turn|13\n|\n|t:|1757126221\n|move|p1b: Cozer|Ice Shard|p2b: Scyther\n|-supereffective|p2b: Scyther\n|-damage|p2b: Scyther|0 fnt\n|faint|p2b: Scyther\n|move|p2a: Moltres|Air Slash|p1b: Cozer\n|-damage|p1b: Cozer|0 fnt\n|debug|move failed because it did nothing\n|faint|p1b: Cozer\n|move|p1a: Mozer|Knock Off|p2a: Moltres\n|-damage|p2a: Moltres|237/321\n|-enditem|p2a: Moltres|Choice Specs|[from] move: Knock Off|[of] p1a: Mozer\n|\n|upkeep\n|turn|14\n|\n|t:|1757126239\n|move|p2a: Moltres|Air Slash|p1a: Mozer\n|-damage|p1a: Mozer|87/271\n|move|p1a: Mozer|Gunk Shot|p2a: Moltres\n|-damage|p2a: Moltres|139/321\n|\n|upkeep\n|turn|15\n|\n|t:|1757126266\n|-terastallize|p2a: Moltres|Fire\n|move|p2a: Moltres|Air Slash|p1a: Mozer\n|-damage|p1a: Mozer|0 fnt\n|debug|move failed because it did nothing\n|faint|p1a: Mozer\n|\n|win|noli_cannoli1O\n|j| mistermoscow\n|c| mistermoscow|ILLEGAL MOVE! NOLAN IS DISQUALIFIED!\n|c|☆mango meloetta|OHHH\n","uploadtime":1757126278,"views":"25","formatid":"gen9doublescustomgame","rating":null,"private":0,"password":null}