{"id":"gen9doublescustomgame-2262109004","format":"[Gen 9] Doubles Custom Game","players":["je64","Mattmandaman"],"log":"|badge|p2|gold|gen9doublesou|3-3\n|uhtml|medal-msg|<div class=\"broadcast-blue\">Curious what those medals under the avatar are? PS now has Ladder Seasons! For more information, check out the <a href=\"https://www.smogon.com/forums/threads/3740067/\">thread on Smogon.</a></div>\n|j|☆je64\n|j|☆Mattmandaman\n|t:|1734068479\n|gametype|doubles\n|player|p1|je64|265|\n|player|p2|Mattmandaman|giovanni|\n|teamsize|p1|6\n|teamsize|p2|6\n|gen|9\n|tier|[Gen 9] Doubles Custom Game\n|clearpoke\n|poke|p1|Kadabra, F|\n|poke|p1|Hitmonchan, M|\n|poke|p1|Chansey, F|\n|poke|p1|Electabuzz, F|\n|poke|p1|Magmar, F|\n|poke|p1|Gyarados, M|\n|poke|p2|Fearow, M|\n|poke|p2|Marowak, F|\n|poke|p2|Pikachu, M|\n|poke|p2|Porygon|\n|poke|p2|Butterfree, F|\n|poke|p2|Gengar, M|\n|teampreview\n|\n|t:|1734068528\n|start\n|switch|p1a: Chansey|Chansey, F|641/641\n|switch|p1b: Kadabra|Kadabra, F|221/221\n|switch|p2a: Fearow|Fearow, M|272/272\n|switch|p2b: Porygon|Porygon|334/334\n|-ability|p2b: Porygon|Download|boost\n|-boost|p2b: Porygon|atk|1\n|turn|1\n|\n|t:|1734068563\n|-terastallize|p1a: Chansey|Normal\n|move|p2a: Fearow|Protect|p2a: Fearow\n|-singleturn|p2a: Fearow|Protect\n|debug|doubling secondary chance\n|move|p1a: Chansey|Rock Slide|p2a: Fearow|[spread] p2b\n|-activate|p2a: Fearow|move: Protect\n|debug|Spread modifier: 0.75\n|-damage|p2b: Porygon|328/334\n|move|p1b: Kadabra|Calm Mind|p1b: Kadabra\n|-boost|p1b: Kadabra|spa|1\n|-boost|p1b: Kadabra|spd|1\n|cant|p2b: Porygon|flinch\n|\n|upkeep\n|turn|2\n|\n|t:|1734068581\n|move|p2a: Fearow|Tailwind|p2a: Fearow\n|-sidestart|p2: Mattmandaman|move: Tailwind\n|debug|doubling secondary chance\n|move|p1a: Chansey|Rock Slide|p2a: Fearow|[spread] p2a,p2b\n|debug|Spread modifier: 0.75\n|-supereffective|p2a: Fearow\n|debug|Spread modifier: 0.75\n|-damage|p2a: Fearow|248/272\n|-damage|p2b: Porygon|322/334\n|debug|Covert Cloak prevent secondary\n|move|p1b: Kadabra|Calm Mind|p1b: Kadabra\n|-boost|p1b: Kadabra|spa|1\n|-boost|p1b: Kadabra|spd|1\n|move|p2b: Porygon|Icy Wind|p1a: Chansey|[spread] p1a,p1b\n|debug|Spread modifier: 0.75\n|debug|Spread modifier: 0.75\n|-damage|p1a: Chansey|612/641\n|-damage|p1b: Kadabra|202/221\n|-unboost|p1a: Chansey|spe|1\n|-unboost|p1b: Kadabra|spe|1\n|\n|upkeep\n|turn|3\n|\n|t:|1734068608\n|switch|p1a: Buzz Lightyear|Electabuzz, F|334/334\n|move|p1b: Kadabra|Protect|p1b: Kadabra\n|-singleturn|p1b: Kadabra|Protect\n|move|p2a: Fearow|Drill Peck|p1a: Buzz Lightyear\n|-resisted|p1a: Buzz Lightyear\n|-damage|p1a: Buzz Lightyear|290/334\n|move|p2b: Porygon|Teleport|p2b: Porygon\n|\n|t:|1734068617\n|switch|p2b: Marowak|Marowak, F|262/262|[from] Teleport\n|\n|upkeep\n|turn|4\n|\n|t:|1734068677\n|switch|p1a: Gyarados|Gyarados, M|331/331\n|-ability|p1a: Gyarados|Intimidate|boost\n|-unboost|p2a: Fearow|atk|1\n|-unboost|p2b: Marowak|atk|1\n|switch|p1b: Chansey|Chansey, F, tera:Normal|612/641\n|move|p2a: Fearow|Drill Peck|p1b: Chansey\n|-damage|p1b: Chansey|462/641\n|move|p2b: Marowak|Earthquake|p1b: Chansey|[spread] p1b\n|-immune|p2a: Fearow\n|-immune|p1a: Gyarados\n|debug|Spread modifier: 0.75\n|-damage|p1b: Chansey|140/641\n|\n|upkeep\n|turn|5\n|\n|t:|1734068782\n|switch|p2a: Porygon|Porygon|322/334\n|-ability|p2a: Porygon|Download|boost\n|-boost|p2a: Porygon|atk|1\n|switch|p1b: Hitmonchan|Hitmonchan, M|242/242\n|move|p2b: Marowak|Rock Slide|p1a: Gyarados|[spread] p1a,p1b\n|debug|Spread modifier: 0.75\n|-supereffective|p1a: Gyarados\n|debug|Spread modifier: 0.75\n|-resisted|p1b: Hitmonchan\n|-damage|p1a: Gyarados|159/331\n|-damage|p1b: Hitmonchan|200/242\n|move|p1a: Gyarados|Waterfall|p2a: Porygon\n|-damage|p2a: Porygon|211/334\n|\n|-sideend|p2: Mattmandaman|move: Tailwind\n|upkeep\n|turn|6\n|\n|t:|1734068813\n|switch|p2b: Gengar|Gengar, M|324/324\n|move|p1a: Gyarados|Waterfall|p2b: Gengar\n|-damage|p2b: Gengar|75/324\n|move|p1b: Hitmonchan|Drain Punch|p2a: Porygon\n|debug|Punching Glove boost\n|debug|Iron Fist boost\n|-supereffective|p2a: Porygon\n|-damage|p2a: Porygon|0 fnt\n|-heal|p1b: Hitmonchan|242/242|[from] drain|[of] p2a: Porygon\n|faint|p2a: Porygon\n|\n|-heal|p2b: Gengar|95/324|[from] item: Leftovers\n|upkeep\n|\n|t:|1734068833\n|switch|p2a: Pikachu|Pikachu, M|211/211\n|turn|7\n|\n|t:|1734068861\n|switch|p1a: Buzz Lightyear|Electabuzz, F|290/334\n|move|p2b: Gengar|Sludge Bomb|p1a: Buzz Lightyear\n|-damage|p1a: Buzz Lightyear|202/334\n|move|p2a: Pikachu|Volt Tackle|p1b: Hitmonchan\n|-damage|p1b: Hitmonchan|0 fnt\n|faint|p1b: Hitmonchan\n|-damage|p2a: Pikachu|131/211|[from] Recoil\n|\n|-heal|p2b: Gengar|115/324|[from] item: Leftovers\n|upkeep\n|\n|t:|1734068921\n|switch|p1b: Chansey|Chansey, F, tera:Normal|140/641\n|turn|8\n|\n|t:|1734068990\n|move|p2b: Gengar|Sludge Bomb|p1a: Buzz Lightyear\n|-damage|p1a: Buzz Lightyear|109/334\n|debug|doubling secondary chance\n|move|p1b: Chansey|Rock Slide|p2b: Gengar|[spread] p2a,p2b\n|debug|Spread modifier: 0.75\n|debug|Spread modifier: 0.75\n|-damage|p2a: Pikachu|112/211\n|-damage|p2b: Gengar|101/324\n|-start|p1b: Chansey|Disable|Rock Slide|[from] ability: Cursed Body|[of] p2b: Gengar\n|cant|p2a: Pikachu|flinch\n|move|p1a: Buzz Lightyear|Electroweb|p2b: Gengar|[spread] p2a,p2b\n|debug|Spread modifier: 0.75\n|-resisted|p2a: Pikachu\n|debug|Spread modifier: 0.75\n|-damage|p2a: Pikachu|76/211\n|-damage|p2b: Gengar|43/324\n|-unboost|p2a: Pikachu|spe|1\n|-unboost|p2b: Gengar|spe|1\n|-start|p1a: Buzz Lightyear|Disable|Electroweb|[from] ability: Cursed Body|[of] p2b: Gengar\n|\n|-heal|p2b: Gengar|63/324|[from] item: Leftovers\n|upkeep\n|turn|9\n|\n|t:|1734069038\n|switch|p1b: Kadabra|Kadabra, F|202/221\n|switch|p2b: Marowak|Marowak, F|262/262\n|move|p1a: Buzz Lightyear|Follow Me|p1a: Buzz Lightyear\n|-singleturn|p1a: Buzz Lightyear|move: Follow Me\n|move|p2a: Pikachu|Volt Tackle|p1a: Buzz Lightyear\n|debug|Follow Me redirected target of move\n|-resisted|p1a: Buzz Lightyear\n|-damage|p1a: Buzz Lightyear|25/334\n|-damage|p2a: Pikachu|48/211|[from] Recoil\n|\n|upkeep\n|turn|10\n|\n|t:|1734069083\n|switch|p2a: Fearow|Fearow, M|248/272\n|move|p2b: Marowak|Protect|p2b: Marowak\n|-singleturn|p2b: Marowak|Protect\n|move|p1a: Buzz Lightyear|Follow Me|p1a: Buzz Lightyear\n|-singleturn|p1a: Buzz Lightyear|move: Follow Me\n|move|p1b: Kadabra|Psychic|p2b: Marowak\n|-activate|p2b: Marowak|move: Protect\n|\n|upkeep\n|turn|11\n|\n|t:|1734069179\n|switch|p1b: Gyarados|Gyarados, M|159/331\n|-ability|p1b: Gyarados|Intimidate|boost\n|-unboost|p2a: Fearow|atk|1\n|-unboost|p2b: Marowak|atk|1\n|move|p2a: Fearow|Tailwind|p2a: Fearow\n|-sidestart|p2: Mattmandaman|move: Tailwind\n|move|p2b: Marowak|Earthquake|p1a: Buzz Lightyear|[spread] p1a\n|-immune|p2a: Fearow\n|-immune|p1b: Gyarados\n|debug|Spread modifier: 0.75\n|-supereffective|p1a: Buzz Lightyear\n|-damage|p1a: Buzz Lightyear|0 fnt\n|faint|p1a: Buzz Lightyear\n|\n|upkeep\n|\n|t:|1734069195\n|switch|p1a: Chansey|Chansey, F, tera:Normal|140/641\n|turn|12\n|\n|t:|1734069214\n|move|p2a: Fearow|Drill Peck|p1b: Gyarados\n|-damage|p1b: Gyarados|71/331\n|move|p2b: Marowak|Rock Slide|p1a: Chansey|[spread] p1a,p1b\n|debug|Spread modifier: 0.75\n|debug|Spread modifier: 0.75\n|-supereffective|p1b: Gyarados\n|-damage|p1a: Chansey|0 fnt\n|-damage|p1b: Gyarados|0 fnt\n|faint|p1a: Chansey\n|faint|p1b: Gyarados\n|\n|upkeep\n|\n|t:|1734069222\n|switch|p1b: Kadabra|Kadabra, F|202/221\n|switch|p1a: Myagmar|Magmar, F|271/271\n|turn|13\n|\n|t:|1734069233\n|move|p1a: Myagmar|Protect|p1a: Myagmar\n|-singleturn|p1a: Myagmar|Protect\n|move|p1b: Kadabra|Protect|p1b: Kadabra\n|-singleturn|p1b: Kadabra|Protect\n|move|p2a: Fearow|Drill Peck|p1b: Kadabra\n|-activate|p1b: Kadabra|move: Protect\n|move|p2b: Marowak|Earthquake|p1b: Kadabra|[spread] \n|-activate|p1a: Myagmar|move: Protect\n|-activate|p1b: Kadabra|move: Protect\n|-immune|p2a: Fearow\n|\n|upkeep\n|turn|14\n|\n|t:|1734069247\n|move|p1a: Myagmar|Protect||[still]\n|debug|Success chance: 33%\n|-fail|p1a: Myagmar\n|move|p1b: Kadabra|Protect|p1b: Kadabra\n|debug|Success chance: 33%\n|-singleturn|p1b: Kadabra|Protect\n|move|p2a: Fearow|Drill Peck|p1b: Kadabra\n|-activate|p1b: Kadabra|move: Protect\n|move|p2b: Marowak|Earthquake|p1a: Myagmar|[spread] p1a\n|-activate|p1b: Kadabra|move: Protect\n|-immune|p2a: Fearow\n|debug|Spread modifier: 0.75\n|-supereffective|p1a: Myagmar\n|-damage|p1a: Myagmar|0 fnt\n|faint|p1a: Myagmar\n|\n|-sideend|p2: Mattmandaman|move: Tailwind\n|upkeep\n|turn|15\n|\n|t:|1734069263\n|move|p2a: Fearow|Tailwind|p2a: Fearow\n|-sidestart|p2: Mattmandaman|move: Tailwind\n|move|p2b: Marowak|Earthquake|p1b: Kadabra|[spread] p1b\n|-immune|p2a: Fearow\n|debug|Negating (sp)atk boost/penalty.\n|debug|Spread modifier: 0.75\n|-crit|p1b: Kadabra\n|-damage|p1b: Kadabra|0 fnt\n|faint|p1b: Kadabra\n|\n|win|Mattmandaman\n|l|☆je64\n|player|p1|\n","uploadtime":1734069415,"views":"37","formatid":"gen9doublescustomgame","rating":null,"private":0,"password":null}