{"id":"gen9doublescustomgame-2328059081","format":"[Gen 9] Doubles Custom Game","players":["mistermoscow","mattmandaman"],"log":"|j|☆mistermoscow\n|j|☆mattmandaman\n|t:|1742955310\n|gametype|doubles\n|player|p1|mistermoscow|alder|\n|player|p2|mattmandaman|giovanni|\n|teamsize|p1|6\n|teamsize|p2|6\n|gen|9\n|tier|[Gen 9] Doubles Custom Game\n|clearpoke\n|poke|p1|Nidoking, M|\n|poke|p1|Dugtrio, M|\n|poke|p1|Primeape, M|\n|poke|p1|Mr. Mime, M|\n|poke|p1|Jolteon, M|\n|poke|p1|Dragonite, M|\n|poke|p2|Gengar, F|\n|poke|p2|Starmie|\n|poke|p2|Chansey, F|\n|poke|p2|Nidoking, M|\n|poke|p2|Snorlax, M|\n|poke|p2|Pinsir, M|\n|teampreview\n|\n|t:|1742955365\n|start\n|switch|p1a: Dougie|Dugtrio, M|212/212\n|switch|p1b: Mimsy|Mr. Mime, M|284/284\n|switch|p2a: Gengar|Gengar, F|262/262\n|switch|p2b: Snorlax|Snorlax, M|479/479\n|debug|natural status immunity\n|turn|1\n|\n|t:|1742955420\n|move|p1b: Mimsy|Follow Me|p1b: Mimsy\n|-singleturn|p1b: Mimsy|move: Follow Me\n|move|p1a: Dougie|High Horsepower|p2b: Snorlax\n|-damage|p2b: Snorlax|320/479\n|move|p2a: Gengar|Sludge Bomb|p1b: Mimsy\n|debug|Follow Me redirected target of move\n|-supereffective|p1b: Mimsy\n|debug|Filter neutralize\n|-damage|p1b: Mimsy|64/284\n|-status|p1b: Mimsy|psn\n|move|p2b: Snorlax|Rock Slide|p1a: Dougie|[spread] p1b\n|-miss|p2b: Snorlax|p1a: Dougie\n|debug|Spread modifier: 0.75\n|-damage|p1b: Mimsy|2/284 psn\n|\n|-heal|p1b: Mimsy|19/284 psn|[from] item: Leftovers\n|-heal|p2b: Snorlax|349/479|[from] item: Leftovers\n|-damage|p1b: Mimsy|0 fnt|[from] psn\n|faint|p1b: Mimsy\n|upkeep\n|\n|t:|1742955449\n|switch|p1b: Puff Daddy|Dragonite, M|324/324\n|debug|natural status immunity\n|turn|2\n|\n|t:|1742955467\n|move|p1a: Dougie|Sucker Punch||[still]\n|-fail|p1a: Dougie\n|move|p2a: Gengar|Will-O-Wisp|p1b: Puff Daddy\n|-status|p1b: Puff Daddy|brn\n|move|p1b: Puff Daddy|Scale Shot|p2a: Gengar\n|-damage|p2a: Gengar|224/262\n|-damage|p2a: Gengar|188/262\n|-damage|p2a: Gengar|148/262\n|-damage|p2a: Gengar|110/262\n|-damage|p2a: Gengar|73/262\n|-hitcount|p2a: Gengar|5\n|-unboost|p1b: Puff Daddy|def|1\n|-boost|p1b: Puff Daddy|spe|1\n|move|p2b: Snorlax|Rock Slide|p1a: Dougie|[spread] p1a,p1b\n|debug|Spread modifier: 0.75\n|-resisted|p1a: Dougie\n|-crit|p1a: Dougie\n|debug|Spread modifier: 0.75\n|-supereffective|p1b: Puff Daddy\n|-damage|p1a: Dougie|131/212\n|-damage|p1b: Puff Daddy|100/324 brn\n|\n|-heal|p2b: Snorlax|378/479|[from] item: Leftovers\n|-damage|p1b: Puff Daddy|80/324 brn|[from] brn\n|upkeep\n|debug|natural status immunity\n|turn|3\n|\n|t:|1742955526\n|move|p2a: Gengar|Protect|p2a: Gengar\n|-singleturn|p2a: Gengar|Protect\n|move|p1b: Puff Daddy|Scale Shot|p2b: Snorlax|[miss]\n|-miss|p1b: Puff Daddy|p2b: Snorlax\n|move|p1a: Dougie|High Horsepower|p2a: Gengar\n|-activate|p2a: Gengar|move: Protect\n|move|p2b: Snorlax|Body Slam|p1a: Dougie\n|-damage|p1a: Dougie|0 fnt\n|faint|p1a: Dougie\n|\n|-heal|p2b: Snorlax|407/479|[from] item: Leftovers\n|-damage|p1b: Puff Daddy|60/324 brn|[from] brn\n|upkeep\n|\n|t:|1742955545\n|switch|p1a: King Nido|Nidoking, M|304/304\n|turn|4\n|\n|t:|1742955563\n|switch|p2a: Chansey|Chansey, F|704/704\n|move|p1a: King Nido|Focus Blast|p2b: Snorlax\n|-supereffective|p2b: Snorlax\n|-damage|p2b: Snorlax|165/479\n|move|p1b: Puff Daddy|Scale Shot|p2a: Chansey\n|-damage|p2a: Chansey|666/704\n|-damage|p2a: Chansey|630/704\n|-damage|p2a: Chansey|594/704\n|-damage|p2a: Chansey|558/704\n|-damage|p2a: Chansey|521/704\n|-hitcount|p2a: Chansey|5\n|-unboost|p1b: Puff Daddy|def|1\n|-boost|p1b: Puff Daddy|spe|1\n|move|p2b: Snorlax|Body Slam|p1a: King Nido\n|-damage|p1a: King Nido|105/304\n|\n|-heal|p2b: Snorlax|194/479|[from] item: Leftovers\n|-damage|p1b: Puff Daddy|40/324 brn|[from] brn\n|upkeep\n|turn|5\n|\n|t:|1742955626\n|move|p1b: Puff Daddy|Rock Slide|p2b: Snorlax|[spread] p2a,p2b\n|debug|Spread modifier: 0.75\n|debug|Spread modifier: 0.75\n|-damage|p2a: Chansey|468/704\n|-damage|p2b: Snorlax|149/479\n|move|p1a: King Nido|Focus Blast|p2b: Snorlax|[miss]\n|-miss|p1a: King Nido|p2b: Snorlax\n|move|p2a: Chansey|Seismic Toss|p1a: King Nido\n|-damage|p1a: King Nido|5/304\n|cant|p2b: Snorlax|flinch\n|\n|-heal|p2b: Snorlax|178/479|[from] item: Leftovers\n|-damage|p1b: Puff Daddy|20/324 brn|[from] brn\n|upkeep\n|turn|6\n|\n|t:|1742955649\n|move|p2b: Snorlax|Protect|p2b: Snorlax\n|-singleturn|p2b: Snorlax|Protect\n|move|p1b: Puff Daddy|Rock Slide|p2a: Chansey|[spread] p2a\n|-activate|p2b: Snorlax|move: Protect\n|debug|Spread modifier: 0.75\n|-damage|p2a: Chansey|418/704\n|move|p1a: King Nido|Focus Blast|p2b: Snorlax\n|-activate|p2b: Snorlax|move: Protect\n|move|p2a: Chansey|Seismic Toss|p1a: King Nido\n|-damage|p1a: King Nido|0 fnt\n|faint|p1a: King Nido\n|\n|-heal|p2b: Snorlax|207/479|[from] item: Leftovers\n|-damage|p1b: Puff Daddy|0 fnt|[from] brn\n|faint|p1b: Puff Daddy\n|upkeep\n|\n|t:|1742955670\n|switch|p1a: Apollo|Primeape, M|271/271\n|switch|p1b: Sparky|Jolteon, M|272/272\n|turn|7\n|\n|t:|1742955702\n|move|p1b: Sparky|Volt Switch|p2a: Chansey\n|-damage|p2a: Chansey|352/704\n|move|p1a: Apollo|Drain Punch|p2b: Snorlax\n|-supereffective|p2b: Snorlax\n|-damage|p2b: Snorlax|0 fnt\n|faint|p2b: Snorlax\n|move|p2a: Chansey|Seismic Toss|p1a: Apollo\n|-damage|p1a: Apollo|171/271\n|\n|upkeep\n|\n|t:|1742955725\n|switch|p2b: Nidoking|Nidoking, M|304/304\n|turn|8\n|\n|t:|1742955756\n|switch|p2a: Gengar|Gengar, F|73/262\n|move|p2b: Nidoking|Earth Power|p1b: Sparky\n|-supereffective|p1b: Sparky\n|-damage|p1b: Sparky|0 fnt\n|faint|p1b: Sparky\n|move|p1a: Apollo|Drain Punch|p2a: Gengar\n|-immune|p2a: Gengar\n|\n|upkeep\n|turn|9\n|\n|t:|1742955769\n|move|p2b: Nidoking|Earth Power|p1a: Apollo\n|-damage|p1a: Apollo|51/271\n|move|p2a: Gengar|Psychic|p1a: Apollo\n|-supereffective|p1a: Apollo\n|-damage|p1a: Apollo|0 fnt\n|faint|p1a: Apollo\n|\n|win|mattmandaman\n|c|☆mistermoscow|boo\n|c|☆mattmandaman|yay\n|l|☆mistermoscow\n|player|p1|\n|c|☆mattmandaman|wanna do something random\n","uploadtime":1742955778,"views":"13","formatid":"gen9doublescustomgame","rating":null,"private":0,"password":null}