{"id":"gen9doublescustomgame-2133229189","format":"[Gen 9] Doubles Custom Game","players":["mattmandaman","noli_cannoli10"],"log":"|j|☆mattmandaman\n|j|☆noli_cannoli10\n|t:|1717031340\n|gametype|doubles\n|player|p1|mattmandaman|giovanni|\n|player|p2|noli_cannoli10|2|\n|teamsize|p1|6\n|teamsize|p2|6\n|gen|9\n|tier|[Gen 9] Doubles Custom Game\n|clearpoke\n|poke|p1|Kangaskhan, F|\n|poke|p1|Volcanion|\n|poke|p1|Marshadow|\n|poke|p1|Kartana|\n|poke|p1|Thundurus, M|\n|poke|p1|Diancie|\n|poke|p2|Smeargle, M|\n|poke|p2|Metagross|\n|poke|p2|Volcarona, M|\n|poke|p2|Magearna|\n|poke|p2|Urshifu-*, F|\n|poke|p2|Annihilape, M|\n|teampreview\n|j| mistermoscow\n|j| je64\n|\n|t:|1717031360\n|start\n|switch|p1a: Kangaskhan|Kangaskhan, F|352/352\n|switch|p1b: Volcanion|Volcanion|364/364\n|switch|p2a: Facebook Eww|Metagross|301/301\n|switch|p2b: smearin' deez|Smeargle, M|314/314\n|turn|1\n|\n|t:|1717031400\n|move|p1a: Kangaskhan|Fake Out|p2b: smearin' deez\n|-damage|p2b: smearin' deez|170/314\n|cant|p2b: smearin' deez|flinch\n|move|p2a: Facebook Eww|Ice Punch|p1b: Volcanion\n|-resisted|p1b: Volcanion\n|-damage|p1b: Volcanion|343/364\n|move|p1b: Volcanion|Heat Wave|p2a: Facebook Eww|[spread] \n|-miss|p1b: Volcanion|p2a: Facebook Eww\n|-miss|p1b: Volcanion|p2b: smearin' deez\n|\n|-ability|p2b: smearin' deez|Moody|boost\n|-boost|p2b: smearin' deez|atk|2\n|-unboost|p2b: smearin' deez|spa|1\n|upkeep\n|turn|2\n|j| smokeydabearrr\n|\n|t:|1717031437\n|detailschange|p1a: Kangaskhan|Kangaskhan-Mega, F\n|-mega|p1a: Kangaskhan|Kangaskhan|Kangaskhanite\n|detailschange|p2a: Facebook Eww|Metagross-Mega\n|-mega|p2a: Facebook Eww|Metagross|Metagrossite\n|move|p2a: Facebook Eww|Zen Headbutt|p1b: Volcanion\n|-damage|p1b: Volcanion|181/364\n|move|p1a: Kangaskhan|Drain Punch|p2b: smearin' deez\n|-supereffective|p2b: smearin' deez\n|-damage|p2b: smearin' deez|0 fnt\n|faint|p2b: smearin' deez\n|-hitcount|p2: smearin' deez|1\n|move|p1b: Volcanion|Heat Wave|p2a: Facebook Eww\n|-supereffective|p2a: Facebook Eww\n|-damage|p2a: Facebook Eww|0 fnt\n|faint|p2a: Facebook Eww\n|\n|upkeep\n|\n|t:|1717031455\n|switch|p2a: Usher Foo|Urshifu-Rapid-Strike, F|341/341\n|switch|p2b: Butterfree?!|Volcarona, M|374/374\n|turn|3\n|\n|t:|1717031468\n|move|p2b: Butterfree?!|Rage Powder|p2b: Butterfree?!\n|-singleturn|p2b: Butterfree?!|move: Rage Powder\n|move|p2a: Usher Foo|Surging Strikes|p1b: Volcanion\n|-heal|p1b: Volcanion|272/364|[from] ability: Water Absorb|[of] p2a: Usher Foo\n|move|p1a: Kangaskhan|Frustration|p2b: Butterfree?!\n|debug|Rage Powder redirected target of move\n|-damage|p2b: Butterfree?!|205/374\n|debug|Parental Bond modifier: 0.25\n|-damage|p2b: Butterfree?!|157/374\n|-hitcount|p2b: Butterfree?!|2\n|move|p1b: Volcanion|Steam Eruption|p2b: Butterfree?!\n|debug|Rage Powder redirected target of move\n|-supereffective|p2b: Butterfree?!\n|-damage|p2b: Butterfree?!|0 fnt\n|debug|move failed because it did nothing\n|faint|p2b: Butterfree?!\n|\n|upkeep\n|\n|t:|1717031484\n|switch|p2b: Metal Gyatt|Magearna|364/364\n|turn|4\n|\n|t:|1717031495\n|move|p2a: Usher Foo|Surging Strikes|p1a: Kangaskhan\n|-crit|p1a: Kangaskhan\n|-damage|p1a: Kangaskhan|282/352\n|-crit|p1a: Kangaskhan\n|-damage|p1a: Kangaskhan|206/352\n|-crit|p1a: Kangaskhan\n|-damage|p1a: Kangaskhan|136/352\n|-hitcount|p1a: Kangaskhan|3\n|move|p1a: Kangaskhan|Drain Punch|p2b: Metal Gyatt\n|-damage|p2b: Metal Gyatt|280/364\n|-heal|p1a: Kangaskhan|178/352|[from] drain|[of] p2b: Metal Gyatt\n|debug|Parental Bond modifier: 0.25\n|-damage|p2b: Metal Gyatt|260/364\n|-heal|p1a: Kangaskhan|188/352|[from] drain|[of] p2b: Metal Gyatt\n|-hitcount|p2b: Metal Gyatt|2\n|move|p2b: Metal Gyatt|Dazzling Gleam|p1a: Kangaskhan|[spread] p1a,p1b\n|debug|Spread modifier: 0.75\n|debug|Spread modifier: 0.75\n|-resisted|p1b: Volcanion\n|-damage|p1a: Kangaskhan|77/352\n|-damage|p1b: Volcanion|213/364\n|move|p1b: Volcanion|Heat Wave|p2a: Usher Foo|[spread] p2a,p2b\n|debug|Spread modifier: 0.75\n|-resisted|p2a: Usher Foo\n|debug|Spread modifier: 0.75\n|-supereffective|p2b: Metal Gyatt\n|-damage|p2a: Usher Foo|236/341\n|-damage|p2b: Metal Gyatt|32/364\n|-status|p2a: Usher Foo|brn\n|-enditem|p2b: Metal Gyatt|Mago Berry|[eat]\n|-heal|p2b: Metal Gyatt|153/364|[from] item: Mago Berry\n|\n|-damage|p2a: Usher Foo|215/341 brn|[from] brn\n|upkeep\n|turn|5\n|\n|t:|1717031526\n|move|p2a: Usher Foo|Surging Strikes|p1a: Kangaskhan\n|-crit|p1a: Kangaskhan\n|-damage|p1a: Kangaskhan|40/352\n|-crit|p1a: Kangaskhan\n|-damage|p1a: Kangaskhan|1/352\n|-crit|p1a: Kangaskhan\n|-damage|p1a: Kangaskhan|0 fnt\n|faint|p1a: Kangaskhan\n|-ability|p2b: Metal Gyatt|Soul-Heart|boost\n|-boost|p2b: Metal Gyatt|spa|1\n|-hitcount|p1: Kangaskhan|3\n|move|p2b: Metal Gyatt|Flash Cannon|p1b: Volcanion\n|-resisted|p1b: Volcanion\n|-damage|p1b: Volcanion|153/364\n|move|p1b: Volcanion|Heat Wave|p2a: Usher Foo|[spread] p2a,p2b\n|debug|Spread modifier: 0.75\n|-resisted|p2a: Usher Foo\n|debug|Spread modifier: 0.75\n|-supereffective|p2b: Metal Gyatt\n|-damage|p2a: Usher Foo|106/341 brn\n|-damage|p2b: Metal Gyatt|0 fnt\n|faint|p2b: Metal Gyatt\n|\n|-damage|p2a: Usher Foo|85/341 brn|[from] brn\n|upkeep\n|\n|t:|1717031549\n|switch|p1a: Kartana|Kartana|260/260\n|switch|p2b: Tickle Me Elmo|Annihilape, M|423/423\n|turn|6\n|\n|t:|1717031594\n|move|p2a: Usher Foo|Surging Strikes|p1a: Kartana\n|-resisted|p1a: Kartana\n|-crit|p1a: Kartana\n|-damage|p1a: Kartana|244/260\n|-resisted|p1a: Kartana\n|-crit|p1a: Kartana\n|-damage|p1a: Kartana|229/260\n|-resisted|p1a: Kartana\n|-crit|p1a: Kartana\n|-damage|p1a: Kartana|214/260\n|-hitcount|p1a: Kartana|3\n|move|p1a: Kartana|Leaf Blade|p2a: Usher Foo\n|-supereffective|p2a: Usher Foo\n|-damage|p2a: Usher Foo|0 fnt\n|faint|p2a: Usher Foo\n|-ability|p1a: Kartana|Beast Boost|boost\n|-boost|p1a: Kartana|atk|1\n|move|p2b: Tickle Me Elmo|Drain Punch|p1b: Volcanion\n|-damage|p1b: Volcanion|27/364\n|move|p1b: Volcanion|Steam Eruption|p2b: Tickle Me Elmo|[miss]\n|-miss|p1b: Volcanion|p2b: Tickle Me Elmo\n|\n|upkeep\n|turn|7\n|\n|t:|1717031621\n|-terastallize|p1a: Kartana|Grass\n|move|p1a: Kartana|Leaf Blade|p2b: Tickle Me Elmo\n|-damage|p2b: Tickle Me Elmo|0 fnt\n|faint|p2b: Tickle Me Elmo\n|\n|win|mattmandaman\n","uploadtime":1717031628,"views":"16","formatid":"gen9doublescustomgame","rating":null,"private":0,"password":null}