{"id":"gen9doublescustomgame-2319955496","format":"[Gen 9] Doubles Custom Game","players":["mistermoscow","mattmandaman"],"log":"|j|☆mistermoscow\n|j|☆mattmandaman\n|t:|1742007736\n|gametype|doubles\n|player|p1|mistermoscow|alder|\n|player|p2|mattmandaman|giovanni|\n|teamsize|p1|6\n|teamsize|p2|6\n|gen|9\n|tier|[Gen 9] Doubles Custom Game\n|clearpoke\n|poke|p1|Nidoking, M|\n|poke|p1|Dugtrio, M|\n|poke|p1|Primeape, M|\n|poke|p1|Mr. Mime, M|\n|poke|p1|Jolteon, M|\n|poke|p1|Dragonite, M|\n|poke|p2|Gengar, F|\n|poke|p2|Starmie|\n|poke|p2|Chansey, F|\n|poke|p2|Nidoking, M|\n|poke|p2|Snorlax, F|\n|poke|p2|Pinsir, M|\n|teampreview\n|j| je64\n|\n|t:|1742007782\n|start\n|switch|p1a: Sparky|Jolteon, M|272/272\n|switch|p1b: Dougie|Dugtrio, M|212/212\n|switch|p2a: Gengar|Gengar, F|262/262\n|switch|p2b: Chansey|Chansey, F|704/704\n|debug|natural status immunity\n|turn|1\n|\n|t:|1742007832\n|switch|p2a: Pinsir|Pinsir, M|334/334\n|move|p1a: Sparky|Volt Switch|p2a: Pinsir\n|-damage|p2a: Pinsir|234/334\n|\n|t:|1742007862\n|switch|p1a: Mimsy|Mr. Mime, M|222/222|[from] Volt Switch\n|move|p1b: Dougie|High Horsepower|p2a: Pinsir\n|-resisted|p2a: Pinsir\n|-damage|p2a: Pinsir|132/334\n|move|p2b: Chansey|Seismic Toss|p1b: Dougie\n|-damage|p1b: Dougie|112/212\n|\n|upkeep\n|turn|2\n|j| Mango Meloetta\n|\n|t:|1742007932\n|switch|p1b: Puff Daddy|Dragonite, M|324/324\n|move|p1a: Mimsy|Fake Out|p2a: Pinsir\n|-damage|p2a: Pinsir|114/334\n|cant|p2a: Pinsir|flinch\n|move|p2b: Chansey|Thunder Wave|p1a: Mimsy\n|-status|p1a: Mimsy|par\n|\n|upkeep\n|turn|3\n|\n|t:|1742008018\n|move|p1b: Puff Daddy|Extreme Speed|p2a: Pinsir\n|-damage|p2a: Pinsir|0 fnt\n|faint|p2a: Pinsir\n|-damage|p1b: Puff Daddy|292/324|[from] item: Life Orb\n|cant|p1a: Mimsy|par\n|move|p2b: Chansey|Seismic Toss|p1b: Puff Daddy\n|-damage|p1b: Puff Daddy|192/324\n|\n|upkeep\n|\n|t:|1742008033\n|switch|p2a: Gengar|Gengar, F|262/262\n|turn|4\n|\n|t:|1742008051\n|move|p1b: Puff Daddy|Protect|p1b: Puff Daddy\n|-singleturn|p1b: Puff Daddy|Protect\n|move|p2a: Gengar|Sludge Bomb|p1b: Puff Daddy\n|-activate|p1b: Puff Daddy|move: Protect\n|move|p1a: Mimsy|Taunt|p2a: Gengar\n|-start|p2a: Gengar|move: Taunt\n|move|p2b: Chansey|Seismic Toss|p1b: Puff Daddy\n|-activate|p1b: Puff Daddy|move: Protect\n|\n|upkeep\n|turn|5\n|\n|t:|1742008083\n|switch|p1b: King Nido|Nidoking, M|304/304\n|move|p2a: Gengar|Sludge Bomb|p1b: King Nido\n|-resisted|p1b: King Nido\n|-damage|p1b: King Nido|250/304\n|move|p1a: Mimsy|Psychic|p2a: Gengar\n|-supereffective|p2a: Gengar\n|-enditem|p2a: Gengar|Focus Sash\n|-damage|p2a: Gengar|1/262\n|-unboost|p2a: Gengar|spd|1\n|move|p2b: Chansey|Seismic Toss|p1b: King Nido\n|-damage|p1b: King Nido|150/304\n|\n|upkeep\n|turn|6\n|\n|t:|1742008109\n|switch|p2a: Snorlax|Snorlax, F|479/479\n|move|p1b: King Nido|Earth Power|p2b: Chansey\n|-damage|p2b: Chansey|598/704\n|move|p1a: Mimsy|Dazzling Gleam|p2a: Snorlax|[spread] p2a,p2b\n|debug|Spread modifier: 0.75\n|debug|Spread modifier: 0.75\n|-damage|p2a: Snorlax|389/479\n|-damage|p2b: Chansey|540/704\n|move|p2b: Chansey|Seismic Toss|p1b: King Nido\n|-damage|p1b: King Nido|50/304\n|\n|-heal|p2a: Snorlax|418/479|[from] item: Leftovers\n|upkeep\n|turn|7\n|\n|t:|1742008143\n|switch|p1a: Apollo|Primeape, M|271/271\n|move|p1b: King Nido|Earth Power|p2a: Snorlax\n|-damage|p2a: Snorlax|261/479\n|move|p2a: Snorlax|Body Slam|p1a: Apollo\n|-damage|p1a: Apollo|109/271\n|move|p2b: Chansey|Teleport|p2b: Chansey\n|\n|t:|1742008156\n|switch|p2b: Starmie|Starmie|262/262|[from] Teleport\n|\n|-heal|p2a: Snorlax|290/479|[from] item: Leftovers\n|upkeep\n|turn|8\n|\n|t:|1742008206\n|move|p1a: Apollo|Protect|p1a: Apollo\n|-singleturn|p1a: Apollo|Protect\n|move|p1b: King Nido|Earth Power|p2b: Starmie\n|-damage|p2b: Starmie|73/262\n|move|p2b: Starmie|Expanding Force|p1a: Apollo\n|-activate|p1a: Apollo|move: Protect\n|move|p2a: Snorlax|Body Slam|p1b: King Nido\n|-damage|p1b: King Nido|0 fnt\n|faint|p1b: King Nido\n|\n|-heal|p2a: Snorlax|319/479|[from] item: Leftovers\n|upkeep\n|\n|t:|1742008226\n|switch|p1b: Dougie|Dugtrio, M|112/212\n|turn|9\n|\n|t:|1742008236\n|switch|p1a: Puff Daddy|Dragonite, M|192/324\n|move|p2a: Snorlax|Protect|p2a: Snorlax\n|-singleturn|p2a: Snorlax|Protect\n|move|p1b: Dougie|Earthquake|p2b: Starmie|[spread] p2b\n|-activate|p2a: Snorlax|move: Protect\n|-immune|p1a: Puff Daddy\n|debug|Spread modifier: 0.75\n|-damage|p2b: Starmie|0 fnt\n|faint|p2b: Starmie\n|\n|-heal|p2a: Snorlax|348/479|[from] item: Leftovers\n|upkeep\n|\n|t:|1742008249\n|switch|p2b: Chansey|Chansey, F|540/704\n|turn|10\n|\n|t:|1742008289\n|move|p1b: Dougie|Earthquake|p2a: Snorlax|[spread] p2a,p2b\n|-immune|p1a: Puff Daddy\n|debug|Spread modifier: 0.75\n|debug|Spread modifier: 0.75\n|-damage|p2a: Snorlax|134/479\n|-damage|p2b: Chansey|288/704\n|move|p1a: Puff Daddy|Dragon Claw|p2a: Snorlax\n|-damage|p2a: Snorlax|0 fnt\n|faint|p2a: Snorlax\n|-damage|p1a: Puff Daddy|160/324|[from] item: Life Orb\n|move|p2b: Chansey|Seismic Toss|p1a: Puff Daddy\n|-damage|p1a: Puff Daddy|60/324\n|\n|upkeep\n|\n|t:|1742008303\n|switch|p2a: Nidoking|Nidoking, M|304/304\n|turn|11\n|\n|t:|1742008321\n|move|p1a: Puff Daddy|Protect|p1a: Puff Daddy\n|-singleturn|p1a: Puff Daddy|Protect\n|move|p2a: Nidoking|Ice Beam|p1b: Dougie\n|-supereffective|p1b: Dougie\n|-damage|p1b: Dougie|0 fnt\n|faint|p1b: Dougie\n|move|p2b: Chansey|Soft-Boiled|p2b: Chansey\n|-heal|p2b: Chansey|640/704\n|\n|upkeep\n|\n|t:|1742008339\n|switch|p1b: Mimsy|Mr. Mime, M|222/222 par\n|turn|12\n|\n|t:|1742008387\n|switch|p1a: Sparky|Jolteon, M|272/272\n|move|p2a: Nidoking|Ice Beam|p1a: Sparky\n|-damage|p1a: Sparky|142/272\n|cant|p1b: Mimsy|par\n|move|p2b: Chansey|Seismic Toss|p1a: Sparky\n|-damage|p1a: Sparky|42/272\n|\n|upkeep\n|turn|13\n|\n|t:|1742008423\n|move|p1a: Sparky|Protect|p1a: Sparky\n|-singleturn|p1a: Sparky|Protect\n|move|p2a: Nidoking|Ice Beam|p1a: Sparky\n|-activate|p1a: Sparky|move: Protect\n|move|p1b: Mimsy|Psychic|p2a: Nidoking\n|-supereffective|p2a: Nidoking\n|-damage|p2a: Nidoking|0 fnt\n|faint|p2a: Nidoking\n|move|p2b: Chansey|Seismic Toss|p1b: Mimsy\n|-damage|p1b: Mimsy|122/222 par\n|\n|-heal|p1b: Mimsy|135/222 par|[from] item: Leftovers\n|upkeep\n|\n|t:|1742008427\n|switch|p2a: Gengar|Gengar, F|1/262\n|turn|14\n|\n|t:|1742008457\n|move|p2a: Gengar|Protect|p2a: Gengar\n|-singleturn|p2a: Gengar|Protect\n|move|p1a: Sparky|Volt Switch|p2a: Gengar\n|-activate|p2a: Gengar|move: Protect\n|move|p1b: Mimsy|Psychic|p2b: Chansey\n|-damage|p2b: Chansey|558/704\n|move|p2b: Chansey|Seismic Toss|p1a: Sparky\n|-damage|p1a: Sparky|0 fnt\n|faint|p1a: Sparky\n|\n|-heal|p1b: Mimsy|148/222 par|[from] item: Leftovers\n|upkeep\n|\n|t:|1742008474\n|switch|p1a: Puff Daddy|Dragonite, M|60/324\n|turn|15\n|\n|t:|1742008486\n|switch|p1b: Apollo|Primeape, M|109/271\n|move|p2a: Gengar|Sludge Bomb|p1b: Apollo\n|-damage|p1b: Apollo|0 fnt\n|debug|move failed because it did nothing\n|faint|p1b: Apollo\n|move|p1a: Puff Daddy|Dragon Claw|p2a: Gengar\n|-damage|p2a: Gengar|0 fnt\n|faint|p2a: Gengar\n|-damage|p1a: Puff Daddy|28/324|[from] item: Life Orb\n|move|p2b: Chansey|Soft-Boiled|p2b: Chansey\n|-heal|p2b: Chansey|704/704\n|\n|upkeep\n|\n|t:|1742008498\n|switch|p1b: Mimsy|Mr. Mime, M|148/222 par\n|turn|16\n|\n|t:|1742008509\n|move|p1b: Mimsy|Fake Out|p2b: Chansey\n|-damage|p2b: Chansey|680/704\n|move|p1a: Puff Daddy|Dragon Dance|p1a: Puff Daddy\n|-boost|p1a: Puff Daddy|atk|1\n|-boost|p1a: Puff Daddy|spe|1\n|cant|p2b: Chansey|flinch\n|\n|-heal|p1b: Mimsy|161/222 par|[from] item: Leftovers\n|upkeep\n|turn|17\n|\n|t:|1742008529\n|move|p1a: Puff Daddy|Protect|p1a: Puff Daddy\n|-singleturn|p1a: Puff Daddy|Protect\n|move|p1b: Mimsy|Taunt|p2b: Chansey\n|-start|p2b: Chansey|move: Taunt\n|move|p2b: Chansey|Seismic Toss|p1a: Puff Daddy\n|-activate|p1a: Puff Daddy|move: Protect\n|\n|-heal|p1b: Mimsy|174/222 par|[from] item: Leftovers\n|upkeep\n|turn|18\n|\n|t:|1742008546\n|move|p1a: Puff Daddy|Dragon Claw|p2b: Chansey\n|-damage|p2b: Chansey|212/704\n|-damage|p1a: Puff Daddy|0 fnt|[from] item: Life Orb\n|faint|p1a: Puff Daddy\n|move|p1b: Mimsy|Psychic|p2b: Chansey\n|-damage|p2b: Chansey|128/704\n|move|p2b: Chansey|Seismic Toss|p1b: Mimsy\n|-damage|p1b: Mimsy|74/222 par\n|\n|-heal|p1b: Mimsy|87/222 par|[from] item: Leftovers\n|upkeep\n|turn|19\n|\n|t:|1742008574\n|move|p1b: Mimsy|Psychic|p2b: Chansey\n|-damage|p2b: Chansey|40/704\n|move|p2b: Chansey|Seismic Toss|p1b: Mimsy\n|-damage|p1b: Mimsy|0 fnt\n|faint|p1b: Mimsy\n|\n|win|mattmandaman\n","uploadtime":1742008580,"views":"32","formatid":"gen9doublescustomgame","rating":null,"private":0,"password":null}