{"id":"gen9doublescustomgame-2315187285","format":"[Gen 9] Doubles Custom Game","players":["mistermoscow","mattmandaman"],"log":"|j|☆mistermoscow\n|j|☆mattmandaman\n|t:|1741451155\n|gametype|doubles\n|player|p1|mistermoscow|alder|\n|player|p2|mattmandaman|giovanni|\n|teamsize|p1|6\n|teamsize|p2|6\n|gen|9\n|tier|[Gen 9] Doubles Custom Game\n|clearpoke\n|poke|p1|Dugtrio, M|\n|poke|p1|Primeape, M|\n|poke|p1|Kingler, M|\n|poke|p1|Mr. Mime, M|\n|poke|p1|Jolteon, M|\n|poke|p1|Dragonite, M|\n|poke|p2|Gengar, M|\n|poke|p2|Starmie|\n|poke|p2|Chansey, F|\n|poke|p2|Nidoking, M|\n|poke|p2|Snorlax, F|\n|poke|p2|Pinsir, M|\n|teampreview\n|\n|t:|1741451221\n|start\n|switch|p1a: Mister Snips|Kingler, M|251/251\n|switch|p1b: Apollo|Primeape, M|271/271\n|switch|p2a: Pinsir|Pinsir, M|334/334\n|switch|p2b: Gengar|Gengar, M|262/262\n|turn|1\n|\n|t:|1741451254\n|move|p1a: Mister Snips|Rock Slide|p2b: Gengar|[spread] p2a,p2b\n|debug|Spread modifier: 0.75\n|-supereffective|p2a: Pinsir\n|debug|Spread modifier: 0.75\n|-damage|p2a: Pinsir|138/334\n|-damage|p2b: Gengar|109/262\n|move|p2b: Gengar|Sludge Bomb|p1a: Mister Snips\n|-damage|p1a: Mister Snips|0 fnt\n|faint|p1a: Mister Snips\n|move|p1b: Apollo|Bulk Up|p1b: Apollo\n|-boost|p1b: Apollo|atk|1\n|-boost|p1b: Apollo|def|1\n|move|p2a: Pinsir|Knock Off|p1b: Apollo\n|-resisted|p1b: Apollo\n|-damage|p1b: Apollo|233/271\n|-enditem|p1b: Apollo|Eviolite|[from] move: Knock Off|[of] p2a: Pinsir\n|\n|upkeep\n|\n|t:|1741451273\n|switch|p1a: The Big Dee|Dugtrio, M|211/211\n|debug|natural status immunity\n|turn|2\n|\n|t:|1741451315\n|move|p2b: Gengar|Psychic|p1b: Apollo\n|-supereffective|p1b: Apollo\n|-damage|p1b: Apollo|0 fnt\n|faint|p1b: Apollo\n|move|p1a: The Big Dee|Rock Slide|p2a: Pinsir|[spread] p2a\n|-miss|p1a: The Big Dee|p2b: Gengar\n|debug|Spread modifier: 0.75\n|-supereffective|p2a: Pinsir\n|-damage|p2a: Pinsir|18/334\n|move|p2a: Pinsir|X-Scissor|p1a: The Big Dee\n|-crit|p1a: The Big Dee\n|-enditem|p1a: The Big Dee|Focus Sash\n|-damage|p1a: The Big Dee|1/211\n|\n|upkeep\n|\n|t:|1741451329\n|switch|p1b: Sparky|Jolteon, M|271/271\n|debug|natural status immunity\n|turn|3\n|\n|t:|1741451343\n|move|p2b: Gengar|Protect|p2b: Gengar\n|-singleturn|p2b: Gengar|Protect\n|move|p1b: Sparky|Electroweb|p2a: Pinsir|[spread] p2a\n|-activate|p2b: Gengar|move: Protect\n|debug|Spread modifier: 0.75\n|-damage|p2a: Pinsir|0 fnt\n|faint|p2a: Pinsir\n|move|p1a: The Big Dee|Swords Dance|p1a: The Big Dee\n|-boost|p1a: The Big Dee|atk|2\n|\n|upkeep\n|\n|t:|1741451352\n|switch|p2a: Nidoking|Nidoking, M|304/304\n|debug|natural status immunity\n|turn|4\n|\n|t:|1741451365\n|move|p1a: The Big Dee|Protect|p1a: The Big Dee\n|-singleturn|p1a: The Big Dee|Protect\n|move|p2a: Nidoking|Earth Power|p1b: Sparky\n|-supereffective|p1b: Sparky\n|-damage|p1b: Sparky|0 fnt\n|faint|p1b: Sparky\n|move|p2b: Gengar|Psychic|p1a: The Big Dee\n|-activate|p1a: The Big Dee|move: Protect\n|\n|upkeep\n|\n|t:|1741451379\n|switch|p1b: Mimsy|Mr. Mime, M|221/221\n|debug|natural status immunity\n|turn|5\n|\n|t:|1741451394\n|move|p1b: Mimsy|Follow Me|p1b: Mimsy\n|-singleturn|p1b: Mimsy|move: Follow Me\n|move|p2a: Nidoking|Earth Power|p1b: Mimsy\n|debug|Follow Me redirected target of move\n|-damage|p1b: Mimsy|89/221\n|move|p2b: Gengar|Sludge Bomb|p1b: Mimsy\n|debug|Follow Me redirected target of move\n|-supereffective|p1b: Mimsy\n|debug|Filter neutralize\n|-damage|p1b: Mimsy|0 fnt\n|faint|p1b: Mimsy\n|move|p1a: The Big Dee|High Horsepower|p2a: Nidoking\n|-supereffective|p2a: Nidoking\n|-damage|p2a: Nidoking|0 fnt\n|faint|p2a: Nidoking\n|\n|upkeep\n|\n|t:|1741451415\n|switch|p2a: Starmie|Starmie|262/262\n|switch|p1b: Puff Daddy|Dragonite, M|324/324\n|debug|natural status immunity\n|turn|6\n|\n|t:|1741451424\n|move|p1a: The Big Dee|Protect|p1a: The Big Dee\n|-singleturn|p1a: The Big Dee|Protect\n|move|p2a: Starmie|Ice Beam|p1b: Puff Daddy\n|-supereffective|p1b: Puff Daddy\n|-crit|p1b: Puff Daddy\n|debug|Multiscale weaken\n|-damage|p1b: Puff Daddy|0 fnt\n|debug|Covert Cloak prevent secondary\n|faint|p1b: Puff Daddy\n|move|p2b: Gengar|Sludge Bomb|p1a: The Big Dee\n|-activate|p1a: The Big Dee|move: Protect\n|\n|upkeep\n|debug|natural status immunity\n|turn|7\n|c|☆mistermoscow|rip\n|c|☆mistermoscow|even with multiscale\n|c|☆mistermoscow|was gonna tailwind and pray for rock slide flinches\n|\n|t:|1741451465\n|move|p2a: Starmie|Ice Beam|p1a: The Big Dee\n|-supereffective|p1a: The Big Dee\n|-damage|p1a: The Big Dee|0 fnt\n|faint|p1a: The Big Dee\n|\n|win|mattmandaman\n|c|☆mattmandaman|ohh that crit wouldve mattered if i didnt have specs\n|c|☆mistermoscow|oof\n|c|☆mistermoscow|gg\n","uploadtime":1741451487,"views":"17","formatid":"gen9doublescustomgame","rating":null,"private":0,"password":null}