{"id":"gen9doublescustomgame-2078079438","format":"[Gen 9] Doubles Custom Game","players":["mistermoscow","mattmandaman"],"log":"|j|☆mistermoscow\n|j|☆mattmandaman\n|t:|1710111243\n|gametype|doubles\n|player|p1|mistermoscow|170|\n|player|p2|mattmandaman|giovanni|\n|teamsize|p1|6\n|teamsize|p2|6\n|gen|9\n|tier|[Gen 9] Doubles Custom Game\n|clearpoke\n|poke|p1|Archaludon, M|\n|poke|p1|Landorus, M|\n|poke|p1|Iron Bundle|\n|poke|p1|Tapu Koko|\n|poke|p1|Chi-Yu|\n|poke|p1|Pelipper, M|\n|poke|p2|Kommo-o, F|\n|poke|p2|Shaymin-Sky|\n|poke|p2|Kangaskhan, F|\n|poke|p2|Diancie|\n|poke|p2|Volcanion|\n|poke|p2|Grimmsnarl, M|\n|teampreview\n|j| je64\n|j| Mango Meloetta\n|c| je64|it's awwn!\n|\n|t:|1710111302\n|start\n|switch|p1a: Static|Tapu Koko|281/281\n|switch|p1b: Robot Santa|Iron Bundle|253/253\n|switch|p2a: Kangaskhan|Kangaskhan, F|352/352\n|switch|p2b: Kommo-o|Kommo-o, F|292/292\n|-fieldstart|move: Electric Terrain|[from] ability: Electric Surge|[of] p1a: Static\n|-activate|p1b: Robot Santa|ability: Quark Drive\n|-start|p1b: Robot Santa|quarkdrivespe\n|turn|1\n|debug|Quark Drive spe boost\n|debug|Quark Drive spe boost\n|\n|t:|1710111388\n|switch|p2b: Diancie|Diancie|304/304\n|detailschange|p2a: Kangaskhan|Kangaskhan-Mega, F\n|-mega|p2a: Kangaskhan|Kangaskhan|Kangaskhanite\n|debug|Quark Drive spe boost\n|debug|Quark Drive spe boost\n|move|p2a: Kangaskhan|Sucker Punch|p1b: Robot Santa\n|-damage|p1b: Robot Santa|166/253\n|debug|Parental Bond modifier: 0.25\n|-damage|p1b: Robot Santa|145/253\n|-hitcount|p1b: Robot Santa|2\n|debug|Quark Drive spe boost\n|debug|Quark Drive spe boost\n|move|p1b: Robot Santa|Freeze-Dry|p2b: Diancie\n|-crit|p2b: Diancie\n|-damage|p2b: Diancie|172/304\n|debug|Quark Drive spe boost\n|move|p1a: Static|Dazzling Gleam|p2b: Diancie|[spread] p2a,p2b\n|debug|Spread modifier: 0.75\n|debug|Spread modifier: 0.75\n|-damage|p2a: Kangaskhan|261/352\n|-damage|p2b: Diancie|115/304\n|\n|debug|Quark Drive spe boost\n|upkeep\n|turn|2\n|debug|Quark Drive spe boost\n|debug|Quark Drive spe boost\n|\n|t:|1710111503\n|debug|Quark Drive spe boost\n|debug|Quark Drive spe boost\n|move|p1b: Robot Santa|Icy Wind|p2a: Kangaskhan|[spread] p2a\n|-miss|p1b: Robot Santa|p2b: Diancie\n|debug|Spread modifier: 0.75\n|-damage|p2a: Kangaskhan|195/352\n|-unboost|p2a: Kangaskhan|spe|1\n|debug|Quark Drive spe boost\n|move|p1a: Static|Dazzling Gleam|p2a: Kangaskhan|[spread] p2a,p2b\n|debug|Spread modifier: 0.75\n|debug|Spread modifier: 0.75\n|-damage|p2a: Kangaskhan|114/352\n|-damage|p2b: Diancie|55/304\n|debug|Quark Drive spe boost\n|move|p2a: Kangaskhan|Return|p1a: Static\n|-damage|p1a: Static|67/281\n|debug|Parental Bond modifier: 0.25\n|-damage|p1a: Static|16/281\n|-hitcount|p1a: Static|2\n|debug|Quark Drive spe boost\n|move|p2b: Diancie|Diamond Storm|p1b: Robot Santa|[spread] p1a,p1b\n|debug|Spread modifier: 0.75\n|debug|Spread modifier: 0.75\n|-supereffective|p1b: Robot Santa\n|-damage|p1a: Static|0 fnt\n|-damage|p1b: Robot Santa|0 fnt\n|-boost|p2b: Diancie|def|2\n|faint|p1a: Static\n|faint|p1b: Robot Santa\n|-end|p1b: Robot Santa|Quark Drive|[silent]\n|\n|upkeep\n|c| je64|jesus\n|\n|t:|1710111552\n|switch|p1b: Jonathan|Pelipper, M|301/301\n|switch|p1a: God|Landorus, M|319/319\n|-weather|RainDance|[from] ability: Drizzle|[of] p1b: Jonathan\n|turn|3\n|\n|t:|1710111621\n|switch|p2a: Volcanion|Volcanion|364/364\n|-item|p2a: Volcanion|Air Balloon\n|move|p1a: God|Sandsear Storm|p2b: Diancie|[spread] p2b\n|-immune|p2a: Volcanion\n|debug|Spread modifier: 0.75\n|-supereffective|p2b: Diancie\n|-damage|p2b: Diancie|0 fnt\n|faint|p2b: Diancie\n|-damage|p1a: God|288/319|[from] item: Life Orb\n|move|p1b: Jonathan|Tailwind|p1b: Jonathan\n|-sidestart|p1: mistermoscow|move: Tailwind\n|\n|-weather|RainDance|[upkeep]\n|upkeep\n|\n|t:|1710111642\n|switch|p2b: Grimmsnarl|Grimmsnarl, M|394/394\n|turn|4\n|\n|t:|1710111681\n|switch|p1b: Archie|Archaludon, M|384/384\n|move|p1a: God|Protect|p1a: God\n|-singleturn|p1a: God|Protect\n|move|p2b: Grimmsnarl|Light Screen|p2b: Grimmsnarl\n|-sidestart|p2: mattmandaman|move: Light Screen\n|move|p2a: Volcanion|Steam Eruption|p1b: Archie\n|debug|rain water boost\n|-resisted|p1b: Archie\n|-damage|p1b: Archie|276/384\n|-ability|p1b: Archie|Stamina|boost\n|-boost|p1b: Archie|def|1\n|\n|-weather|RainDance|[upkeep]\n|upkeep\n|turn|5\n|c| Mango Meloetta|!data Stamina\n|\n|t:|1710111726\n|switch|p1a: Poot|Chi-Yu|252/252\n|-ability|p1a: Poot|Beads of Ruin\n|-terastallize|p2a: Volcanion|Ground\n|move|p1b: Archie|Electro Shot||[still]\n|-prepare|p1b: Archie|Electro Shot\n|-boost|p1b: Archie|spa|1\n|-anim|p1b: Archie|Electro Shot|p2a: Volcanion\n|-immune|p2a: Volcanion\n|move|p2b: Grimmsnarl|Spirit Break|p1a: Poot\n|-damage|p1a: Poot|131/252\n|-unboost|p1a: Poot|spa|1\n|move|p2a: Volcanion|Roar|p1b: Archie\n|drag|p1b: God|Landorus, M|288/319\n|\n|-weather|RainDance|[upkeep]\n|-fieldend|move: Electric Terrain\n|upkeep\n|turn|6\n|\n|t:|1710111777\n|move|p1b: God|Protect|p1b: God\n|-singleturn|p1b: God|Protect\n|move|p1a: Poot|Dark Pulse|p2a: Volcanion\n|debug|Beads of Ruin SpD drop\n|debug|Light Screen weaken\n|-damage|p2a: Volcanion|224/364\n|-enditem|p2a: Volcanion|Air Balloon\n|move|p2a: Volcanion|Steam Eruption|p1a: Poot\n|debug|rain water boost\n|-supereffective|p1a: Poot\n|-damage|p1a: Poot|0 fnt\n|faint|p1a: Poot\n|move|p2b: Grimmsnarl|Spirit Break|p1b: God\n|-activate|p1b: God|move: Protect\n|\n|-weather|RainDance|[upkeep]\n|-sideend|p1: mistermoscow|move: Tailwind\n|upkeep\n|\n|t:|1710111800\n|switch|p1a: Jonathan|Pelipper, M|301/301\n|turn|7\n|\n|t:|1710111834\n|switch|p1a: Archie|Archaludon, M|276/384\n|move|p2b: Grimmsnarl|Taunt|p1a: Archie\n|-start|p1a: Archie|move: Taunt\n|move|p1b: God|Sandsear Storm|p2a: Volcanion|[spread] p2a,p2b\n|debug|Spread modifier: 0.75\n|debug|Light Screen weaken\n|debug|Spread modifier: 0.75\n|debug|Light Screen weaken\n|-damage|p2a: Volcanion|110/364\n|-damage|p2b: Grimmsnarl|297/394\n|-damage|p1b: God|257/319|[from] item: Life Orb\n|move|p2a: Volcanion|Steam Eruption|p1b: God\n|debug|rain water boost\n|-supereffective|p1b: God\n|-crit|p1b: God\n|-damage|p1b: God|0 fnt\n|faint|p1b: God\n|\n|-weather|RainDance|[upkeep]\n|upkeep\n|\n|t:|1710111850\n|switch|p1b: Jonathan|Pelipper, M|301/301\n|turn|8\n|\n|t:|1710111886\n|move|p2b: Grimmsnarl|Taunt|p1b: Jonathan\n|-start|p1b: Jonathan|move: Taunt\n|cant|p1b: Jonathan|move: Taunt|Soak\n|move|p1a: Archie|Draco Meteor|p2a: Volcanion\n|debug|Light Screen weaken\n|-damage|p2a: Volcanion|0 fnt\n|-unboost|p1a: Archie|spa|2\n|faint|p2a: Volcanion\n|\n|-weather|RainDance|[upkeep]\n|upkeep\n|\n|t:|1710111899\n|switch|p2a: Kommo-o|Kommo-o, F|292/292\n|turn|9\n|\n|t:|1710111934\n|move|p2a: Kommo-o|Close Combat|p1a: Archie\n|-supereffective|p1a: Archie\n|-damage|p1a: Archie|52/384\n|-unboost|p2a: Kommo-o|def|1\n|-unboost|p2a: Kommo-o|spd|1\n|-ability|p1a: Archie|Stamina|boost\n|-boost|p1a: Archie|def|1\n|-activate|p1b: Jonathan|move: Struggle\n|move|p1b: Jonathan|Struggle|p2a: Kommo-o\n|-damage|p2a: Kommo-o|273/292\n|-damage|p1b: Jonathan|226/301|[from] recoil\n|move|p1a: Archie|Draco Meteor|p2a: Kommo-o|[miss]\n|-miss|p1a: Archie|p2a: Kommo-o\n|move|p2b: Grimmsnarl|Spirit Break|p1a: Archie\n|-damage|p1a: Archie|1/384\n|-unboost|p1a: Archie|spa|1\n|-ability|p1a: Archie|Stamina|boost\n|-boost|p1a: Archie|def|1\n|\n|-weather|RainDance|[upkeep]\n|-end|p1a: Archie|move: Taunt\n|upkeep\n|turn|10\n|\n|t:|1710111963\n|move|p2a: Kommo-o|Clanging Scales|p1a: Archie|[spread] p1a,p1b\n|debug|Spread modifier: 0.75\n|debug|Spread modifier: 0.75\n|-damage|p1a: Archie|0 fnt\n|-damage|p1b: Jonathan|112/301\n|faint|p1a: Archie\n|-unboost|p2a: Kommo-o|def|1\n|-enditem|p2a: Kommo-o|Throat Spray\n|-boost|p2a: Kommo-o|spa|1|[from] item: Throat Spray\n|-activate|p1b: Jonathan|move: Struggle\n|move|p1b: Jonathan|Struggle|p2a: Kommo-o\n|-damage|p2a: Kommo-o|249/292\n|-damage|p1b: Jonathan|37/301|[from] recoil\n|move|p2b: Grimmsnarl|Spirit Break|p1b: Jonathan\n|-damage|p1b: Jonathan|0 fnt\n|faint|p1b: Jonathan\n|\n|win|mattmandaman\n|l|☆mistermoscow\n|player|p1|\n","uploadtime":1710111996,"views":"32","formatid":"gen9doublescustomgame","rating":null,"private":0,"password":null}