{"id":"gen9doublescustomgame-2284297652","format":"[Gen 9] Doubles Custom Game","players":["Mattmandaman","Mango Meloetta"],"log":"|j|☆Mattmandaman\n|j|☆Mango Meloetta\n|t:|1737328803\n|gametype|doubles\n|player|p1|Mattmandaman|giovanni|\n|player|p2|Mango Meloetta|li|\n|teamsize|p1|6\n|teamsize|p2|6\n|gen|9\n|tier|[Gen 9] Doubles Custom Game\n|clearpoke\n|poke|p1|Cloyster, F|\n|poke|p1|Gengar, M|\n|poke|p1|Nidoqueen, F|\n|poke|p1|Nidoking, M|\n|poke|p1|Machamp, M|\n|poke|p1|Dodrio, F|\n|poke|p2|Snorlax, M|\n|poke|p2|Cloyster, M|\n|poke|p2|Parasect, F|\n|poke|p2|Arcanine, M|\n|poke|p2|Weezing, M|\n|poke|p2|Golduck, M|\n|teampreview\n|j| je64\n|j| mistermoscow\n|\n|t:|1737328856\n|start\n|switch|p1a: Dodrio|Dodrio, F|262/262\n|switch|p1b: Machamp|Machamp, M|360/360\n|switch|p2a: Too Dank|Weezing, M|334/334\n|switch|p2b: Aroma Boy|Parasect, F|324/324\n|debug|PreStart handler suppressed by Gastro Acid or Neutralizing Gas\n|debug|PreStart handler suppressed by Gastro Acid or Neutralizing Gas\n|-ability|p2a: Too Dank|Neutralizing Gas\n|debug|PreStart handler suppressed by Gastro Acid or Neutralizing Gas\n|debug|Start handler suppressed by Gastro Acid or Neutralizing Gas\n|debug|Start handler suppressed by Gastro Acid or Neutralizing Gas\n|debug|Start handler suppressed by Gastro Acid or Neutralizing Gas\n|turn|1\n|\n|t:|1737328907\n|switch|p1b: Nidoqueen|Nidoqueen, F|384/384\n|debug|PreStart handler suppressed by Gastro Acid or Neutralizing Gas\n|debug|Start handler suppressed by Gastro Acid or Neutralizing Gas\n|switch|p2b: Woof Burn|Arcanine, M|321/321\n|debug|PreStart handler suppressed by Gastro Acid or Neutralizing Gas\n|debug|Start handler suppressed by Gastro Acid or Neutralizing Gas\n|move|p1a: Dodrio|Taunt|p2b: Woof Burn\n|-start|p2b: Woof Burn|move: Taunt\n|move|p2a: Too Dank|Will-O-Wisp|p1b: Nidoqueen|[miss]\n|-miss|p2a: Too Dank|p1b: Nidoqueen\n|\n|upkeep\n|turn|2\n|\n|t:|1737328991\n|switch|p2b: Aroma Boy|Parasect, F|324/324\n|debug|PreStart handler suppressed by Gastro Acid or Neutralizing Gas\n|debug|Start handler suppressed by Gastro Acid or Neutralizing Gas\n|move|p1a: Dodrio|Taunt|p2a: Too Dank\n|-start|p2a: Too Dank|move: Taunt\n|-enditem|p2a: Too Dank|Mental Herb\n|-end|p2a: Too Dank|move: Taunt\n|move|p1b: Nidoqueen|Stealth Rock|p2a: Too Dank\n|-sidestart|p2: Mango Meloetta|move: Stealth Rock\n|move|p2a: Too Dank|Will-O-Wisp|p1b: Nidoqueen\n|-status|p1b: Nidoqueen|brn\n|\n|-damage|p1b: Nidoqueen|360/384 brn|[from] brn\n|upkeep\n|turn|3\n|\n|t:|1737329049\n|debug|CheckShow handler suppressed by Gastro Acid or Neutralizing Gas\n|switch|p1b: Cloyster|Cloyster, F|242/242\n|debug|PreStart handler suppressed by Gastro Acid or Neutralizing Gas\n|debug|Start handler suppressed by Gastro Acid or Neutralizing Gas\n|move|p1a: Dodrio|Taunt|p2b: Aroma Boy\n|-start|p2b: Aroma Boy|move: Taunt\n|move|p2a: Too Dank|Toxic Spikes|p1b: Cloyster\n|-sidestart|p1: Mattmandaman|move: Toxic Spikes\n|cant|p2b: Aroma Boy|move: Taunt|Spore\n|\n|upkeep\n|turn|4\n|\n|t:|1737329095\n|switch|p2b: Woof Burn|Arcanine, M|321/321\n|debug|PreStart handler suppressed by Gastro Acid or Neutralizing Gas\n|-damage|p2b: Woof Burn|241/321|[from] Stealth Rock\n|debug|Start handler suppressed by Gastro Acid or Neutralizing Gas\n|debug|ModifyMove handler suppressed by Gastro Acid or Neutralizing Gas\n|move|p1b: Cloyster|Icicle Spear|p2a: Too Dank\n|-damage|p2a: Too Dank|306/334\n|-damage|p2a: Too Dank|275/334\n|-hitcount|p2a: Too Dank|2\n|move|p1a: Dodrio|Taunt|p2a: Too Dank\n|-start|p2a: Too Dank|move: Taunt\n|move|p2a: Too Dank|Clear Smog|p1b: Cloyster\n|-damage|p1b: Cloyster|148/242\n|-clearboost|p1b: Cloyster\n|\n|upkeep\n|turn|5\n|\n|t:|1737329135\n|switch|p1b: Nidoqueen|Nidoqueen, F|360/384 brn\n|debug|PreStart handler suppressed by Gastro Acid or Neutralizing Gas\n|-sideend|p1: Mattmandaman|move: Toxic Spikes|[of] p1b: Nidoqueen\n|debug|Start handler suppressed by Gastro Acid or Neutralizing Gas\n|switch|p2b: Snack Lax|Snorlax, M|524/524\n|debug|PreStart handler suppressed by Gastro Acid or Neutralizing Gas\n|debug|Damage handler suppressed by Gastro Acid or Neutralizing Gas\n|-damage|p2b: Snack Lax|459/524|[from] Stealth Rock\n|debug|Start handler suppressed by Gastro Acid or Neutralizing Gas\n|-end|p2a: Too Dank|ability: Neutralizing Gas\n|switch|p2a: Aroma Boy|Parasect, F|324/324\n|-damage|p2a: Aroma Boy|243/324|[from] Stealth Rock\n|move|p1a: Dodrio|Frustration|p2b: Snack Lax\n|-damage|p2b: Snack Lax|248/524\n|-enditem|p2b: Snack Lax|Aguav Berry|[eat]\n|-heal|p2b: Snack Lax|422/524|[from] item: Aguav Berry\n|\n|-heal|p1b: Nidoqueen|384/384 brn|[from] item: Black Sludge\n|-heal|p2a: Aroma Boy|263/324|[from] item: Leftovers\n|-damage|p1b: Nidoqueen|360/384 brn|[from] brn\n|upkeep\n|turn|6\n|\n|t:|1737329170\n|switch|p1b: Machamp|Machamp, M|360/360\n|move|p1a: Dodrio|Taunt|p2a: Aroma Boy\n|-start|p2a: Aroma Boy|move: Taunt\n|move|p2b: Snack Lax|Body Slam|p1a: Dodrio\n|-damage|p1a: Dodrio|70/262\n|debug|Covert Cloak prevent secondary\n|cant|p2a: Aroma Boy|move: Taunt|Reflect\n|\n|-heal|p2a: Aroma Boy|283/324|[from] item: Leftovers\n|upkeep\n|turn|7\n|\n|t:|1737329198\n|switch|p2a: Woof Burn|Arcanine, M|241/321\n|-damage|p2a: Woof Burn|161/321|[from] Stealth Rock\n|-ability|p2a: Woof Burn|Intimidate|boost\n|-unboost|p1a: Dodrio|atk|1\n|-unboost|p1b: Machamp|atk|1\n|move|p1a: Dodrio|Frustration|p2a: Woof Burn\n|-damage|p2a: Woof Burn|31/321\n|move|p1b: Machamp|Dynamic Punch|p2b: Snack Lax\n|-supereffective|p2b: Snack Lax\n|-damage|p2b: Snack Lax|42/524\n|-start|p2b: Snack Lax|confusion\n|-activate|p2b: Snack Lax|confusion\n|-damage|p2b: Snack Lax|0 fnt|[from] confusion\n|faint|p2b: Snack Lax\n|\n|upkeep\n|\n|t:|1737329227\n|switch|p2b: Too High|Golduck, M|301/301\n|-damage|p2b: Too High|264/301|[from] Stealth Rock\n|-ability|p2b: Too High|Cloud Nine\n|turn|8\n|\n|t:|1737329264\n|move|p1a: Dodrio|Frustration|p2a: Woof Burn\n|-damage|p2a: Woof Burn|0 fnt\n|faint|p2a: Woof Burn\n|move|p2b: Too High|Psychic|p1a: Dodrio\n|-damage|p1a: Dodrio|0 fnt\n|debug|Covert Cloak prevent secondary\n|faint|p1a: Dodrio\n|move|p1b: Machamp|Dynamic Punch|p2b: Too High\n|-damage|p2b: Too High|104/301\n|-start|p2b: Too High|confusion\n|\n|upkeep\n|\n|t:|1737329292\n|switch|p1a: Gengar|Gengar, M|262/262\n|switch|p2a: Too Dank|Weezing, M|275/334\n|-ability|p2a: Too Dank|Neutralizing Gas\n|debug|Start handler suppressed by Gastro Acid or Neutralizing Gas\n|-damage|p2a: Too Dank|234/334|[from] Stealth Rock\n|turn|9\n|\n|t:|1737329307\n|switch|p1b: Nidoqueen|Nidoqueen, F|360/384 brn\n|debug|PreStart handler suppressed by Gastro Acid or Neutralizing Gas\n|debug|Start handler suppressed by Gastro Acid or Neutralizing Gas\n|move|p1a: Gengar|Sludge Bomb|p2b: Too High\n|-damage|p2b: Too High|0 fnt\n|debug|move failed because it did nothing\n|faint|p2b: Too High\n|move|p2a: Too Dank|Will-O-Wisp|p1b: Nidoqueen\n|-fail|p1b: Nidoqueen|brn\n|debug|move failed because it did nothing\n|\n|-heal|p1b: Nidoqueen|384/384 brn|[from] item: Black Sludge\n|-damage|p1b: Nidoqueen|360/384 brn|[from] brn\n|upkeep\n|\n|t:|1737329316\n|switch|p2b: Aroma Boy|Parasect, F|283/324\n|debug|PreStart handler suppressed by Gastro Acid or Neutralizing Gas\n|-damage|p2b: Aroma Boy|202/324|[from] Stealth Rock\n|debug|Start handler suppressed by Gastro Acid or Neutralizing Gas\n|turn|10\n|\n|t:|1737329336\n|move|p1a: Gengar|Sludge Bomb|p2b: Aroma Boy\n|-supereffective|p2b: Aroma Boy\n|-damage|p2b: Aroma Boy|0 fnt\n|debug|DamagingHit handler suppressed by Gastro Acid or Neutralizing Gas\n|faint|p2b: Aroma Boy\n|move|p1b: Nidoqueen|High Horsepower|p2a: Too Dank\n|-supereffective|p2a: Too Dank\n|-damage|p2a: Too Dank|143/334\n|move|p2a: Too Dank|Taunt|p1a: Gengar\n|-start|p1a: Gengar|move: Taunt\n|\n|-heal|p1b: Nidoqueen|384/384 brn|[from] item: Black Sludge\n|-damage|p1b: Nidoqueen|360/384 brn|[from] brn\n|upkeep\n|\n|t:|1737329344\n|switch|p2b: The Cloisters|Cloyster, M|282/282\n|debug|PreStart handler suppressed by Gastro Acid or Neutralizing Gas\n|-damage|p2b: The Cloisters|212/282|[from] Stealth Rock\n|debug|Start handler suppressed by Gastro Acid or Neutralizing Gas\n|turn|11\n|\n|t:|1737329382\n|move|p1a: Gengar|Sludge Bomb|p2b: The Cloisters\n|-damage|p2b: The Cloisters|0 fnt\n|faint|p2b: The Cloisters\n|move|p1b: Nidoqueen|High Horsepower|p2a: Too Dank\n|-supereffective|p2a: Too Dank\n|-damage|p2a: Too Dank|59/334\n|move|p2a: Too Dank|Toxic Spikes|p1a: Gengar\n|-sidestart|p1: Mattmandaman|move: Toxic Spikes\n|\n|-heal|p1b: Nidoqueen|384/384 brn|[from] item: Black Sludge\n|-damage|p1b: Nidoqueen|360/384 brn|[from] brn\n|upkeep\n|turn|12\n|\n|t:|1737329417\n|move|p1a: Gengar|Shadow Ball|p2a: Too Dank\n|-damage|p2a: Too Dank|0 fnt\n|faint|p2a: Too Dank\n|-end|p2a: Too Dank|ability: Neutralizing Gas\n|\n|win|Mattmandaman\n|l|☆Mango Meloetta\n|player|p2|\n","uploadtime":1737329422,"views":"15","formatid":"gen9doublescustomgame","rating":null,"private":0,"password":null}