{"id":"gen9doublescustomgame-2405575949","format":"[Gen 9] Doubles Custom Game","players":["mistermoscow","Mattmandaman"],"log":"|j|☆mistermoscow\n|j|☆Mattmandaman\n|t:|1752947771\n|gametype|doubles\n|player|p1|mistermoscow|alder|\n|player|p2|Mattmandaman|giovanni|\n|gen|9\n|tier|[Gen 9] Doubles Custom Game\n|clearpoke\n|poke|p1|Dugtrio, M|\n|poke|p1|Primeape, M|\n|poke|p1|Kingler, M|\n|poke|p1|Mr. Mime, M|\n|poke|p1|Jolteon, M|\n|poke|p1|Dragonite, M|\n|poke|p2|Starmie|\n|poke|p2|Pikachu|\n|poke|p2|Machamp|\n|poke|p2|Gengar|\n|poke|p2|Clefairy|\n|poke|p2|Nidoking, M|\n|teampreview\n|\n|t:|1752947814\n|teamsize|p1|6\n|teamsize|p2|6\n|start\n|switch|p1a: The Big Dee|Dugtrio, M|211/211\n|switch|p1b: Mimsy|Mr. Mime, M|221/221\n|switch|p2a: Pikachu|Pikachu|211/211\n|switch|p2b: Gengar|Gengar|262/262\n|debug|natural status immunity\n|turn|1\n|\n|t:|1752947837\n|switch|p1b: Apollo|Primeape, M|303/303\n|move|p1a: The Big Dee|Protect|p1a: The Big Dee\n|-singleturn|p1a: The Big Dee|Protect\n|move|p2a: Pikachu|Fake Out|p1a: The Big Dee\n|-activate|p1a: The Big Dee|move: Protect\n|move|p2b: Gengar|Sludge Bomb|p1b: Apollo\n|-damage|p1b: Apollo|171/303\n|\n|upkeep\n|debug|natural status immunity\n|turn|2\n|\n|t:|1752947882\n|switch|p1b: Sparky|Jolteon, M|271/271\n|move|p1a: The Big Dee|High Horsepower|p2a: Pikachu\n|-supereffective|p2a: Pikachu\n|-damage|p2a: Pikachu|0 fnt\n|faint|p2a: Pikachu\n|move|p2b: Gengar|Will-O-Wisp|p1a: The Big Dee|[miss]\n|-miss|p2b: Gengar|p1a: The Big Dee\n|\n|upkeep\n|\n|t:|1752947924\n|switch|p2a: Starmie|Starmie|262/262\n|debug|natural status immunity\n|turn|3\n|\n|t:|1752947959\n|move|p1a: The Big Dee|Protect|p1a: The Big Dee\n|-singleturn|p1a: The Big Dee|Protect\n|move|p2b: Gengar|Protect|p2b: Gengar\n|-singleturn|p2b: Gengar|Protect\n|move|p1b: Sparky|Light Screen|p1b: Sparky\n|-sidestart|p1: mistermoscow|move: Light Screen\n|move|p2a: Starmie|Icy Wind|p1a: The Big Dee|[spread] p1b\n|-activate|p1a: The Big Dee|move: Protect\n|debug|Spread modifier: 0.75\n|debug|Light Screen weaken\n|-damage|p1b: Sparky|240/271\n|-unboost|p1b: Sparky|spe|1\n|\n|upkeep\n|debug|natural status immunity\n|turn|4\n|\n|t:|1752948011\n|switch|p1a: Apollo|Primeape, M|171/303\n|move|p2a: Starmie|Scald|p1a: Apollo\n|debug|Light Screen weaken\n|-damage|p1a: Apollo|108/303\n|-status|p1a: Apollo|brn\n|move|p2b: Gengar|Sludge Bomb|p1a: Apollo\n|debug|Light Screen weaken\n|-damage|p1a: Apollo|22/303 brn\n|debug|move failed because it did nothing\n|move|p1b: Sparky|Electroweb|p2a: Starmie|[spread] p2a,p2b\n|debug|Spread modifier: 0.75\n|-supereffective|p2a: Starmie\n|-enditem|p2a: Starmie|Wacan Berry|[eat]\n|debug|-50% reduction\n|-enditem|p2a: Starmie|Wacan Berry|[weaken]\n|debug|Spread modifier: 0.75\n|-damage|p2a: Starmie|190/262\n|-damage|p2b: Gengar|172/262\n|-unboost|p2a: Starmie|spe|1\n|-unboost|p2b: Gengar|spe|1\n|\n|-damage|p1a: Apollo|4/303 brn|[from] brn\n|upkeep\n|turn|5\n|\n|t:|1752948047\n|move|p2a: Starmie|Protect|p2a: Starmie\n|-singleturn|p2a: Starmie|Protect\n|move|p2b: Gengar|Protect|p2b: Gengar\n|-singleturn|p2b: Gengar|Protect\n|move|p1b: Sparky|Electroweb|p2a: Starmie|[spread] \n|-activate|p2a: Starmie|move: Protect\n|-activate|p2b: Gengar|move: Protect\n|move|p1a: Apollo|Rage Fist|p2a: Starmie\n|-activate|p2a: Starmie|move: Protect\n|\n|-damage|p1a: Apollo|0 fnt|[from] brn\n|faint|p1a: Apollo\n|upkeep\n|\n|t:|1752948071\n|switch|p1a: Mimsy|Mr. Mime, M|221/221\n|turn|6\n|\n|t:|1752948090\n|switch|p2a: Clefairy|Clefairy|344/344\n|switch|p2b: Machamp|Machamp|384/384\n|move|p1b: Sparky|Electroweb|p2b: Machamp|[spread] p2a,p2b\n|debug|Spread modifier: 0.75\n|debug|Spread modifier: 0.75\n|debug|Friend Guard weaken\n|-damage|p2a: Clefairy|284/344\n|-damage|p2b: Machamp|327/384\n|-unboost|p2a: Clefairy|spe|1\n|-unboost|p2b: Machamp|spe|1\n|move|p1a: Mimsy|Psychic|p2b: Machamp\n|-supereffective|p2b: Machamp\n|debug|Friend Guard weaken\n|-damage|p2b: Machamp|92/384\n|\n|upkeep\n|turn|7\n|\n|t:|1752948158\n|switch|p1a: Puff Daddy|Dragonite, M|324/324\n|move|p1b: Sparky|Electroweb|p2a: Clefairy|[spread] p2a,p2b\n|debug|Spread modifier: 0.75\n|debug|Spread modifier: 0.75\n|debug|Friend Guard weaken\n|-damage|p2a: Clefairy|224/344\n|-damage|p2b: Machamp|33/384\n|-unboost|p2a: Clefairy|spe|1\n|-unboost|p2b: Machamp|spe|1\n|move|p2b: Machamp|Fissure|p1a: Puff Daddy\n|-immune|p1a: Puff Daddy\n|move|p2a: Clefairy|Seismic Toss|p1b: Sparky\n|-damage|p1b: Sparky|140/271\n|\n|upkeep\n|turn|8\n|\n|t:|1752948200\n|move|p1b: Sparky|Electroweb|p2a: Clefairy|[spread] p2a,p2b\n|debug|Spread modifier: 0.75\n|debug|Spread modifier: 0.75\n|debug|Friend Guard weaken\n|-damage|p2a: Clefairy|170/344\n|-damage|p2b: Machamp|0 fnt\n|-unboost|p2a: Clefairy|spe|1\n|faint|p2b: Machamp\n|move|p1a: Puff Daddy|Iron Head|p2a: Clefairy\n|-supereffective|p2a: Clefairy\n|-damage|p2a: Clefairy|0 fnt\n|debug|move failed because it did nothing\n|faint|p2a: Clefairy\n|\n|upkeep\n|\n|t:|1752948211\n|switch|p2b: Starmie|Starmie|190/262\n|switch|p2a: Nidoking|Nidoking, M|304/304\n|turn|9\n|\n|t:|1752948226\n|switch|p1b: Mister Snips|Kingler, M|251/251\n|move|p2b: Starmie|Icy Wind|p1b: Mister Snips|[spread] p1a,p1b\n|debug|Spread modifier: 0.75\n|-supereffective|p1a: Puff Daddy\n|debug|Light Screen weaken\n|debug|Spread modifier: 0.75\n|-resisted|p1b: Mister Snips\n|debug|Light Screen weaken\n|-damage|p1a: Puff Daddy|220/324\n|-damage|p1b: Mister Snips|228/251\n|-unboost|p1a: Puff Daddy|spe|1\n|-unboost|p1b: Mister Snips|spe|1\n|move|p2a: Nidoking|Ice Beam|p1a: Puff Daddy\n|-supereffective|p1a: Puff Daddy\n|debug|Light Screen weaken\n|-damage|p1a: Puff Daddy|0 fnt\n|faint|p1a: Puff Daddy\n|\n|upkeep\n|\n|t:|1752948252\n|switch|p1a: The Big Dee|Dugtrio, M|211/211\n|turn|10\n|\n|t:|1752948264\n|move|p2a: Nidoking|Protect|p2a: Nidoking\n|-singleturn|p2a: Nidoking|Protect\n|move|p1a: The Big Dee|High Horsepower|p2a: Nidoking\n|-activate|p2a: Nidoking|move: Protect\n|move|p2b: Starmie|Icy Wind|p1a: The Big Dee|[spread] p1a,p1b\n|debug|Spread modifier: 0.75\n|-supereffective|p1a: The Big Dee\n|debug|Light Screen weaken\n|debug|Spread modifier: 0.75\n|-resisted|p1b: Mister Snips\n|debug|Light Screen weaken\n|-damage|p1a: The Big Dee|134/211\n|-damage|p1b: Mister Snips|205/251\n|-unboost|p1a: The Big Dee|spe|1\n|-unboost|p1b: Mister Snips|spe|1\n|move|p1b: Mister Snips|Knock Off|p2b: Starmie\n|-supereffective|p2b: Starmie\n|-damage|p2b: Starmie|0 fnt\n|faint|p2b: Starmie\n|\n|-sideend|p1: mistermoscow|move: Light Screen\n|upkeep\n|\n|t:|1752948278\n|switch|p2b: Gengar|Gengar|172/262\n|debug|natural status immunity\n|turn|11\n|\n|t:|1752948300\n|move|p1a: The Big Dee|Protect|p1a: The Big Dee\n|-singleturn|p1a: The Big Dee|Protect\n|move|p2b: Gengar|Sludge Bomb|p1b: Mister Snips\n|-damage|p1b: Mister Snips|0 fnt\n|faint|p1b: Mister Snips\n|move|p2a: Nidoking|Ice Beam|p1a: The Big Dee\n|-activate|p1a: The Big Dee|move: Protect\n|\n|upkeep\n|\n|t:|1752948313\n|switch|p1b: Sparky|Jolteon, M|140/271\n|debug|natural status immunity\n|turn|12\n|\n|t:|1752948348\n|move|p2b: Gengar|Protect|p2b: Gengar\n|-singleturn|p2b: Gengar|Protect\n|move|p1a: The Big Dee|Protect||[still]\n|debug|Success chance: 33%\n|-fail|p1a: The Big Dee\n|move|p1b: Sparky|Electroweb|p2b: Gengar|[spread] \n|-activate|p2b: Gengar|move: Protect\n|-immune|p2a: Nidoking\n|move|p2a: Nidoking|Ice Beam|p1a: The Big Dee\n|-supereffective|p1a: The Big Dee\n|-damage|p1a: The Big Dee|0 fnt\n|faint|p1a: The Big Dee\n|\n|upkeep\n|\n|t:|1752948362\n|switch|p1a: Mimsy|Mr. Mime, M|221/221\n|turn|13\n|\n|t:|1752948382\n|move|p1b: Sparky|Light Screen|p1b: Sparky\n|-sidestart|p1: mistermoscow|move: Light Screen\n|move|p2b: Gengar|Sludge Bomb|p1a: Mimsy\n|-supereffective|p1a: Mimsy\n|debug|Filter neutralize\n|debug|Light Screen weaken\n|-damage|p1a: Mimsy|77/221\n|-status|p1a: Mimsy|psn\n|move|p2a: Nidoking|Sludge Wave|p1b: Sparky|[spread] p2b,p1a,p1b\n|debug|Spread modifier: 0.75\n|-resisted|p2b: Gengar\n|debug|Spread modifier: 0.75\n|-supereffective|p1a: Mimsy\n|debug|Filter neutralize\n|debug|Light Screen weaken\n|debug|Spread modifier: 0.75\n|debug|Light Screen weaken\n|-damage|p2b: Gengar|115/262\n|-damage|p1a: Mimsy|0 fnt\n|-damage|p1b: Sparky|25/271\n|-start|p2a: Nidoking|Disable|Sludge Wave|[from] ability: Cursed Body|[of] p2b: Gengar\n|faint|p1a: Mimsy\n|\n|upkeep\n|turn|14\n|\n|t:|1752948399\n|move|p1b: Sparky|Electroweb|p2b: Gengar|[spread] p2b\n|-immune|p2a: Nidoking\n|debug|Spread modifier: 0.75\n|-damage|p2b: Gengar|37/262\n|-unboost|p2b: Gengar|spe|1\n|move|p2a: Nidoking|Earth Power|p1b: Sparky\n|-supereffective|p1b: Sparky\n|debug|Light Screen weaken\n|-damage|p1b: Sparky|0 fnt\n|faint|p1b: Sparky\n|\n|win|Mattmandaman\n","uploadtime":1752948407,"views":"16","formatid":"gen9doublescustomgame","rating":null,"private":0,"password":null}