{"id":"gen9doublescustomgame-2133202886","format":"[Gen 9] Doubles Custom Game","players":["smokeydabearrr","mattmandaman"],"log":"|j|☆smokeydabearrr\n|j|☆mattmandaman\n|t:|1717027948\n|gametype|doubles\n|player|p1|smokeydabearrr|265|\n|player|p2|mattmandaman|giovanni|\n|teamsize|p1|6\n|teamsize|p2|6\n|gen|9\n|tier|[Gen 9] Doubles Custom Game\n|clearpoke\n|poke|p1|Charizard, M|\n|poke|p1|Blastoise, M|\n|poke|p1|Cresselia, F|\n|poke|p1|Rillaboom, M|\n|poke|p1|Raging Bolt|\n|poke|p1|Walking Wake|\n|poke|p2|Kangaskhan, F|\n|poke|p2|Volcanion|\n|poke|p2|Marshadow|\n|poke|p2|Kartana|\n|poke|p2|Thundurus, M|\n|poke|p2|Diancie|\n|teampreview\n|\n|t:|1717028053\n|start\n|switch|p1a: PSA 10 Shadowless|Charizard, M|315/315\n|switch|p1b: WAKE ME UP INSIDE|Walking Wake|339/339\n|switch|p2a: Diancie|Diancie|304/304\n|switch|p2b: Kangaskhan|Kangaskhan, F|352/352\n|turn|1\n|j| je64\n|\n|t:|1717028081\n|detailschange|p1a: PSA 10 Shadowless|Charizard-Mega-Y, M\n|-mega|p1a: PSA 10 Shadowless|Charizard|Charizardite Y\n|-weather|SunnyDay|[from] ability: Drought|[of] p1a: PSA 10 Shadowless\n|-activate|p1b: WAKE ME UP INSIDE|ability: Protosynthesis\n|-start|p1b: WAKE ME UP INSIDE|protosynthesisspe\n|detailschange|p2b: Kangaskhan|Kangaskhan-Mega, F\n|-mega|p2b: Kangaskhan|Kangaskhan|Kangaskhanite\n|debug|Protosynthesis spe boost\n|debug|Protosynthesis spe boost\n|move|p1b: WAKE ME UP INSIDE|Protect|p1b: WAKE ME UP INSIDE\n|-singleturn|p1b: WAKE ME UP INSIDE|Protect\n|debug|Protosynthesis spe boost\n|move|p1a: PSA 10 Shadowless|Protect|p1a: PSA 10 Shadowless\n|-singleturn|p1a: PSA 10 Shadowless|Protect\n|debug|Protosynthesis spe boost\n|move|p2b: Kangaskhan|Fake Out|p1b: WAKE ME UP INSIDE\n|-activate|p1b: WAKE ME UP INSIDE|move: Protect\n|debug|Protosynthesis spe boost\n|move|p2a: Diancie|Diamond Storm|p1a: PSA 10 Shadowless|[spread] \n|-activate|p1a: PSA 10 Shadowless|move: Protect\n|-activate|p1b: WAKE ME UP INSIDE|move: Protect\n|\n|debug|Protosynthesis spe boost\n|-weather|SunnyDay|[upkeep]\n|upkeep\n|turn|2\n|debug|Protosynthesis spe boost\n|debug|Protosynthesis spe boost\n|debug|Protosynthesis spe boost\n|\n|t:|1717028190\n|switch|p1a: Yurtle the Turtle?|Blastoise, M|362/362\n|switch|p2a: Volcanion|Volcanion|364/364\n|-terastallize|p1b: WAKE ME UP INSIDE|Water\n|debug|Protosynthesis spe boost\n|debug|Protosynthesis spe boost\n|move|p1b: WAKE ME UP INSIDE|Hydro Steam|p2a: Volcanion\n|-immune|p2a: Volcanion|[from] ability: Water Absorb\n|debug|Protosynthesis spe boost\n|move|p2b: Kangaskhan|Return|p1b: WAKE ME UP INSIDE\n|-damage|p1b: WAKE ME UP INSIDE|132/339\n|debug|Parental Bond modifier: 0.25\n|-damage|p1b: WAKE ME UP INSIDE|80/339\n|-hitcount|p1b: WAKE ME UP INSIDE|2\n|\n|debug|Protosynthesis spe boost\n|-weather|SunnyDay|[upkeep]\n|upkeep\n|turn|3\n|j| noli_cannoli10\n|j| mistermoscow\n|c| je64|Admin: Return is an illegal move. smokeydabearrr wins\n|debug|Protosynthesis spe boost\n|debug|Protosynthesis spe boost\n|\n|t:|1717028260\n|debug|Protosynthesis spe boost\n|debug|Protosynthesis spe boost\n|move|p1a: Yurtle the Turtle?|Fake Out|p2b: Kangaskhan\n|-damage|p2b: Kangaskhan|325/352\n|debug|Protosynthesis spe boost\n|debug|Protosynthesis spe boost\n|cant|p2b: Kangaskhan|flinch\n|debug|Protosynthesis spe boost\n|debug|Protosynthesis spe boost\n|move|p1b: WAKE ME UP INSIDE|Hydro Steam|p2b: Kangaskhan\n|debug|Sunny Day Hydro Steam boost\n|-damage|p2b: Kangaskhan|0 fnt\n|faint|p2b: Kangaskhan\n|-damage|p1b: WAKE ME UP INSIDE|47/339|[from] item: Life Orb\n|debug|Protosynthesis spe boost\n|move|p2a: Volcanion|Heat Wave|p1a: Yurtle the Turtle?|[spread] p1a,p1b\n|debug|Spread modifier: 0.75\n|debug|Sunny Day fire boost\n|-resisted|p1a: Yurtle the Turtle?\n|debug|Spread modifier: 0.75\n|debug|Sunny Day fire boost\n|-resisted|p1b: WAKE ME UP INSIDE\n|-damage|p1a: Yurtle the Turtle?|260/362\n|-damage|p1b: WAKE ME UP INSIDE|0 fnt\n|faint|p1b: WAKE ME UP INSIDE\n|-end|p1b: WAKE ME UP INSIDE|Protosynthesis|[silent]\n|\n|-weather|SunnyDay|[upkeep]\n|-heal|p1a: Yurtle the Turtle?|282/362|[from] item: Leftovers\n|upkeep\n|\n|t:|1717028305\n|switch|p1b: Boom Burger|Rillaboom, M|404/404\n|switch|p2b: Diancie|Diancie|304/304\n|-fieldstart|move: Grassy Terrain|[from] ability: Grassy Surge|[of] p1b: Boom Burger\n|turn|4\n|\n|t:|1717028375\n|move|p1b: Boom Burger|Fake Out|p2a: Volcanion\n|-damage|p2a: Volcanion|324/364\n|move|p1a: Yurtle the Turtle?|Flip Turn|p2b: Diancie\n|debug|Sunny Day water suppress\n|-supereffective|p2b: Diancie\n|-damage|p2b: Diancie|256/304\n|-enditem|p2b: Diancie|Weakness Policy\n|-boost|p2b: Diancie|atk|2|[from] item: Weakness Policy\n|-boost|p2b: Diancie|spa|2|[from] item: Weakness Policy\n|\n|t:|1717028390\n|switch|p1a: PSA 10 Shadowless|Charizard-Mega-Y, M|315/315|[from] Flip Turn\n|cant|p2a: Volcanion|flinch\n|move|p2b: Diancie|Diamond Storm|p1b: Boom Burger|[spread] p1a,p1b\n|debug|Spread modifier: 0.75\n|-supereffective|p1a: PSA 10 Shadowless\n|debug|Spread modifier: 0.75\n|-damage|p1a: PSA 10 Shadowless|0 fnt\n|-damage|p1b: Boom Burger|148/404\n|faint|p1a: PSA 10 Shadowless\n|\n|-weather|SunnyDay|[upkeep]\n|-heal|p1b: Boom Burger|173/404|[from] Grassy Terrain\n|-heal|p2a: Volcanion|346/364|[from] Grassy Terrain\n|-heal|p2b: Diancie|275/304|[from] Grassy Terrain\n|upkeep\n|l| noli_cannoli10\n|\n|t:|1717028432\n|switch|p1a: Raging B0ner|Raging Bolt|454/454\n|-activate|p1a: Raging B0ner|ability: Protosynthesis\n|-start|p1a: Raging B0ner|protosynthesisspa\n|turn|5\n|\n|t:|1717028457\n|-terastallize|p2b: Diancie|Fire\n|move|p2a: Volcanion|Protect|p2a: Volcanion\n|-singleturn|p2a: Volcanion|Protect\n|move|p1b: Boom Burger|Grassy Glide|p2b: Diancie\n|debug|grassy terrain boost\n|-resisted|p2b: Diancie\n|-damage|p2b: Diancie|227/304\n|move|p1a: Raging B0ner|Thunderclap||[still]\n|-fail|p1a: Raging B0ner\n|move|p2b: Diancie|Diamond Storm|p1b: Boom Burger|[spread] p1a,p1b\n|debug|Spread modifier: 0.75\n|debug|Spread modifier: 0.75\n|-damage|p1a: Raging B0ner|207/454\n|-damage|p1b: Boom Burger|0 fnt\n|faint|p1b: Boom Burger\n|\n|-weather|none\n|-end|p1a: Raging B0ner|Protosynthesis\n|-heal|p1a: Raging B0ner|235/454|[from] Grassy Terrain\n|-heal|p2a: Volcanion|364/364|[from] Grassy Terrain\n|-heal|p2b: Diancie|246/304|[from] Grassy Terrain\n|upkeep\n|\n|t:|1717028487\n|switch|p1b: Yurtle the Turtle?|Blastoise, M|282/362\n|turn|6\n|\n|t:|1717028508\n|move|p1b: Yurtle the Turtle?|Fake Out|p2b: Diancie\n|-damage|p2b: Diancie|227/304\n|move|p1a: Raging B0ner|Thunderclap|p2a: Volcanion\n|-supereffective|p2a: Volcanion\n|-damage|p2a: Volcanion|0 fnt\n|faint|p2a: Volcanion\n|cant|p2b: Diancie|flinch\n|\n|-heal|p1b: Yurtle the Turtle?|304/362|[from] Grassy Terrain\n|-heal|p1b: Yurtle the Turtle?|326/362|[from] item: Leftovers\n|-heal|p1a: Raging B0ner|263/454|[from] Grassy Terrain\n|-heal|p2b: Diancie|246/304|[from] Grassy Terrain\n|upkeep\n|\n|t:|1717028521\n|switch|p2a: Kartana|Kartana|260/260\n|turn|7\n|\n|t:|1717028552\n|move|p1a: Raging B0ner|Thunderclap|p2b: Diancie\n|-damage|p2b: Diancie|114/304\n|move|p2a: Kartana|Leaf Blade|p1b: Yurtle the Turtle?\n|debug|grassy terrain boost\n|-supereffective|p1b: Yurtle the Turtle?\n|-damage|p1b: Yurtle the Turtle?|0 fnt\n|faint|p1b: Yurtle the Turtle?\n|-ability|p2a: Kartana|Beast Boost|boost\n|-boost|p2a: Kartana|atk|1\n|move|p2b: Diancie|Diamond Storm|p1a: Raging B0ner\n|-crit|p1a: Raging B0ner\n|-damage|p1a: Raging B0ner|0 fnt\n|faint|p1a: Raging B0ner\n|-end|p1a: Raging B0ner|Protosynthesis|[silent]\n|\n|-heal|p2b: Diancie|133/304|[from] Grassy Terrain\n|upkeep\n|j| noli_cannoli10\n|\n|t:|1717028562\n|switch|p1b: big Vaj|Cresselia, F|444/444\n|turn|8\n|l| noli_cannoli10\n|\n|t:|1717028575\n|move|p2a: Kartana|Leaf Blade|p1b: big Vaj\n|debug|grassy terrain boost\n|-damage|p1b: big Vaj|159/444\n|move|p1b: big Vaj|Icy Wind|p2b: Diancie|[spread] p2b\n|-miss|p1b: big Vaj|p2a: Kartana\n|debug|Spread modifier: 0.75\n|-resisted|p2b: Diancie\n|-damage|p2b: Diancie|124/304\n|debug|move failed because it did nothing\n|move|p2b: Diancie|Diamond Storm|p1b: big Vaj\n|-damage|p1b: big Vaj|0 fnt\n|-boost|p2b: Diancie|def|2\n|faint|p1b: big Vaj\n|\n|win|mattmandaman\n|l|☆mattmandaman\n|player|p2|\n|j|☆mattmandaman\n|player|p2|mattmandaman|giovanni|\n","uploadtime":1717029103,"views":"39","formatid":"gen9doublescustomgame","rating":null,"private":0,"password":null}