{"id":"gen9doublescustomgame-2288786944","format":"[Gen 9] Doubles Custom Game","players":["Mattmandaman","mistermoscow"],"log":"|j|☆Mattmandaman\n|j|☆mistermoscow\n|t:|1737931120\n|gametype|doubles\n|player|p1|Mattmandaman|giovanni|\n|player|p2|mistermoscow|alder|\n|teamsize|p1|6\n|teamsize|p2|6\n|gen|9\n|tier|[Gen 9] Doubles Custom Game\n|clearpoke\n|poke|p1|Machamp, F|\n|poke|p1|Starmie|\n|poke|p1|Chansey, F|\n|poke|p1|Nidoking, M|\n|poke|p1|Gengar, F|\n|poke|p1|Muk, F|\n|poke|p2|Flareon, M|\n|poke|p2|Gengar, M|\n|poke|p2|Victreebel, M|\n|poke|p2|Jolteon, M|\n|poke|p2|Dragonite, M|\n|poke|p2|Snorlax, M|\n|teampreview\n|\n|t:|1737931176\n|start\n|switch|p1a: Muk|Muk, F|414/414\n|switch|p1b: Starmie|Starmie|262/262\n|switch|p2a: Gang Gang|Gengar, M|262/262\n|switch|p2b: Bernie|Flareon, M|271/271\n|turn|1\n|\n|t:|1737931192\n|move|p2b: Bernie|Protect|p2b: Bernie\n|-singleturn|p2b: Bernie|Protect\n|move|p1b: Starmie|Psychic|p2a: Gang Gang\n|-supereffective|p2a: Gang Gang\n|-enditem|p2a: Gang Gang|Focus Sash\n|-damage|p2a: Gang Gang|1/262\n|move|p2a: Gang Gang|Icy Wind|p1a: Muk|[spread] p1a,p1b\n|debug|Spread modifier: 0.75\n|debug|Spread modifier: 0.75\n|-resisted|p1b: Starmie\n|-damage|p1a: Muk|368/414\n|-damage|p1b: Starmie|244/262\n|-unboost|p1a: Muk|spe|1\n|-unboost|p1b: Starmie|spe|1\n|move|p1a: Muk|Poison Jab|p2b: Bernie\n|-activate|p2b: Bernie|move: Protect\n|\n|-heal|p1a: Muk|393/414|[from] item: Black Sludge\n|-status|p2b: Bernie|tox|[from] item: Toxic Orb\n|upkeep\n|turn|2\n|\n|t:|1737931277\n|move|p2a: Gang Gang|Protect|p2a: Gang Gang\n|-singleturn|p2a: Gang Gang|Protect\n|move|p1a: Muk|Shadow Sneak|p2a: Gang Gang\n|-activate|p2a: Gang Gang|move: Protect\n|move|p1b: Starmie|Scald|p2b: Bernie\n|-supereffective|p2b: Bernie\n|-damage|p2b: Bernie|67/271 tox\n|debug|move failed because it did nothing\n|move|p2b: Bernie|Flare Blitz|p1a: Muk\n|-damage|p1a: Muk|0 fnt\n|faint|p1a: Muk\n|-damage|p2b: Bernie|0 fnt|[from] Recoil\n|faint|p2b: Bernie\n|\n|upkeep\n|\n|t:|1737931303\n|switch|p2b: Victor|Victreebel, M|333/333\n|switch|p1a: Nidoking|Nidoking, M|304/304\n|turn|3\n|\n|t:|1737931337\n|switch|p2a: Snax|Snorlax, M|462/462\n|move|p2b: Victor|Protect|p2b: Victor\n|-singleturn|p2b: Victor|Protect\n|move|p1a: Nidoking|Ice Beam|p2b: Victor\n|-activate|p2b: Victor|move: Protect\n|move|p1b: Starmie|Icy Wind|p2b: Victor|[spread] p2a\n|-activate|p2b: Victor|move: Protect\n|debug|Spread modifier: 0.75\n|-damage|p2a: Snax|427/462\n|-unboost|p2a: Snax|spe|1\n|\n|-heal|p2a: Snax|455/462|[from] item: Leftovers\n|upkeep\n|turn|4\n|\n|t:|1737931419\n|switch|p1b: Machamp|Machamp, F|384/384\n|switch|p2b: Gang Gang|Gengar, M|1/262\n|move|p1a: Nidoking|Ice Beam|p2b: Gang Gang\n|-damage|p2b: Gang Gang|0 fnt\n|-start|p1a: Nidoking|Disable|Ice Beam|[from] ability: Cursed Body|[of] p2b: Gang Gang\n|faint|p2b: Gang Gang\n|move|p2a: Snax|Double-Edge|p1a: Nidoking\n|-damage|p1a: Nidoking|64/304\n|-damage|p2a: Snax|376/462|[from] Recoil\n|\n|-heal|p2a: Snax|404/462|[from] item: Leftovers\n|upkeep\n|\n|t:|1737931460\n|switch|p2b: Puff Daddy|Dragonite, M|386/386\n|turn|5\n|\n|t:|1737931499\n|switch|p1a: Chansey|Chansey, F|704/704\n|switch|p2b: Sparky|Jolteon, M|271/271\n|move|p1b: Machamp|Dynamic Punch|p2a: Snax\n|debug|Punching Glove boost\n|-supereffective|p2a: Snax\n|-damage|p2a: Snax|0 fnt\n|debug|move failed because it did nothing\n|faint|p2a: Snax\n|\n|upkeep\n|\n|t:|1737931511\n|switch|p2a: Victor|Victreebel, M|333/333\n|turn|6\n|\n|t:|1737931523\n|move|p2b: Sparky|Sunny Day|p2b: Sparky\n|-weather|SunnyDay\n|move|p2a: Victor|Sleep Powder|p1b: Machamp\n|-status|p1b: Machamp|slp|[from] move: Sleep Powder\n|cant|p1b: Machamp|slp\n|move|p1a: Chansey|Thunder Wave|p2a: Victor\n|-status|p2a: Victor|par\n|\n|-weather|SunnyDay|[upkeep]\n|upkeep\n|turn|7\n|\n|t:|1737931556\n|switch|p2b: Puff Daddy|Dragonite, M|386/386\n|move|p2a: Victor|Sleep Powder|p1a: Chansey|[miss]\n|-miss|p2a: Victor|p1a: Chansey\n|cant|p1b: Machamp|slp\n|move|p1a: Chansey|Teleport|p1a: Chansey\n|\n|t:|1737931569\n|switch|p1a: Gengar|Gengar, F|262/262|[from] Teleport\n|\n|-weather|SunnyDay|[upkeep]\n|upkeep\n|turn|8\n|\n|t:|1737931582\n|move|p2a: Victor|Protect|p2a: Victor\n|-singleturn|p2a: Victor|Protect\n|move|p1a: Gengar|Icy Wind|p2a: Victor|[spread] p2b\n|-activate|p2a: Victor|move: Protect\n|debug|Spread modifier: 0.75\n|-supereffective|p2b: Puff Daddy\n|-damage|p2b: Puff Daddy|194/386\n|-unboost|p2b: Puff Daddy|spe|1\n|cant|p1b: Machamp|slp\n|move|p2b: Puff Daddy|Dual Wingbeat|p1a: Gengar\n|-damage|p1a: Gengar|106/262\n|-damage|p1a: Gengar|0 fnt\n|-start|p2b: Puff Daddy|Disable|Dual Wingbeat|[from] ability: Cursed Body|[of] p1a: Gengar\n|faint|p1a: Gengar\n|-hitcount|p1: Gengar|2\n|-damage|p2b: Puff Daddy|156/386|[from] item: Life Orb\n|\n|-weather|SunnyDay|[upkeep]\n|upkeep\n|\n|t:|1737931595\n|switch|p1a: Starmie|Starmie|244/262\n|turn|9\n|\n|t:|1737931609\n|switch|p2b: Sparky|Jolteon, M|271/271\n|move|p1a: Starmie|Icy Wind|p2b: Sparky|[spread] p2a,p2b\n|debug|Spread modifier: 0.75\n|-supereffective|p2a: Victor\n|debug|Spread modifier: 0.75\n|-damage|p2a: Victor|227/333 par\n|-damage|p2b: Sparky|225/271\n|-unboost|p2a: Victor|spe|1\n|debug|Covert Cloak prevent secondary\n|-curestatus|p1b: Machamp|slp|[msg]\n|move|p1b: Machamp|Stone Edge|p2a: Victor\n|-damage|p2a: Victor|53/333 par\n|cant|p2a: Victor|par\n|\n|-weather|SunnyDay|[upkeep]\n|-heal|p2a: Victor|73/333 par|[from] item: Black Sludge\n|upkeep\n|turn|10\n|\n|t:|1737931642\n|move|p2a: Victor|Protect|p2a: Victor\n|-singleturn|p2a: Victor|Protect\n|move|p2b: Sparky|Thunder Wave|p1a: Starmie\n|-status|p1a: Starmie|par\n|cant|p1a: Starmie|par\n|move|p1b: Machamp|Dynamic Punch|p2b: Sparky\n|debug|Punching Glove boost\n|-crit|p2b: Sparky\n|-damage|p2b: Sparky|0 fnt\n|debug|Covert Cloak prevent secondary\n|faint|p2b: Sparky\n|\n|-weather|none\n|-heal|p2a: Victor|93/333 par|[from] item: Black Sludge\n|upkeep\n|\n|t:|1737931654\n|switch|p2b: Puff Daddy|Dragonite, M|156/386\n|turn|11\n|\n|t:|1737931684\n|move|p1b: Machamp|Protect|p1b: Machamp\n|-singleturn|p1b: Machamp|Protect\n|move|p2b: Puff Daddy|Dual Wingbeat|p1b: Machamp\n|-activate|p1b: Machamp|move: Protect\n|move|p1a: Starmie|Icy Wind|p2b: Puff Daddy|[spread] p2a,p2b\n|debug|Spread modifier: 0.75\n|-supereffective|p2a: Victor\n|debug|Spread modifier: 0.75\n|-supereffective|p2b: Puff Daddy\n|-damage|p2a: Victor|0 fnt\n|-damage|p2b: Puff Daddy|0 fnt\n|faint|p2a: Victor\n|faint|p2b: Puff Daddy\n|\n|win|Mattmandaman\n|c|☆mistermoscow|boo\n|c|☆Mattmandaman|nice\n|c|☆mistermoscow|gg\n|c|☆Mattmandaman|gg\n","uploadtime":1737931708,"views":"21","formatid":"gen9doublescustomgame","rating":null,"private":0,"password":null}