{"id":"gen9doublescustomgame-2342847830","format":"[Gen 9] Doubles Custom Game","players":["mistermoscow","je64"],"log":"|j|☆mistermoscow\n|j|☆je64\n|t:|1744668882\n|gametype|doubles\n|player|p1|mistermoscow|alder|\n|player|p2|je64|265|\n|teamsize|p1|6\n|teamsize|p2|6\n|gen|9\n|tier|[Gen 9] Doubles Custom Game\n|clearpoke\n|poke|p1|Nidoking, M|\n|poke|p1|Primeape, M|\n|poke|p1|Dewgong, M|\n|poke|p1|Mr. Mime, M|\n|poke|p1|Jolteon, M|\n|poke|p1|Dragonite, M|\n|poke|p2|Kadabra, F|\n|poke|p2|Gengar, M|\n|poke|p2|Rhydon, M|\n|poke|p2|Chansey, F|\n|poke|p2|Electabuzz, F|\n|poke|p2|Gyarados, F|\n|teampreview\n|\n|t:|1744668943\n|start\n|switch|p1a: Apollo|Primeape, M|334/334\n|switch|p1b: Sparky|Jolteon, M|271/271\n|switch|p2a: Stranger|Gengar, M|262/262\n|switch|p2b: Frank the Tank|Electabuzz, F|334/334\n|turn|1\n|\n|t:|1744668967\n|move|p2a: Stranger|Psychic|p1a: Apollo\n|-supereffective|p1a: Apollo\n|-damage|p1a: Apollo|202/334\n|move|p1b: Sparky|Shadow Ball|p2a: Stranger\n|-supereffective|p2a: Stranger\n|-damage|p2a: Stranger|50/262\n|move|p2b: Frank the Tank|Light Screen|p2b: Frank the Tank\n|-sidestart|p2: je64|move: Light Screen\n|move|p1a: Apollo|Rage Fist|p2a: Stranger\n|-supereffective|p2a: Stranger\n|-damage|p2a: Stranger|0 fnt\n|faint|p2a: Stranger\n|\n|upkeep\n|\n|t:|1744668987\n|switch|p2a: K.Dot|Kadabra, F|221/221\n|turn|2\n|\n|t:|1744669004\n|move|p2b: Frank the Tank|Follow Me|p2b: Frank the Tank\n|-singleturn|p2b: Frank the Tank|move: Follow Me\n|move|p1b: Sparky|Light Screen|p1b: Sparky\n|-sidestart|p1: mistermoscow|move: Light Screen\n|move|p2a: K.Dot|Psychic|p1b: Sparky\n|debug|Light Screen weaken\n|-damage|p1b: Sparky|173/271\n|move|p1a: Apollo|Bulk Up|p1a: Apollo\n|-boost|p1a: Apollo|atk|1\n|-boost|p1a: Apollo|def|1\n|\n|upkeep\n|turn|3\n|\n|t:|1744669030\n|move|p1a: Apollo|Protect|p1a: Apollo\n|-singleturn|p1a: Apollo|Protect\n|move|p2b: Frank the Tank|Follow Me|p2b: Frank the Tank\n|-singleturn|p2b: Frank the Tank|move: Follow Me\n|move|p1b: Sparky|Reflect|p1b: Sparky\n|-sidestart|p1: mistermoscow|Reflect\n|move|p2a: K.Dot|Psychic|p1a: Apollo\n|-activate|p1a: Apollo|move: Protect\n|\n|upkeep\n|turn|4\n|\n|t:|1744669042\n|move|p2b: Frank the Tank|Follow Me|p2b: Frank the Tank\n|-singleturn|p2b: Frank the Tank|move: Follow Me\n|move|p1b: Sparky|Electroweb|p2b: Frank the Tank|[spread] p2a,p2b\n|debug|Spread modifier: 0.75\n|debug|Light Screen weaken\n|debug|Spread modifier: 0.75\n|-resisted|p2b: Frank the Tank\n|debug|Light Screen weaken\n|-damage|p2a: K.Dot|165/221\n|-damage|p2b: Frank the Tank|317/334\n|-unboost|p2a: K.Dot|spe|1\n|-unboost|p2b: Frank the Tank|spe|1\n|move|p1a: Apollo|Rage Fist|p2b: Frank the Tank\n|debug|Follow Me redirected target of move\n|-damage|p2b: Frank the Tank|233/334\n|move|p2a: K.Dot|Psychic|p1a: Apollo\n|-supereffective|p1a: Apollo\n|debug|Light Screen weaken\n|-damage|p1a: Apollo|73/334\n|\n|upkeep\n|turn|5\n|\n|t:|1744669072\n|switch|p1b: King Nido|Nidoking, M|303/303\n|move|p1a: Apollo|Protect|p1a: Apollo\n|-singleturn|p1a: Apollo|Protect\n|move|p2b: Frank the Tank|Follow Me|p2b: Frank the Tank\n|-singleturn|p2b: Frank the Tank|move: Follow Me\n|move|p2a: K.Dot|Psychic|p1a: Apollo\n|-activate|p1a: Apollo|move: Protect\n|\n|-sideend|p2: je64|move: Light Screen\n|upkeep\n|turn|6\n|\n|t:|1744669102\n|switch|p2b: Gyaradance|Gyarados, F|332/332\n|move|p2a: K.Dot|Protect|p2a: K.Dot\n|-singleturn|p2a: K.Dot|Protect\n|move|p1b: King Nido|Earth Power|p2b: Gyaradance\n|-immune|p2b: Gyaradance\n|move|p1a: Apollo|Rage Fist|p2a: K.Dot\n|-activate|p2a: K.Dot|move: Protect\n|\n|upkeep\n|turn|7\n|\n|t:|1744669144\n|switch|p2a: Joys hot assistnt|Chansey, F|704/704\n|move|p1a: Apollo|Protect|p1a: Apollo\n|-singleturn|p1a: Apollo|Protect\n|move|p1b: King Nido|Earth Power|p2a: Joys hot assistnt\n|-damage|p2a: Joys hot assistnt|596/704\n|move|p2b: Gyaradance|Dragon Dance|p2b: Gyaradance\n|-boost|p2b: Gyaradance|atk|1\n|-boost|p2b: Gyaradance|spe|1\n|\n|upkeep\n|turn|8\n|\n|t:|1744669171\n|switch|p1b: Dewey|Dewgong, M|384/384\n|move|p2b: Gyaradance|Waterfall|p1a: Apollo\n|debug|Reflect weaken\n|-damage|p1a: Apollo|0 fnt\n|debug|move failed because it did nothing\n|faint|p1a: Apollo\n|-ability|p2b: Gyaradance|Moxie|boost\n|-boost|p2b: Gyaradance|atk|1\n|move|p2a: Joys hot assistnt|Seismic Toss|p1b: Dewey\n|-damage|p1b: Dewey|284/384\n|\n|upkeep\n|\n|t:|1744669201\n|switch|p1a: King Nido|Nidoking, M|303/303\n|turn|9\n|\n|t:|1744669223\n|move|p1a: King Nido|Thunderbolt|p2b: Gyaradance\n|-supereffective|p2b: Gyaradance\n|-enditem|p2b: Gyaradance|Wacan Berry|[eat]\n|debug|-50% reduction\n|-enditem|p2b: Gyaradance|Wacan Berry|[weaken]\n|-damage|p2b: Gyaradance|90/332\n|move|p2b: Gyaradance|Waterfall|p1a: King Nido\n|-supereffective|p1a: King Nido\n|debug|Reflect weaken\n|-damage|p1a: King Nido|0 fnt\n|faint|p1a: King Nido\n|-ability|p2b: Gyaradance|Moxie|boost\n|-boost|p2b: Gyaradance|atk|1\n|move|p1b: Dewey|Flip Turn|p2a: Joys hot assistnt\n|-damage|p2a: Joys hot assistnt|493/704\n|\n|t:|1744669235\n|switch|p1b: Mimsy|Mr. Mime, M|221/221|[from] Flip Turn\n|move|p2a: Joys hot assistnt|Teleport|p2a: Joys hot assistnt\n|\n|t:|1744669244\n|switch|p2a: La Don|Rhydon, M|351/351|[from] Teleport\n|\n|-sideend|p1: mistermoscow|move: Light Screen\n|upkeep\n|\n|t:|1744669252\n|switch|p1a: Puff Daddy|Dragonite, M|355/355\n|turn|10\n|\n|t:|1744669288\n|move|p1b: Mimsy|Fake Out|p2a: La Don\n|-resisted|p2a: La Don\n|-damage|p2a: La Don|346/351\n|move|p2b: Gyaradance|Crunch|p1a: Puff Daddy\n|debug|Multiscale weaken\n|debug|Reflect weaken\n|-damage|p1a: Puff Daddy|272/355\n|move|p1a: Puff Daddy|Scale Shot|p2b: Gyaradance\n|-crit|p2b: Gyaradance\n|-damage|p2b: Gyaradance|0 fnt\n|faint|p2b: Gyaradance\n|-hitcount|p2: Gyaradance|1\n|-unboost|p1a: Puff Daddy|def|1\n|-boost|p1a: Puff Daddy|spe|1\n|cant|p2a: La Don|flinch\n|\n|-sideend|p1: mistermoscow|Reflect\n|upkeep\n|\n|t:|1744669309\n|switch|p2b: Frank the Tank|Electabuzz, F|233/334\n|turn|11\n|\n|t:|1744669342\n|move|p1b: Mimsy|Follow Me|p1b: Mimsy\n|-singleturn|p1b: Mimsy|move: Follow Me\n|move|p1a: Puff Daddy|Dragon Dance|p1a: Puff Daddy\n|-boost|p1a: Puff Daddy|atk|1\n|-boost|p1a: Puff Daddy|spe|1\n|move|p2b: Frank the Tank|Electroweb|p1a: Puff Daddy|[spread] p1a,p1b\n|debug|Spread modifier: 0.75\n|debug|Spread modifier: 0.75\n|-damage|p1a: Puff Daddy|224/355\n|-damage|p1b: Mimsy|179/221\n|-unboost|p1a: Puff Daddy|spe|1\n|-unboost|p1b: Mimsy|spe|1\n|move|p2a: La Don|Rock Polish|p2a: La Don\n|-boost|p2a: La Don|spe|2\n|\n|-heal|p1b: Mimsy|192/221|[from] item: Leftovers\n|upkeep\n|turn|12\n|\n|t:|1744669369\n|move|p2b: Frank the Tank|Follow Me|p2b: Frank the Tank\n|-singleturn|p2b: Frank the Tank|move: Follow Me\n|move|p1b: Mimsy|Follow Me|p1b: Mimsy\n|-singleturn|p1b: Mimsy|move: Follow Me\n|move|p2a: La Don|Rock Slide|p1a: Puff Daddy|[spread] p1a,p1b\n|debug|Spread modifier: 0.75\n|-supereffective|p1a: Puff Daddy\n|debug|Spread modifier: 0.75\n|-damage|p1a: Puff Daddy|0 fnt\n|-damage|p1b: Mimsy|99/221\n|faint|p1a: Puff Daddy\n|\n|-heal|p1b: Mimsy|112/221|[from] item: Leftovers\n|upkeep\n|\n|t:|1744669389\n|switch|p1a: Sparky|Jolteon, M|173/271\n|turn|13\n|\n|t:|1744669404\n|move|p1a: Sparky|Reflect|p1a: Sparky\n|-sidestart|p1: mistermoscow|Reflect\n|move|p2a: La Don|Rock Slide|p1a: Sparky|[spread] p1a,p1b\n|debug|Spread modifier: 0.75\n|debug|Reflect weaken\n|debug|Spread modifier: 0.75\n|debug|Reflect weaken\n|-damage|p1a: Sparky|81/271\n|-damage|p1b: Mimsy|51/221\n|move|p2b: Frank the Tank|Light Screen|p2b: Frank the Tank\n|-sidestart|p2: je64|move: Light Screen\n|move|p1b: Mimsy|Psychic|p2a: La Don\n|debug|Light Screen weaken\n|-damage|p2a: La Don|238/351\n|-unboost|p2a: La Don|spd|1\n|\n|-heal|p1b: Mimsy|64/221|[from] item: Leftovers\n|upkeep\n|turn|14\n|\n|t:|1744669439\n|move|p2b: Frank the Tank|Follow Me|p2b: Frank the Tank\n|-singleturn|p2b: Frank the Tank|move: Follow Me\n|move|p1a: Sparky|Shadow Ball|p2b: Frank the Tank\n|debug|Follow Me redirected target of move\n|debug|Light Screen weaken\n|-damage|p2b: Frank the Tank|192/334\n|-unboost|p2b: Frank the Tank|spd|1\n|move|p2a: La Don|Rock Polish|p2a: La Don\n|-boost|p2a: La Don|spe|2\n|move|p1b: Mimsy|Dazzling Gleam|p2b: Frank the Tank|[spread] p2a,p2b\n|debug|Spread modifier: 0.75\n|debug|Light Screen weaken\n|debug|Spread modifier: 0.75\n|debug|Light Screen weaken\n|-damage|p2a: La Don|125/351\n|-damage|p2b: Frank the Tank|124/334\n|\n|-heal|p1b: Mimsy|77/221|[from] item: Leftovers\n|upkeep\n|turn|15\n|\n|t:|1744669461\n|move|p2b: Frank the Tank|Follow Me|p2b: Frank the Tank\n|-singleturn|p2b: Frank the Tank|move: Follow Me\n|move|p2a: La Don|Rock Slide|p1b: Mimsy|[spread] p1a,p1b\n|debug|Spread modifier: 0.75\n|debug|Reflect weaken\n|debug|Spread modifier: 0.75\n|debug|Reflect weaken\n|-damage|p1a: Sparky|0 fnt\n|-damage|p1b: Mimsy|10/221\n|faint|p1a: Sparky\n|move|p1b: Mimsy|Psychic|p2b: Frank the Tank\n|debug|Follow Me redirected target of move\n|debug|Light Screen weaken\n|-damage|p2b: Frank the Tank|16/334\n|\n|-heal|p1b: Mimsy|23/221|[from] item: Leftovers\n|upkeep\n|\n|t:|1744669470\n|switch|p1a: Dewey|Dewgong, M|284/384\n|turn|16\n|\n|t:|1744669484\n|move|p1a: Dewey|Fake Out|p2a: La Don\n|-resisted|p2a: La Don\n|-damage|p2a: La Don|115/351\n|move|p2b: Frank the Tank|Follow Me|p2b: Frank the Tank\n|-singleturn|p2b: Frank the Tank|move: Follow Me\n|cant|p2a: La Don|flinch\n|move|p1b: Mimsy|Dazzling Gleam|p2b: Frank the Tank|[spread] p2a,p2b\n|debug|Spread modifier: 0.75\n|debug|Light Screen weaken\n|debug|Spread modifier: 0.75\n|debug|Light Screen weaken\n|-damage|p2a: La Don|5/351\n|-damage|p2b: Frank the Tank|0 fnt\n|faint|p2b: Frank the Tank\n|\n|-heal|p1b: Mimsy|36/221|[from] item: Leftovers\n|upkeep\n|\n|t:|1744669504\n|switch|p2b: K.Dot|Kadabra, F|165/221\n|turn|17\n|\n|t:|1744669519\n|move|p1b: Mimsy|Follow Me|p1b: Mimsy\n|-singleturn|p1b: Mimsy|move: Follow Me\n|move|p2a: La Don|Rock Slide|p1a: Dewey|[spread] p1a,p1b\n|debug|Spread modifier: 0.75\n|-supereffective|p1a: Dewey\n|debug|Reflect weaken\n|debug|Spread modifier: 0.75\n|-crit|p1b: Mimsy\n|-damage|p1a: Dewey|132/384\n|-damage|p1b: Mimsy|0 fnt\n|debug|Covert Cloak prevent secondary\n|faint|p1b: Mimsy\n|move|p2b: K.Dot|Dazzling Gleam|p1a: Dewey\n|-damage|p1a: Dewey|34/384\n|move|p1a: Dewey|Flip Turn|p2a: La Don\n|-supereffective|p2a: La Don\n|-damage|p2a: La Don|0 fnt\n|faint|p2a: La Don\n|\n|-sideend|p2: je64|move: Light Screen\n|upkeep\n|\n|t:|1744669531\n|switch|p2a: Joys hot assistnt|Chansey, F|493/704\n|turn|18\n|\n|t:|1744669537\n|move|p2b: K.Dot|Protect|p2b: K.Dot\n|-singleturn|p2b: K.Dot|Protect\n|move|p1a: Dewey|Fake Out||[still]\n|-hint|Fake Out only works on your first turn out.\n|-fail|p1a: Dewey\n|move|p2a: Joys hot assistnt|Thunder Wave|p1a: Dewey\n|-status|p1a: Dewey|par\n|\n|upkeep\n|turn|19\n|\n|t:|1744669549\n|move|p2b: K.Dot|Psychic|p2a: Joys hot assistnt\n|-damage|p2a: Joys hot assistnt|387/704\n|move|p2a: Joys hot assistnt|Seismic Toss|p1a: Dewey\n|-damage|p1a: Dewey|0 fnt\n|faint|p1a: Dewey\n|\n|win|je64\n","uploadtime":1744669556,"views":"12","formatid":"gen9doublescustomgame","rating":null,"private":0,"password":null}