{"id":"gen9doublescustomgame-2363381387","format":"[Gen 9] Doubles Custom Game","players":["mistermoscow","Mattmandaman"],"log":"|j|☆mistermoscow\n|j|☆Mattmandaman\n|t:|1747172200\n|gametype|doubles\n|player|p1|mistermoscow|alder|\n|player|p2|Mattmandaman|giovanni|\n|teamsize|p1|6\n|teamsize|p2|6\n|gen|9\n|tier|[Gen 9] Doubles Custom Game\n|clearpoke\n|poke|p1|Nidoking, M|\n|poke|p1|Machoke, M|\n|poke|p1|Dewgong, M|\n|poke|p1|Exeggutor, M|\n|poke|p1|Mr. Mime, M|\n|poke|p1|Jolteon, M|\n|poke|p2|Dodrio, F|\n|poke|p2|Nidoking, M|\n|poke|p2|Starmie|\n|poke|p2|Nidoqueen, F|\n|poke|p2|Chansey, F|\n|poke|p2|Gengar, F|\n|teampreview\n|\n|t:|1747172237\n|start\n|switch|p1a: King Nido|Nidoking, M|303/303\n|switch|p1b: Dewey|Dewgong, M|384/384\n|switch|p2a: Nidoqueen|Nidoqueen, F|384/384\n|switch|p2b: Gengar|Gengar, F|262/262\n|turn|1\n|\n|t:|1747172252\n|move|p1a: King Nido|Earth Power|p2a: Nidoqueen\n|-supereffective|p2a: Nidoqueen\n|-damage|p2a: Nidoqueen|0 fnt\n|faint|p2a: Nidoqueen\n|move|p2b: Gengar|Psychic|p1a: King Nido\n|-supereffective|p1a: King Nido\n|-damage|p1a: King Nido|45/303\n|move|p1b: Dewey|Knock Off|p2b: Gengar\n|-supereffective|p2b: Gengar\n|-damage|p2b: Gengar|14/262\n|-enditem|p2b: Gengar|Focus Sash|[from] move: Knock Off|[of] p1b: Dewey\n|\n|upkeep\n|\n|t:|1747172265\n|switch|p2a: Dodrio|Dodrio, F|262/262\n|turn|2\n|\n|t:|1747172284\n|move|p1a: King Nido|Earth Power|p2b: Gengar\n|-supereffective|p2b: Gengar\n|-damage|p2b: Gengar|0 fnt\n|faint|p2b: Gengar\n|move|p2a: Dodrio|Tailwind|p2a: Dodrio\n|-sidestart|p2: Mattmandaman|move: Tailwind\n|move|p1b: Dewey|Triple Axel|p2a: Dodrio\n|-supereffective|p2a: Dodrio\n|-damage|p2a: Dodrio|194/262\n|-supereffective|p2a: Dodrio\n|-damage|p2a: Dodrio|56/262\n|-supereffective|p2a: Dodrio\n|-damage|p2a: Dodrio|0 fnt\n|faint|p2a: Dodrio\n|-hitcount|p2: Dodrio|3\n|\n|upkeep\n|\n|t:|1747172290\n|switch|p2b: Nidoking|Nidoking, M|304/304\n|switch|p2a: Starmie|Starmie|262/262\n|turn|3\n|\n|t:|1747172312\n|move|p2b: Nidoking|Sludge Wave|p1a: King Nido|[spread] p2a,p1a,p1b\n|debug|Spread modifier: 0.75\n|debug|Spread modifier: 0.75\n|-resisted|p1a: King Nido\n|debug|Spread modifier: 0.75\n|-damage|p2a: Starmie|153/262\n|-damage|p1a: King Nido|3/303\n|-damage|p1b: Dewey|242/384\n|move|p2a: Starmie|Psychic|p1b: Dewey\n|-damage|p1b: Dewey|91/384\n|debug|Covert Cloak prevent secondary\n|move|p1a: King Nido|Earth Power|p2b: Nidoking\n|-supereffective|p2b: Nidoking\n|-damage|p2b: Nidoking|0 fnt\n|faint|p2b: Nidoking\n|move|p1b: Dewey|Flip Turn|p2a: Starmie\n|-resisted|p2a: Starmie\n|-damage|p2a: Starmie|108/262\n|\n|t:|1747172332\n|switch|p1b: Sparky|Jolteon, M|271/271|[from] Flip Turn\n|\n|upkeep\n|\n|t:|1747172337\n|switch|p2b: Chansey|Chansey, F|642/642\n|turn|4\n|\n|t:|1747172348\n|switch|p1a: Eggman|Exeggutor, M|394/394\n|move|p2a: Starmie|Psychic|p1b: Sparky\n|-damage|p1b: Sparky|133/271\n|move|p1b: Sparky|Electroweb|p2b: Chansey|[spread] p2a,p2b\n|debug|Spread modifier: 0.75\n|-supereffective|p2a: Starmie\n|debug|Spread modifier: 0.75\n|-damage|p2a: Starmie|0 fnt\n|-damage|p2b: Chansey|609/642\n|-unboost|p2b: Chansey|spe|1\n|faint|p2a: Starmie\n|move|p2b: Chansey|Seismic Toss|p1b: Sparky\n|-damage|p1b: Sparky|33/271\n|\n|upkeep\n|turn|5\n|\n|t:|1747172371\n|switch|p1b: Randy|Machoke, M|302/302\n|move|p2b: Chansey|Thunder Wave|p1a: Eggman\n|-status|p1a: Eggman|par\n|cant|p1a: Eggman|par\n|\n|-sideend|p2: Mattmandaman|move: Tailwind\n|upkeep\n|turn|6\n|\n|t:|1747172382\n|cant|p1a: Eggman|par\n|move|p1b: Randy|Fissure|p2b: Chansey\n|-damage|p2b: Chansey|0 fnt\n|faint|p2b: Chansey\n|-ohko\n|\n|win|mistermoscow\n|l|☆mistermoscow\n|player|p1|\n|j|☆mistermoscow\n|player|p1|mistermoscow|alder|\n","uploadtime":1747172394,"views":"13","formatid":"gen9doublescustomgame","rating":null,"private":0,"password":null}