{"id":"gen9doublescustomgame-2215469864","format":"[Gen 9] Doubles Custom Game","players":["mistermoscow","noli_cannoli10"],"log":"|j|☆mistermoscow\n|j|☆noli_cannoli10\n|t:|1728005802\n|gametype|doubles\n|player|p1|mistermoscow|alder|\n|player|p2|noli_cannoli10|169|\n|teamsize|p1|6\n|teamsize|p2|6\n|gen|9\n|tier|[Gen 9] Doubles Custom Game\n|clearpoke\n|poke|p1|Ninetales-Alola, F|\n|poke|p1|Murkrow, M|\n|poke|p1|Landorus, M|\n|poke|p1|Regieleki|\n|poke|p1|Basculegion, M|\n|poke|p1|Gholdengo|\n|poke|p2|Smeargle, M|\n|poke|p2|Metagross|\n|poke|p2|Volcarona, M|\n|poke|p2|Magearna|\n|poke|p2|Urshifu-*, M|\n|poke|p2|Annihilape, F|\n|teampreview\n|j| je64\n|\n|t:|1728005848\n|start\n|switch|p1a: Princess Buttercup|Ninetales-Alola, F|350/350\n|switch|p1b: Shock|Regieleki|301/301\n|switch|p2a: Usher Foo|Urshifu-Rapid-Strike, M|341/341\n|switch|p2b: Facebook Eww|Metagross|301/301\n|-weather|Snow|[from] ability: Snow Warning|[of] p1a: Princess Buttercup\n|turn|1\n|j| Mango Meloetta\n|\n|t:|1728005915\n|detailschange|p2b: Facebook Eww|Metagross-Mega\n|-mega|p2b: Facebook Eww|Metagross|Metagrossite\n|move|p1a: Princess Buttercup|Protect|p1a: Princess Buttercup\n|-singleturn|p1a: Princess Buttercup|Protect\n|move|p2a: Usher Foo|Aqua Jet|p1b: Shock\n|-damage|p1b: Shock|156/301\n|move|p1b: Shock|Volt Switch|p2a: Usher Foo\n|debug|Transistor boost\n|-supereffective|p2a: Usher Foo\n|-damage|p2a: Usher Foo|0 fnt\n|faint|p2a: Usher Foo\n|\n|t:|1728005938\n|switch|p1b: Goldi|Gholdengo|378/378|[from] Volt Switch\n|move|p2b: Facebook Eww|Zen Headbutt|p1a: Princess Buttercup\n|-activate|p1a: Princess Buttercup|move: Protect\n|\n|-weather|Snow|[upkeep]\n|upkeep\n|\n|t:|1728005948\n|switch|p2a: Butterfree?!|Volcarona, M|374/374\n|turn|2\n|\n|t:|1728005984\n|switch|p2b: smearin' deez|Smeargle, M|314/314\n|switch|p1a: Krowbar|Murkrow, M|261/261\n|move|p2a: Butterfree?!|Heat Wave|p1a: Krowbar|[spread] p1a,p1b\n|debug|Spread modifier: 0.75\n|debug|Spread modifier: 0.75\n|-supereffective|p1b: Goldi\n|-damage|p1a: Krowbar|131/261\n|-damage|p1b: Goldi|154/378\n|move|p1b: Goldi|Nasty Plot|p1b: Goldi\n|-boost|p1b: Goldi|spa|2\n|\n|-weather|Snow|[upkeep]\n|-heal|p1b: Goldi|177/378|[from] item: Leftovers\n|-ability|p2b: smearin' deez|Moody|boost\n|-boost|p2b: smearin' deez|atk|2\n|-unboost|p2b: smearin' deez|spa|1\n|upkeep\n|turn|3\n|\n|t:|1728006013\n|move|p2a: Butterfree?!|Protect|p2a: Butterfree?!\n|-singleturn|p2a: Butterfree?!|Protect\n|move|p1a: Krowbar|Tailwind|p1a: Krowbar\n|-sidestart|p1: mistermoscow|move: Tailwind\n|move|p1b: Goldi|Shadow Ball|p2a: Butterfree?!\n|-activate|p2a: Butterfree?!|move: Protect\n|move|p2b: smearin' deez|Spore|p1b: Goldi\n|-immune|p1b: Goldi|[from] ability: Good as Gold\n|\n|-weather|Snow|[upkeep]\n|-heal|p1b: Goldi|200/378|[from] item: Leftovers\n|-ability|p2b: smearin' deez|Moody|boost\n|-boost|p2b: smearin' deez|spd|2\n|-unboost|p2b: smearin' deez|spe|1\n|upkeep\n|turn|4\n|\n|t:|1728006055\n|move|p2b: smearin' deez|Spiky Shield|p2b: smearin' deez\n|-singleturn|p2b: smearin' deez|move: Protect\n|move|p1a: Krowbar|Rain Dance|p1a: Krowbar\n|-weather|RainDance\n|move|p1b: Goldi|Shadow Ball|p2a: Butterfree?!\n|-damage|p2a: Butterfree?!|74/374\n|move|p2a: Butterfree?!|Quiver Dance|p2a: Butterfree?!\n|-boost|p2a: Butterfree?!|spa|1\n|-boost|p2a: Butterfree?!|spd|1\n|-boost|p2a: Butterfree?!|spe|1\n|\n|-weather|RainDance|[upkeep]\n|-heal|p1b: Goldi|223/378|[from] item: Leftovers\n|-heal|p2a: Butterfree?!|97/374|[from] item: Leftovers\n|-ability|p2b: smearin' deez|Moody|boost\n|-boost|p2b: smearin' deez|spd|2\n|-unboost|p2b: smearin' deez|spe|1\n|upkeep\n|turn|5\n|\n|t:|1728006098\n|switch|p1a: Death Fish|Basculegion, M|381/381\n|move|p2a: Butterfree?!|Protect|p2a: Butterfree?!\n|-singleturn|p2a: Butterfree?!|Protect\n|move|p1b: Goldi|Shadow Ball|p2a: Butterfree?!\n|-activate|p2a: Butterfree?!|move: Protect\n|move|p2b: smearin' deez|Spore|p1a: Death Fish\n|-status|p1a: Death Fish|slp|[from] move: Spore\n|\n|-weather|RainDance|[upkeep]\n|-heal|p1b: Goldi|246/378|[from] item: Leftovers\n|-heal|p2a: Butterfree?!|120/374|[from] item: Leftovers\n|-ability|p2b: smearin' deez|Moody|boost\n|-boost|p2b: smearin' deez|spa|2\n|-unboost|p2b: smearin' deez|def|1\n|upkeep\n|turn|6\n|\n|t:|1728006173\n|cant|p1a: Death Fish|slp\n|move|p1b: Goldi|Shadow Ball|p2a: Butterfree?!\n|-damage|p2a: Butterfree?!|0 fnt\n|faint|p2a: Butterfree?!\n|move|p2b: smearin' deez|Tailwind|p2b: smearin' deez\n|-sidestart|p2: noli_cannoli10|move: Tailwind\n|\n|-weather|RainDance|[upkeep]\n|-heal|p1b: Goldi|269/378|[from] item: Leftovers\n|-sideend|p1: mistermoscow|move: Tailwind\n|-ability|p2b: smearin' deez|Moody|boost\n|-boost|p2b: smearin' deez|spe|2\n|-unboost|p2b: smearin' deez|spd|1\n|upkeep\n|\n|t:|1728006184\n|switch|p2a: Metal Gyatt|Magearna|364/364\n|turn|7\n|\n|t:|1728006207\n|switch|p2b: Facebook Eww|Metagross-Mega|301/301\n|cant|p1a: Death Fish|slp\n|move|p2a: Metal Gyatt|Dazzling Gleam|p1b: Goldi|[spread] p1a,p1b\n|debug|Spread modifier: 0.75\n|debug|Spread modifier: 0.75\n|-resisted|p1b: Goldi\n|-damage|p1a: Death Fish|255/381 slp\n|-damage|p1b: Goldi|215/378\n|move|p1b: Goldi|Shadow Ball|p2a: Metal Gyatt\n|-damage|p2a: Metal Gyatt|105/364\n|\n|-weather|RainDance|[upkeep]\n|-heal|p1b: Goldi|238/378|[from] item: Leftovers\n|upkeep\n|turn|8\n|\n|t:|1728006232\n|-curestatus|p1a: Death Fish|slp|[msg]\n|move|p1a: Death Fish|Protect|p1a: Death Fish\n|-singleturn|p1a: Death Fish|Protect\n|move|p2b: Facebook Eww|Ice Punch|p1b: Goldi\n|-resisted|p1b: Goldi\n|-damage|p1b: Goldi|170/378\n|move|p2a: Metal Gyatt|Dazzling Gleam|p1b: Goldi|[spread] p1b\n|-activate|p1a: Death Fish|move: Protect\n|debug|Spread modifier: 0.75\n|-resisted|p1b: Goldi\n|-damage|p1b: Goldi|118/378\n|move|p1b: Goldi|Shadow Ball|p2a: Metal Gyatt\n|-damage|p2a: Metal Gyatt|0 fnt\n|faint|p2a: Metal Gyatt\n|\n|-weather|none\n|-heal|p1b: Goldi|141/378|[from] item: Leftovers\n|upkeep\n|\n|t:|1728006248\n|switch|p2a: Tickle Me Elmo|Annihilape, F|423/423\n|turn|9\n|\n|t:|1728006364\n|switch|p1a: Krowbar|Murkrow, M|131/261\n|-terastallize|p1b: Goldi|Fairy\n|move|p2b: Facebook Eww|Zen Headbutt|p1b: Goldi\n|-damage|p1b: Goldi|0 fnt\n|faint|p1b: Goldi\n|move|p2a: Tickle Me Elmo|Bulk Up|p2a: Tickle Me Elmo\n|-boost|p2a: Tickle Me Elmo|atk|1\n|-boost|p2a: Tickle Me Elmo|def|1\n|\n|-sideend|p2: noli_cannoli10|move: Tailwind\n|upkeep\n|\n|t:|1728006386\n|switch|p1b: Princess Buttercup|Ninetales-Alola, F|350/350\n|-weather|Snow|[from] ability: Snow Warning|[of] p1b: Princess Buttercup\n|turn|10\n|\n|t:|1728006412\n|move|p1a: Krowbar|Tailwind|p1a: Krowbar\n|-sidestart|p1: mistermoscow|move: Tailwind\n|move|p1b: Princess Buttercup|Aurora Veil|p1b: Princess Buttercup\n|-sidestart|p1: mistermoscow|move: Aurora Veil\n|move|p2b: Facebook Eww|Ice Punch|p1a: Krowbar\n|-supereffective|p1a: Krowbar\n|debug|Aurora Veil weaken\n|-damage|p1a: Krowbar|0 fnt\n|faint|p1a: Krowbar\n|move|p2a: Tickle Me Elmo|Drain Punch|p1b: Princess Buttercup\n|-crit|p1b: Princess Buttercup\n|-damage|p1b: Princess Buttercup|109/350\n|\n|-weather|Snow|[upkeep]\n|upkeep\n|\n|t:|1728006438\n|switch|p1a: God|Landorus, M|319/319\n|turn|11\n|\n|t:|1728006467\n|move|p1b: Princess Buttercup|Helping Hand|p1a: God\n|-singleturn|p1a: God|Helping Hand|[of] p1b: Princess Buttercup\n|move|p1a: God|Sandsear Storm|p2a: Tickle Me Elmo|[spread] p2a\n|-miss|p1a: God|p2b: Facebook Eww\n|debug|Boosting from Helping Hand: 1.5\n|debug|Spread modifier: 0.75\n|-damage|p2a: Tickle Me Elmo|68/423\n|-enditem|p2a: Tickle Me Elmo|Aguav Berry|[eat]\n|-heal|p2a: Tickle Me Elmo|209/423|[from] item: Aguav Berry\n|move|p2b: Facebook Eww|Ice Punch|p1a: God\n|-supereffective|p1a: God\n|debug|Aurora Veil weaken\n|-damage|p1a: God|0 fnt\n|faint|p1a: God\n|move|p2a: Tickle Me Elmo|Drain Punch|p1b: Princess Buttercup\n|debug|Aurora Veil weaken\n|-damage|p1b: Princess Buttercup|0 fnt\n|-heal|p2a: Tickle Me Elmo|264/423|[from] drain|[of] p1b: Princess Buttercup\n|faint|p1b: Princess Buttercup\n|\n|-weather|Snow|[upkeep]\n|upkeep\n|\n|t:|1728006487\n|switch|p1b: Shock|Regieleki|156/301\n|switch|p1a: Death Fish|Basculegion, M|255/381\n|turn|12\n|\n|t:|1728006506\n|move|p1b: Shock|Volt Switch|p2b: Facebook Eww\n|debug|Transistor boost\n|-damage|p2b: Facebook Eww|166/301\n|move|p1a: Death Fish|Last Respects|p2a: Tickle Me Elmo\n|debug|Negating (sp)def boost/penalty.\n|-supereffective|p2a: Tickle Me Elmo\n|-crit|p2a: Tickle Me Elmo\n|-damage|p2a: Tickle Me Elmo|0 fnt\n|faint|p2a: Tickle Me Elmo\n|move|p2b: Facebook Eww|Ice Punch|p1b: Shock\n|debug|Aurora Veil weaken\n|-damage|p1b: Shock|13/301\n|debug|Covert Cloak prevent secondary\n|\n|-weather|Snow|[upkeep]\n|upkeep\n|\n|t:|1728006517\n|switch|p2a: smearin' deez|Smeargle, M|314/314\n|turn|13\n|\n|t:|1728006528\n|move|p2a: smearin' deez|Fake Out|p1b: Shock\n|debug|Aurora Veil weaken\n|-damage|p1b: Shock|0 fnt\n|debug|Covert Cloak prevent secondary\n|faint|p1b: Shock\n|move|p1a: Death Fish|Last Respects|p2b: Facebook Eww\n|-supereffective|p2b: Facebook Eww\n|-damage|p2b: Facebook Eww|0 fnt\n|faint|p2b: Facebook Eww\n|\n|-weather|Snow|[upkeep]\n|-sideend|p1: mistermoscow|move: Tailwind\n|-ability|p2a: smearin' deez|Moody|boost\n|-boost|p2a: smearin' deez|def|2\n|-unboost|p2a: smearin' deez|spe|1\n|upkeep\n|turn|14\n|\n|t:|1728006558\n|move|p2a: smearin' deez|Spiky Shield|p2a: smearin' deez\n|-singleturn|p2a: smearin' deez|move: Protect\n|move|p1a: Death Fish|Aqua Jet|p2a: smearin' deez\n|-activate|p2a: smearin' deez|move: Protect\n|-damage|p1a: Death Fish|208/381|[from] Spiky Shield|[of] p2a: smearin' deez\n|\n|-weather|none\n|-ability|p2a: smearin' deez|Moody|boost\n|-boost|p2a: smearin' deez|spe|2\n|-unboost|p2a: smearin' deez|spa|1\n|upkeep\n|turn|15\n|\n|t:|1728006573\n|move|p1a: Death Fish|Aqua Jet|p2a: smearin' deez\n|-damage|p2a: smearin' deez|208/314\n|move|p2a: smearin' deez|Spore|p1a: Death Fish\n|-status|p1a: Death Fish|slp|[from] move: Spore\n|\n|-ability|p2a: smearin' deez|Moody|boost\n|-boost|p2a: smearin' deez|def|2\n|-unboost|p2a: smearin' deez|atk|1\n|upkeep\n|turn|16\n|\n|t:|1728006584\n|cant|p1a: Death Fish|slp\n|move|p2a: smearin' deez|Tailwind|p2a: smearin' deez\n|-sidestart|p2: noli_cannoli10|move: Tailwind\n|\n|-ability|p2a: smearin' deez|Moody|boost\n|-boost|p2a: smearin' deez|def|2\n|-unboost|p2a: smearin' deez|spe|1\n|upkeep\n|turn|17\n|\n|t:|1728006607\n|move|p2a: smearin' deez|Spiky Shield|p2a: smearin' deez\n|-singleturn|p2a: smearin' deez|move: Protect\n|-curestatus|p1a: Death Fish|slp|[msg]\n|move|p1a: Death Fish|Protect||[still]\n|-fail|p1a: Death Fish\n|\n|-sideend|p1: mistermoscow|move: Aurora Veil\n|-ability|p2a: smearin' deez|Moody|boost\n|-boost|p2a: smearin' deez|spd|2\n|-unboost|p2a: smearin' deez|def|1\n|upkeep\n|turn|18\n|\n|t:|1728006621\n|move|p2a: smearin' deez|Spore|p1a: Death Fish\n|-status|p1a: Death Fish|slp|[from] move: Spore\n|cant|p1a: Death Fish|slp\n|\n|-ability|p2a: smearin' deez|Moody|boost\n|-boost|p2a: smearin' deez|spd|2\n|-unboost|p2a: smearin' deez|spe|1\n|upkeep\n|turn|19\n|j| smokeydabearrr\n|\n|t:|1728006636\n|move|p2a: smearin' deez|Spiky Shield|p2a: smearin' deez\n|-singleturn|p2a: smearin' deez|move: Protect\n|-curestatus|p1a: Death Fish|slp|[msg]\n|move|p1a: Death Fish|Wave Crash|p2a: smearin' deez\n|-activate|p2a: smearin' deez|move: Protect\n|-damage|p1a: Death Fish|161/381|[from] Spiky Shield|[of] p2a: smearin' deez\n|\n|-sideend|p2: noli_cannoli10|move: Tailwind\n|-ability|p2a: smearin' deez|Moody|boost\n|-boost|p2a: smearin' deez|atk|2\n|-unboost|p2a: smearin' deez|spe|1\n|upkeep\n|turn|20\n|\n|t:|1728006651\n|move|p1a: Death Fish|Wave Crash|p2a: smearin' deez\n|-damage|p2a: smearin' deez|26/314\n|-damage|p1a: Death Fish|101/381|[from] Recoil\n|move|p2a: smearin' deez|Spore|p1a: Death Fish\n|-status|p1a: Death Fish|slp|[from] move: Spore\n|\n|-ability|p2a: smearin' deez|Moody|boost\n|-boost|p2a: smearin' deez|def|1\n|-unboost|p2a: smearin' deez|spa|1\n|upkeep\n|turn|21\n|\n|t:|1728006668\n|cant|p1a: Death Fish|slp\n|move|p2a: smearin' deez|Tailwind|p2a: smearin' deez\n|-sidestart|p2: noli_cannoli10|move: Tailwind\n|\n|-ability|p2a: smearin' deez|Moody|boost\n|-boost|p2a: smearin' deez|spd|2\n|-unboost|p2a: smearin' deez|atk|1\n|upkeep\n|turn|22\n|\n|t:|1728006677\n|move|p2a: smearin' deez|Spiky Shield|p2a: smearin' deez\n|-singleturn|p2a: smearin' deez|move: Protect\n|cant|p1a: Death Fish|slp\n|\n|-ability|p2a: smearin' deez|Moody|boost\n|-boost|p2a: smearin' deez|spa|2\n|-unboost|p2a: smearin' deez|spd|1\n|upkeep\n|turn|23\n|\n|t:|1728006692\n|-curestatus|p1a: Death Fish|slp|[msg]\n|move|p1a: Death Fish|Aqua Jet|p2a: smearin' deez\n|-damage|p2a: smearin' deez|0 fnt\n|faint|p2a: smearin' deez\n|\n|win|mistermoscow\n","uploadtime":1728006700,"views":"23","formatid":"gen9doublescustomgame","rating":null,"private":0,"password":null}