{"id":"gen9doublescustomgame-2004200476","format":"[Gen 9] Doubles Custom Game","players":["Mister Moscow","je64"],"log":"|j|☆Mister Moscow\n|j|☆je64\n|t:|1701657262\n|gametype|doubles\n|player|p1|Mister Moscow|alder|\n|player|p2|je64|265|\n|teamsize|p1|6\n|teamsize|p2|6\n|gen|9\n|tier|[Gen 9] Doubles Custom Game\n|clearpoke\n|poke|p1|Sableye, F|\n|poke|p1|Darkrai|\n|poke|p1|Great Tusk|\n|poke|p1|Volcarona, F|\n|poke|p1|Sylveon, M|\n|poke|p1|Ogerpon-Wellspring, F|\n|poke|p2|Dragonite, F|\n|poke|p2|Cresselia, F|\n|poke|p2|Landorus-Therian, M|\n|poke|p2|Incineroar, M|\n|poke|p2|Basculegion, M|\n|poke|p2|Chien-Pao|\n|teampreview\n|j| noli_cannoli10\n|j| smokeydabearrr\n|\n|t:|1701657338\n|start\n|switch|p1a: Sabrina|Sableye, F|304/304\n|switch|p1b: Darren|Darkrai|344/344\n|switch|p2a: Fastpass|Dragonite, F|355/355\n|switch|p2b: Nolan's Bane|Cresselia, F|444/444\n|turn|1\n|\n|t:|1701657424\n|move|p1a: Sabrina|Protect|p1a: Sabrina\n|-singleturn|p1a: Sabrina|Protect\n|move|p1b: Darren|Protect|p1b: Darren\n|-singleturn|p1b: Darren|Protect\n|move|p2a: Fastpass|Dragon Dance|p2a: Fastpass\n|-boost|p2a: Fastpass|atk|1\n|-boost|p2a: Fastpass|spe|1\n|move|p2b: Nolan's Bane|Calm Mind|p2b: Nolan's Bane\n|-boost|p2b: Nolan's Bane|spa|1\n|-boost|p2b: Nolan's Bane|spd|1\n|\n|upkeep\n|turn|2\n|\n|t:|1701657470\n|-terastallize|p1b: Darren|Ghost\n|move|p2a: Fastpass|Extreme Speed|p1b: Darren\n|-immune|p1b: Darren\n|move|p1a: Sabrina|Encore|p2a: Fastpass\n|-start|p2a: Fastpass|Encore\n|move|p1b: Darren|Snarl|p2b: Nolan's Bane|[spread] p2a,p2b\n|debug|Spread modifier: 0.75\n|debug|Multiscale weaken\n|debug|Spread modifier: 0.75\n|-supereffective|p2b: Nolan's Bane\n|-damage|p2a: Fastpass|323/355\n|-damage|p2b: Nolan's Bane|364/444\n|-unboost|p2a: Fastpass|spa|1\n|-unboost|p2b: Nolan's Bane|spa|1\n|move|p2b: Nolan's Bane|Moonblast|p1a: Sabrina\n|-supereffective|p1a: Sabrina\n|-damage|p1a: Sabrina|166/304\n|-unboost|p1a: Sabrina|spa|1\n|\n|-heal|p2b: Nolan's Bane|391/444|[from] item: Leftovers\n|upkeep\n|turn|3\n|\n|t:|1701657536\n|switch|p2a: Lands R' Us|Landorus-Therian, M|382/382\n|-ability|p2a: Lands R' Us|Intimidate|boost\n|-unboost|p1a: Sabrina|atk|1\n|-unboost|p1b: Darren|atk|1\n|move|p1a: Sabrina|Gravity|p1a: Sabrina\n|-fieldstart|move: Gravity\n|move|p1b: Darren|Dark Void|p2b: Nolan's Bane|[spread] p2a,p2b\n|-status|p2a: Lands R' Us|slp|[from] move: Dark Void\n|-status|p2b: Nolan's Bane|slp|[from] move: Dark Void\n|cant|p2b: Nolan's Bane|slp\n|\n|-heal|p2b: Nolan's Bane|418/444 slp|[from] item: Leftovers\n|-damage|p2a: Lands R' Us|335/382 slp|[from] ability: Bad Dreams|[of] p1b: Darren\n|-damage|p2b: Nolan's Bane|363/444 slp|[from] ability: Bad Dreams|[of] p1b: Darren\n|upkeep\n|turn|4\n|\n|t:|1701657571\n|switch|p1a: Pepe Silva|Sylveon, M|331/331\n|move|p1b: Darren|Icy Wind|p2b: Nolan's Bane|[spread] p2a,p2b\n|debug|Spread modifier: 0.75\n|-supereffective|p2a: Lands R' Us\n|debug|Spread modifier: 0.75\n|-damage|p2a: Lands R' Us|151/382 slp\n|-damage|p2b: Nolan's Bane|338/444 slp\n|-unboost|p2a: Lands R' Us|spe|1\n|-unboost|p2b: Nolan's Bane|spe|1\n|-enditem|p2a: Lands R' Us|Sitrus Berry|[eat]\n|-heal|p2a: Lands R' Us|246/382 slp|[from] item: Sitrus Berry\n|cant|p2a: Lands R' Us|slp\n|cant|p2b: Nolan's Bane|slp\n|\n|-heal|p2b: Nolan's Bane|365/444 slp|[from] item: Leftovers\n|-damage|p2a: Lands R' Us|199/382 slp|[from] ability: Bad Dreams|[of] p1b: Darren\n|-damage|p2b: Nolan's Bane|310/444 slp|[from] ability: Bad Dreams|[of] p1b: Darren\n|upkeep\n|turn|5\n|\n|t:|1701657596\n|move|p1b: Darren|Icy Wind|p2a: Lands R' Us|[spread] p2a,p2b\n|debug|Spread modifier: 0.75\n|-supereffective|p2a: Lands R' Us\n|debug|Spread modifier: 0.75\n|-damage|p2a: Lands R' Us|3/382 slp\n|-damage|p2b: Nolan's Bane|286/444 slp\n|-unboost|p2a: Lands R' Us|spe|1\n|-unboost|p2b: Nolan's Bane|spe|1\n|move|p1a: Pepe Silva|Shadow Ball|p2b: Nolan's Bane\n|-supereffective|p2b: Nolan's Bane\n|-damage|p2b: Nolan's Bane|170/444 slp\n|cant|p2a: Lands R' Us|slp\n|-curestatus|p2b: Nolan's Bane|slp|[msg]\n|move|p2b: Nolan's Bane|Lunar Blessing|p2b: Nolan's Bane|[spread] p2a,p2b\n|-heal|p2a: Lands R' Us|98/382 slp\n|-curestatus|p2a: Lands R' Us|slp|[msg]\n|-heal|p2b: Nolan's Bane|281/444\n|\n|-heal|p2b: Nolan's Bane|308/444|[from] item: Leftovers\n|upkeep\n|turn|6\n|\n|t:|1701657624\n|move|p1b: Darren|Snarl|p2b: Nolan's Bane|[spread] p2a,p2b\n|debug|Spread modifier: 0.75\n|debug|Spread modifier: 0.75\n|-supereffective|p2b: Nolan's Bane\n|-damage|p2a: Lands R' Us|37/382\n|-damage|p2b: Nolan's Bane|240/444\n|-unboost|p2a: Lands R' Us|spa|1\n|-unboost|p2b: Nolan's Bane|spa|1\n|move|p1a: Pepe Silva|Hyper Voice|p2b: Nolan's Bane|[spread] p2a,p2b\n|debug|Spread modifier: 0.75\n|debug|Spread modifier: 0.75\n|-damage|p2a: Lands R' Us|0 fnt\n|-damage|p2b: Nolan's Bane|165/444\n|faint|p2a: Lands R' Us\n|move|p2b: Nolan's Bane|Calm Mind|p2b: Nolan's Bane\n|-boost|p2b: Nolan's Bane|spa|1\n|-boost|p2b: Nolan's Bane|spd|1\n|\n|-heal|p2b: Nolan's Bane|192/444|[from] item: Leftovers\n|upkeep\n|\n|t:|1701657642\n|switch|p2a: Fukushima|Basculegion, M|382/382\n|turn|7\n|\n|t:|1701657681\n|move|p2a: Fukushima|Last Respects|p1a: Pepe Silva\n|-damage|p1a: Pepe Silva|91/331\n|move|p1b: Darren|Dark Void|p2b: Nolan's Bane|[spread] p2b\n|-miss|p1b: Darren|p2a: Fukushima\n|-status|p2b: Nolan's Bane|slp|[from] move: Dark Void\n|move|p1a: Pepe Silva|Calm Mind|p1a: Pepe Silva\n|-boost|p1a: Pepe Silva|spa|1\n|-boost|p1a: Pepe Silva|spd|1\n|cant|p2b: Nolan's Bane|slp\n|\n|-heal|p1a: Pepe Silva|111/331|[from] item: Leftovers\n|-heal|p2b: Nolan's Bane|219/444 slp|[from] item: Leftovers\n|-fieldend|move: Gravity\n|-damage|p2b: Nolan's Bane|164/444 slp|[from] ability: Bad Dreams|[of] p1b: Darren\n|upkeep\n|turn|8\n|\n|t:|1701657738\n|move|p1b: Darren|Protect|p1b: Darren\n|-singleturn|p1b: Darren|Protect\n|move|p2a: Fukushima|Last Respects|p1b: Darren\n|-activate|p1b: Darren|move: Protect\n|move|p1a: Pepe Silva|Shadow Ball|p2a: Fukushima\n|-supereffective|p2a: Fukushima\n|-damage|p2a: Fukushima|44/382\n|cant|p2b: Nolan's Bane|slp\n|\n|-heal|p1a: Pepe Silva|131/331|[from] item: Leftovers\n|-heal|p2b: Nolan's Bane|191/444 slp|[from] item: Leftovers\n|-damage|p2b: Nolan's Bane|136/444 slp|[from] ability: Bad Dreams|[of] p1b: Darren\n|upkeep\n|turn|9\n|\n|t:|1701657797\n|switch|p1b: Mothra|Volcarona, F|311/311\n|move|p2a: Fukushima|Last Respects|p1b: Mothra\n|-damage|p1b: Mothra|75/311\n|move|p1a: Pepe Silva|Hyper Voice|p2a: Fukushima|[spread] p2a,p2b\n|debug|Spread modifier: 0.75\n|debug|Spread modifier: 0.75\n|-damage|p2a: Fukushima|0 fnt\n|-damage|p2b: Nolan's Bane|37/444 slp\n|faint|p2a: Fukushima\n|-curestatus|p2b: Nolan's Bane|slp|[msg]\n|move|p2b: Nolan's Bane|Lunar Blessing|p2b: Nolan's Bane\n|-heal|p2b: Nolan's Bane|148/444\n|\n|-heal|p1a: Pepe Silva|151/331|[from] item: Leftovers\n|-heal|p2b: Nolan's Bane|175/444|[from] item: Leftovers\n|upkeep\n|\n|t:|1701657817\n|switch|p2a: Chairman Mao|Incineroar, M|394/394\n|-ability|p2a: Chairman Mao|Intimidate|boost\n|-unboost|p1a: Pepe Silva|atk|1\n|-unboost|p1b: Mothra|atk|1\n|turn|10\n|j| Weedichu\n|c| Weedichu|IS AWN\n|c| Weedichu|MOFFAAKUCKERS\n|\n|t:|1701657840\n|move|p2a: Chairman Mao|Fake Out|p1a: Pepe Silva\n|-damage|p1a: Pepe Silva|105/331\n|move|p1b: Mothra|Quiver Dance|p1b: Mothra\n|-boost|p1b: Mothra|spa|1\n|-boost|p1b: Mothra|spd|1\n|-boost|p1b: Mothra|spe|1\n|cant|p1a: Pepe Silva|flinch\n|move|p2b: Nolan's Bane|Lunar Blessing|p2b: Nolan's Bane|[spread] p2a,p2b\n|-heal|p2b: Nolan's Bane|286/444\n|\n|-heal|p1a: Pepe Silva|125/331|[from] item: Leftovers\n|-heal|p2b: Nolan's Bane|313/444|[from] item: Leftovers\n|upkeep\n|turn|11\n|c| Weedichu|Mothra vs Charman Mao is a trip\n|\n|t:|1701657908\n|-terastallize|p2b: Nolan's Bane|Poison\n|move|p1b: Mothra|Protect|p1b: Mothra\n|-singleturn|p1b: Mothra|Protect\n|move|p1a: Pepe Silva|Protect|p1a: Pepe Silva\n|-singleturn|p1a: Pepe Silva|Protect\n|move|p2a: Chairman Mao|Flare Blitz|p1b: Mothra\n|-activate|p1b: Mothra|move: Protect\n|move|p2b: Nolan's Bane|Calm Mind|p2b: Nolan's Bane\n|-boost|p2b: Nolan's Bane|spa|1\n|-boost|p2b: Nolan's Bane|spd|1\n|\n|-heal|p1a: Pepe Silva|145/331|[from] item: Leftovers\n|-heal|p2b: Nolan's Bane|340/444|[from] item: Leftovers\n|upkeep\n|turn|12\n|\n|t:|1701657937\n|switch|p1a: Raymond|Great Tusk|372/372\n|move|p1b: Mothra|Heat Wave|p2a: Chairman Mao|[spread] p2a,p2b\n|debug|Spread modifier: 0.75\n|-resisted|p2a: Chairman Mao\n|debug|Spread modifier: 0.75\n|-damage|p2a: Chairman Mao|289/394\n|-damage|p2b: Nolan's Bane|267/444\n|debug|Covert Cloak prevent secondary\n|move|p2a: Chairman Mao|Flare Blitz|p1b: Mothra\n|-damage|p1b: Mothra|0 fnt\n|debug|Covert Cloak prevent secondary\n|faint|p1b: Mothra\n|-damage|p2a: Chairman Mao|264/394|[from] Recoil\n|move|p2b: Nolan's Bane|Calm Mind|p2b: Nolan's Bane\n|-boost|p2b: Nolan's Bane|spa|1\n|-boost|p2b: Nolan's Bane|spd|1\n|\n|-heal|p2b: Nolan's Bane|294/444|[from] item: Leftovers\n|upkeep\n|\n|t:|1701657965\n|switch|p1b: Zora|Ogerpon-Wellspring, F|301/301\n|turn|13\n|\n|t:|1701657987\n|switch|p2a: Fastpass|Dragonite, F|323/355\n|move|p1b: Zora|Spiky Shield|p1b: Zora\n|-singleturn|p1b: Zora|move: Protect\n|move|p1a: Raymond|Earthquake|p2b: Nolan's Bane|[spread] \n|-activate|p1b: Zora|move: Protect\n|-immune|p2a: Fastpass\n|-immune|p2b: Nolan's Bane|[from] ability: Levitate\n|move|p2b: Nolan's Bane|Lunar Blessing|p2b: Nolan's Bane|[spread] p2a,p2b\n|-heal|p2a: Fastpass|355/355\n|-heal|p2b: Nolan's Bane|405/444\n|\n|-heal|p2b: Nolan's Bane|432/444|[from] item: Leftovers\n|upkeep\n|turn|14\n|\n|t:|1701658031\n|switch|p2a: Chairman Mao|Incineroar, M|264/394\n|-ability|p2a: Chairman Mao|Intimidate|boost\n|-unboost|p1a: Raymond|atk|1\n|-unboost|p1b: Zora|atk|1\n|-end|p1a: Raymond|Protosynthesis|[silent]\n|switch|p1a: Pepe Silva|Sylveon, M|145/331\n|move|p1b: Zora|Play Rough|p2a: Chairman Mao|[miss]\n|-miss|p1b: Zora|p2a: Chairman Mao\n|move|p2b: Nolan's Bane|Moonblast|p1a: Pepe Silva\n|-damage|p1a: Pepe Silva|47/331\n|\n|-heal|p1a: Pepe Silva|67/331|[from] item: Leftovers\n|-heal|p2b: Nolan's Bane|444/444|[from] item: Leftovers\n|upkeep\n|turn|15\n|\n|t:|1701658065\n|move|p1a: Pepe Silva|Protect|p1a: Pepe Silva\n|-singleturn|p1a: Pepe Silva|Protect\n|move|p2a: Chairman Mao|Fake Out|p1b: Zora\n|-damage|p1b: Zora|248/301\n|cant|p1b: Zora|flinch\n|move|p2b: Nolan's Bane|Calm Mind|p2b: Nolan's Bane\n|-boost|p2b: Nolan's Bane|spa|1\n|-boost|p2b: Nolan's Bane|spd|1\n|\n|-heal|p1a: Pepe Silva|87/331|[from] item: Leftovers\n|upkeep\n|turn|16\n|\n|t:|1701658089\n|switch|p2a: Fastpass|Dragonite, F|355/355\n|move|p1b: Zora|Ivy Cudgel|p2b: Nolan's Bane|[anim] Ivy Cudgel Water\n|-damage|p2b: Nolan's Bane|356/444\n|move|p1a: Pepe Silva|Shadow Ball|p2a: Fastpass\n|debug|Multiscale weaken\n|-damage|p2a: Fastpass|312/355\n|move|p2b: Nolan's Bane|Calm Mind|p2b: Nolan's Bane\n|-boost|p2b: Nolan's Bane|spa|1\n|-boost|p2b: Nolan's Bane|spd|1\n|\n|-heal|p1a: Pepe Silva|107/331|[from] item: Leftovers\n|-heal|p2b: Nolan's Bane|383/444|[from] item: Leftovers\n|upkeep\n|turn|17\n|\n|t:|1701658130\n|switch|p1b: Sabrina|Sableye, F|166/304\n|move|p2a: Fastpass|Dragon Dance|p2a: Fastpass\n|-boost|p2a: Fastpass|atk|1\n|-boost|p2a: Fastpass|spe|1\n|move|p1a: Pepe Silva|Hyper Voice|p2b: Nolan's Bane|[spread] p2a,p2b\n|debug|Spread modifier: 0.75\n|-supereffective|p2a: Fastpass\n|debug|Spread modifier: 0.75\n|-resisted|p2b: Nolan's Bane\n|-damage|p2a: Fastpass|18/355\n|-damage|p2b: Nolan's Bane|370/444\n|move|p2b: Nolan's Bane|Lunar Blessing|p2b: Nolan's Bane|[spread] p2a,p2b\n|-heal|p2a: Fastpass|107/355\n|-heal|p2b: Nolan's Bane|444/444\n|\n|-heal|p1a: Pepe Silva|127/331|[from] item: Leftovers\n|upkeep\n|turn|18\n|\n|t:|1701658157\n|move|p1a: Pepe Silva|Protect|p1a: Pepe Silva\n|-singleturn|p1a: Pepe Silva|Protect\n|move|p1b: Sabrina|Encore|p2a: Fastpass\n|-start|p2a: Fastpass|Encore\n|move|p2a: Fastpass|Dragon Dance|p2a: Fastpass\n|-boost|p2a: Fastpass|atk|1\n|-boost|p2a: Fastpass|spe|1\n|move|p2b: Nolan's Bane|Moonblast|p1b: Sabrina\n|-supereffective|p1b: Sabrina\n|-damage|p1b: Sabrina|0 fnt\n|faint|p1b: Sabrina\n|\n|-heal|p1a: Pepe Silva|147/331|[from] item: Leftovers\n|upkeep\n|\n|t:|1701658178\n|switch|p1b: Darren|Darkrai, tera:Ghost|344/344\n|turn|19\n|\n|t:|1701658197\n|switch|p2a: Chairman Mao|Incineroar, M|264/394\n|-ability|p2a: Chairman Mao|Intimidate|boost\n|-unboost|p1a: Pepe Silva|atk|1\n|-unboost|p1b: Darren|atk|1\n|switch|p1a: Raymond|Great Tusk|372/372\n|move|p1b: Darren|Icy Wind|p2b: Nolan's Bane|[spread] p2a,p2b\n|debug|Spread modifier: 0.75\n|-resisted|p2a: Chairman Mao\n|debug|Spread modifier: 0.75\n|-damage|p2a: Chairman Mao|242/394\n|-damage|p2b: Nolan's Bane|434/444\n|debug|Covert Cloak prevent secondary\n|-unboost|p2b: Nolan's Bane|spe|1\n|move|p2b: Nolan's Bane|Moonblast|p1b: Darren\n|-damage|p1b: Darren|149/344\n|-unboost|p1b: Darren|spa|1\n|\n|-heal|p2b: Nolan's Bane|444/444|[from] item: Leftovers\n|upkeep\n|turn|20\n|\n|t:|1701658316\n|switch|p1b: Zora|Ogerpon-Wellspring, F|248/301\n|-end|p1a: Raymond|Protosynthesis|[silent]\n|switch|p1a: Pepe Silva|Sylveon, M|147/331\n|move|p2a: Chairman Mao|Flare Blitz|p1b: Zora\n|-damage|p1b: Zora|1/301\n|-damage|p2a: Chairman Mao|160/394|[from] Recoil\n|move|p2b: Nolan's Bane|Moonblast|p1a: Pepe Silva\n|-damage|p1a: Pepe Silva|0 fnt\n|faint|p1a: Pepe Silva\n|\n|upkeep\n|\n|t:|1701658339\n|switch|p1a: Raymond|Great Tusk|372/372\n|turn|21\n|\n|t:|1701658370\n|switch|p2a: Fastpass|Dragonite, F|107/355\n|move|p1b: Zora|Play Rough|p2a: Fastpass\n|-supereffective|p2a: Fastpass\n|-damage|p2a: Fastpass|0 fnt\n|faint|p2a: Fastpass\n|move|p1a: Raymond|Iron Head|p2b: Nolan's Bane\n|-damage|p2b: Nolan's Bane|377/444\n|cant|p2b: Nolan's Bane|flinch\n|\n|-heal|p2b: Nolan's Bane|404/444|[from] item: Leftovers\n|upkeep\n|\n|t:|1701658383\n|switch|p2a: Chairman Mao|Incineroar, M|160/394\n|-ability|p2a: Chairman Mao|Intimidate|boost\n|-unboost|p1a: Raymond|atk|1\n|-unboost|p1b: Zora|atk|1\n|turn|22\n|\n|t:|1701658406\n|-end|p1a: Raymond|Protosynthesis|[silent]\n|switch|p1a: Darren|Darkrai, tera:Ghost|149/344\n|move|p1b: Zora|Spiky Shield|p1b: Zora\n|-singleturn|p1b: Zora|move: Protect\n|move|p2a: Chairman Mao|Fake Out|p1b: Zora\n|-activate|p1b: Zora|move: Protect\n|-damage|p2a: Chairman Mao|111/394|[from] Spiky Shield|[of] p1b: Zora\n|move|p2b: Nolan's Bane|Moonblast|p1a: Darren\n|-damage|p1a: Darren|0 fnt\n|faint|p1a: Darren\n|\n|-heal|p2b: Nolan's Bane|431/444|[from] item: Leftovers\n|upkeep\n|\n|t:|1701658418\n|switch|p1a: Raymond|Great Tusk|372/372\n|turn|23\n|c| noli_cannoli10|hi\n|\n|t:|1701658875\n|move|p1b: Zora|Ivy Cudgel|p2a: Chairman Mao|[anim] Ivy Cudgel Water\n|-supereffective|p2a: Chairman Mao\n|-damage|p2a: Chairman Mao|0 fnt\n|faint|p2a: Chairman Mao\n|move|p1a: Raymond|Iron Head|p2b: Nolan's Bane\n|-damage|p2b: Nolan's Bane|357/444\n|move|p2b: Nolan's Bane|Moonblast|p1a: Raymond\n|-supereffective|p1a: Raymond\n|-damage|p1a: Raymond|88/372\n|\n|-heal|p2b: Nolan's Bane|384/444|[from] item: Leftovers\n|upkeep\n|\n|t:|1701658885\n|switch|p2a: Chi-Chi San|Chien-Pao|301/301\n|-ability|p2a: Chi-Chi San|Sword of Ruin\n|turn|24\n|\n|t:|1701658907\n|move|p2a: Chi-Chi San|Protect|p2a: Chi-Chi San\n|-singleturn|p2a: Chi-Chi San|Protect\n|move|p1b: Zora|Spiky Shield|p1b: Zora\n|-singleturn|p1b: Zora|move: Protect\n|move|p1a: Raymond|Close Combat|p2a: Chi-Chi San\n|-activate|p2a: Chi-Chi San|move: Protect\n|move|p2b: Nolan's Bane|Moonblast|p1a: Raymond\n|-supereffective|p1a: Raymond\n|-damage|p1a: Raymond|0 fnt\n|faint|p1a: Raymond\n|-end|p1a: Raymond|Protosynthesis|[silent]\n|\n|-heal|p2b: Nolan's Bane|411/444|[from] item: Leftovers\n|upkeep\n|turn|25\n|\n|t:|1701658936\n|move|p1b: Zora|Spiky Shield||[still]\n|debug|Success chance: 33%\n|-fail|p1b: Zora\n|move|p2a: Chi-Chi San|Ice Spinner|p1b: Zora\n|debug|Sword of Ruin Def drop\n|-damage|p1b: Zora|0 fnt\n|faint|p1b: Zora\n|-damage|p2a: Chi-Chi San|271/301|[from] item: Life Orb\n|\n|win|je64\n","uploadtime":1701658945,"views":"18","formatid":"gen9doublescustomgame","rating":null,"private":0,"password":null}