{"id":"gen9championsdoublescustomgame-2657505591","format":"[Gen 9 Champions] Doubles Custom Game","players":["je64","mattmandaman"],"log":"|j|☆je64\n|j|☆mattmandaman\n|t:|1785464507\n|gametype|doubles\n|player|p1|je64|101|\n|player|p2|mattmandaman|unknown|\n|gen|9\n|tier|[Gen 9 Champions] Doubles Custom Game\n|clearpoke\n|poke|p1|Volcanion, L50|\n|poke|p1|Diancie, L50|\n|poke|p1|Ogerpon-Cornerstone, L50, F|\n|poke|p1|Grimmsnarl, L50, M|\n|poke|p1|Farigiraf, L50|\n|poke|p1|Salamence, L50|\n|poke|p2|Rillaboom, L50|\n|poke|p2|Gothitelle, L50|\n|poke|p2|Zygarde, L50|\n|poke|p2|Entei, L50|\n|poke|p2|Genesect, L50|\n|poke|p2|Comfey, L50|\n|teampreview\n|j| mistermoscow\n|\n|t:|1785464554\n|teamsize|p1|6\n|teamsize|p2|6\n|start\n|switch|p1a: Mancy|Salamence, L50|170/170\n|switch|p1b: It's not a phase!|Grimmsnarl, L50, M|202/202\n|switch|p2a: Genesect|Genesect, L50|146/146\n|switch|p2b: Zygarde|Zygarde, L50|199/199\n|-ability|p2a: Genesect|Download|boost\n|-boost|p2a: Genesect|atk|1\n|-ability|p1a: Mancy|Intimidate|boost\n|-unboost|p2a: Genesect|atk|1\n|-unboost|p2b: Zygarde|atk|1\n|-ability|p2b: Zygarde|Aura Break\n|turn|1\n|\n|t:|1785464613\n|switch|p1a: Poca Roca|Diancie, L50|157/157\n|switch|p2b: Comfey|Comfey, L50|158/158\n|move|p1b: It's not a phase!|Reflect|p1b: It's not a phase!\n|-sidestart|p1: je64|Reflect\n|move|p2a: Genesect|Ice Beam|p1a: Poca Roca\n|-damage|p1a: Poca Roca|129/157\n|\n|upkeep\n|turn|2\n|\n|t:|1785464662\n|switch|p2a: Rillaboom|Rillaboom, L50|207/207\n|-fieldstart|move: Grassy Terrain|[from] ability: Grassy Surge|[of] p2a: Rillaboom\n|move|p1b: It's not a phase!|Light Screen|p1b: It's not a phase!\n|-sidestart|p1: je64|move: Light Screen\n|move|p2b: Comfey|Leech Seed|p1a: Poca Roca\n|-start|p1a: Poca Roca|move: Leech Seed\n|move|p1a: Poca Roca|Diamond Storm|p2a: Rillaboom|[spread] p2a,p2b\n|debug|brightpowder - decreasing accuracy\n|debug|Spread modifier: 0.75\n|debug|Spread modifier: 0.75\n|-damage|p2a: Rillaboom|146/207\n|-damage|p2b: Comfey|107/158\n|-boost|p1a: Poca Roca|def|2\n|\n|-heal|p2b: Comfey|116/158|[from] Grassy Terrain\n|-heal|p2a: Rillaboom|158/207|[from] Grassy Terrain\n|-heal|p1a: Poca Roca|138/157|[from] Grassy Terrain\n|-damage|p1a: Poca Roca|119/157|[from] Leech Seed|[of] p2b: Comfey\n|-heal|p2b: Comfey|135/158|[silent]\n|upkeep\n|turn|3\n|\n|t:|1785464688\n|switch|p1a: Mancy|Salamence, L50|170/170\n|-ability|p1a: Mancy|Intimidate|boost\n|-unboost|p2a: Rillaboom|atk|1\n|-unboost|p2b: Comfey|atk|1\n|move|p2a: Rillaboom|Fake Out|p1b: It's not a phase!\n|debug|Reflect weaken\n|-damage|p1b: It's not a phase!|186/202\n|cant|p1b: It's not a phase!|flinch\n|move|p2b: Comfey|Calm Mind|p2b: Comfey\n|-boost|p2b: Comfey|spa|1\n|-boost|p2b: Comfey|spd|1\n|\n|debug|Pokemon semi-invuln or not grounded; Grassy Terrain skipped\n|-heal|p2b: Comfey|144/158|[from] Grassy Terrain\n|-heal|p2a: Rillaboom|170/207|[from] Grassy Terrain\n|-heal|p1b: It's not a phase!|198/202|[from] Grassy Terrain\n|upkeep\n|turn|4\n|\n|t:|1785464754\n|switch|p2a: Gothitelle|Gothitelle, L50|177/177\n|detailschange|p1a: Mancy|Salamence-Mega, L50\n|-mega|p1a: Mancy|Salamence|Salamencite\n|move|p1b: It's not a phase!|Parting Shot|p2a: Gothitelle\n|-unboost|p2a: Gothitelle|atk|1\n|-unboost|p2a: Gothitelle|spa|1\n|\n|t:|1785464788\n|switch|p1b: Tubular|Volcanion, L50|187/187|[from] Parting Shot\n|move|p1a: Mancy|Return|p2b: Comfey\n|debug|brightpowder - decreasing accuracy\n|-damage|p2b: Comfey|45/158\n|move|p2b: Comfey|Leech Seed|p1a: Mancy\n|-start|p1a: Mancy|move: Leech Seed\n|\n|debug|Pokemon semi-invuln or not grounded; Grassy Terrain skipped\n|-heal|p2b: Comfey|54/158|[from] Grassy Terrain\n|-damage|p1a: Mancy|149/170|[from] Leech Seed|[of] p2b: Comfey\n|-heal|p2b: Comfey|75/158|[silent]\n|upkeep\n|turn|5\n|\n|t:|1785464812\n|move|p2a: Gothitelle|Fake Out|p1a: Mancy\n|debug|Reflect weaken\n|-damage|p1a: Mancy|145/170\n|cant|p1a: Mancy|flinch\n|move|p2b: Comfey|Calm Mind|p2b: Comfey\n|-boost|p2b: Comfey|spa|1\n|-boost|p2b: Comfey|spd|1\n|move|p1b: Tubular|Steam Eruption|p2a: Gothitelle\n|-damage|p2a: Gothitelle|89/177\n|\n|debug|Pokemon semi-invuln or not grounded; Grassy Terrain skipped\n|-heal|p2b: Comfey|84/158|[from] Grassy Terrain\n|-heal|p2a: Gothitelle|100/177|[from] Grassy Terrain\n|-damage|p1a: Mancy|124/170|[from] Leech Seed|[of] p2b: Comfey\n|-heal|p2b: Comfey|105/158|[silent]\n|upkeep\n|turn|6\n|\n|t:|1785464847\n|move|p1a: Mancy|Return|p2b: Comfey\n|debug|brightpowder - decreasing accuracy\n|-damage|p2b: Comfey|5/158\n|move|p2b: Comfey|Leech Seed|p1b: Tubular\n|-start|p1b: Tubular|move: Leech Seed\n|move|p1b: Tubular|Heat Wave|p2b: Comfey|[spread] p2a\n|debug|brightpowder - decreasing accuracy\n|-miss|p1b: Tubular|p2b: Comfey\n|debug|Spread modifier: 0.75\n|-damage|p2a: Gothitelle|43/177\n|-status|p2a: Gothitelle|brn\n|-enditem|p2a: Gothitelle|Sitrus Berry|[eat]\n|-heal|p2a: Gothitelle|87/177 brn|[from] item: Sitrus Berry\n|move|p2a: Gothitelle|Heal Pulse|p2b: Comfey\n|-heal|p2b: Comfey|84/158\n|\n|debug|Pokemon semi-invuln or not grounded; Grassy Terrain skipped\n|-heal|p2b: Comfey|93/158|[from] Grassy Terrain\n|-heal|p2a: Gothitelle|98/177 brn|[from] Grassy Terrain\n|-damage|p1a: Mancy|103/170|[from] Leech Seed|[of] p2b: Comfey\n|-heal|p2b: Comfey|114/158|[silent]\n|-damage|p1b: Tubular|164/187|[from] Leech Seed|[of] p2b: Comfey\n|-heal|p2b: Comfey|137/158|[silent]\n|-damage|p2a: Gothitelle|87/177 brn|[from] brn\n|-fieldend|move: Grassy Terrain\n|upkeep\n|turn|7\n|\n|t:|1785464896\n|move|p2a: Gothitelle|Protect|p2a: Gothitelle\n|-singleturn|p2a: Gothitelle|Protect\n|move|p2b: Comfey|Draining Kiss|p1a: Mancy\n|-supereffective|p1a: Mancy|1\n|debug|Light Screen weaken\n|-damage|p1a: Mancy|10/170\n|-heal|p2b: Comfey|158/158|[from] drain|[of] p1a: Mancy\n|move|p1a: Mancy|Return|p2b: Comfey\n|debug|brightpowder - decreasing accuracy\n|-damage|p2b: Comfey|56/158\n|move|p1b: Tubular|Steam Eruption|p2a: Gothitelle\n|-activate|p2a: Gothitelle|move: Protect\n|\n|-damage|p1a: Mancy|0 fnt|[from] Leech Seed|[of] p2b: Comfey\n|-heal|p2b: Comfey|66/158|[silent]\n|faint|p1a: Mancy\n|-damage|p1b: Tubular|141/187|[from] Leech Seed|[of] p2b: Comfey\n|-heal|p2b: Comfey|89/158|[silent]\n|-damage|p2a: Gothitelle|76/177 brn|[from] brn\n|upkeep\n|\n|t:|1785464921\n|switch|p1a: Hot Shrek|Ogerpon-Cornerstone, L50, F|157/157\n|turn|8\n|\n|t:|1785464966\n|move|p2b: Comfey|Draining Kiss|p1a: Hot Shrek\n|debug|Light Screen weaken\n|-damage|p1a: Hot Shrek|117/157\n|-heal|p2b: Comfey|119/158|[from] drain|[of] p1a: Hot Shrek\n|move|p1a: Hot Shrek|Ivy Cudgel|p2b: Comfey|[anim] Ivy Cudgel Rock|[miss]\n|debug|brightpowder - decreasing accuracy\n|-miss|p1a: Hot Shrek|p2b: Comfey\n|move|p1b: Tubular|Heat Wave|p2b: Comfey|[spread] p2a,p2b\n|debug|brightpowder - decreasing accuracy\n|debug|Spread modifier: 0.75\n|-crit|p2a: Gothitelle\n|debug|Spread modifier: 0.75\n|-damage|p2a: Gothitelle|0 fnt\n|-damage|p2b: Comfey|86/158\n|faint|p2a: Gothitelle\n|\n|-damage|p1b: Tubular|118/187|[from] Leech Seed|[of] p2b: Comfey\n|-heal|p2b: Comfey|109/158|[silent]\n|-sideend|p1: je64|Reflect\n|upkeep\n|\n|t:|1785464997\n|switch|p2a: Zygarde|Zygarde, L50|199/199\n|-ability|p2a: Zygarde|Aura Break\n|turn|9\n|\n|t:|1785465044\n|switch|p1b: It's not a phase!|Grimmsnarl, L50, M|198/202\n|move|p2b: Comfey|Draining Kiss|p1a: Hot Shrek\n|debug|Light Screen weaken\n|-damage|p1a: Hot Shrek|81/157\n|-heal|p2b: Comfey|136/158|[from] drain|[of] p1a: Hot Shrek\n|move|p1a: Hot Shrek|Ivy Cudgel|p2b: Comfey|[anim] Ivy Cudgel Rock\n|debug|brightpowder - decreasing accuracy\n|-damage|p2b: Comfey|43/158\n|move|p2a: Zygarde|Dragon Dance|p2a: Zygarde\n|-boost|p2a: Zygarde|atk|1\n|-boost|p2a: Zygarde|spe|1\n|\n|-sideend|p1: je64|move: Light Screen\n|upkeep\n|turn|10\n|\n|t:|1785465085\n|move|p2b: Comfey|Draining Kiss|p1b: It's not a phase!\n|-supereffective|p1b: It's not a phase!|1\n|-damage|p1b: It's not a phase!|90/202\n|-heal|p2b: Comfey|124/158|[from] drain|[of] p1b: It's not a phase!\n|move|p1b: It's not a phase!|Reflect|p1b: It's not a phase!\n|-sidestart|p1: je64|Reflect\n|move|p2a: Zygarde|Thousand Arrows|p1b: It's not a phase!|[spread] p1a,p1b\n|debug|Spread modifier: 0.75\n|debug|Reflect weaken\n|debug|Spread modifier: 0.75\n|debug|Reflect weaken\n|-damage|p1a: Hot Shrek|18/157\n|-damage|p1b: It's not a phase!|22/202\n|move|p1a: Hot Shrek|Ivy Cudgel|p2b: Comfey|[anim] Ivy Cudgel Rock|[miss]\n|debug|brightpowder - decreasing accuracy\n|-miss|p1a: Hot Shrek|p2b: Comfey\n|\n|upkeep\n|turn|11\n|\n|t:|1785465179\n|move|p1a: Hot Shrek|Spiky Shield|p1a: Hot Shrek\n|-singleturn|p1a: Hot Shrek|move: Protect\n|move|p2b: Comfey|Draining Kiss|p1a: Hot Shrek\n|-activate|p1a: Hot Shrek|move: Protect\n|-damage|p2b: Comfey|105/158|[from] Spiky Shield|[of] p1a: Hot Shrek\n|move|p1b: It's not a phase!|Parting Shot|p2b: Comfey\n|debug|brightpowder - decreasing accuracy\n|-unboost|p2b: Comfey|atk|1\n|-unboost|p2b: Comfey|spa|1\n|\n|t:|1785465190\n|switch|p1b: Poca Roca|Diancie, L50|119/157|[from] Parting Shot\n|move|p2a: Zygarde|Thousand Arrows|p1b: Poca Roca|[spread] p1b\n|-activate|p1a: Hot Shrek|move: Protect\n|debug|Spread modifier: 0.75\n|-supereffective|p1b: Poca Roca|1\n|debug|Reflect weaken\n|-damage|p1b: Poca Roca|42/157\n|-enditem|p1b: Poca Roca|Weakness Policy\n|-boost|p1b: Poca Roca|atk|2|[from] item: Weakness Policy\n|-boost|p1b: Poca Roca|spa|2|[from] item: Weakness Policy\n|\n|upkeep\n|turn|12\n|\n|t:|1785465210\n|switch|p1b: Wemby|Farigiraf, L50|227/227\n|move|p2b: Comfey|Draining Kiss||[still]\n|cant|p1b: Wemby|ability: Armor Tail|Draining Kiss|[of] p2b: Comfey\n|move|p2a: Zygarde|Thousand Arrows|p1b: Wemby|[spread] p1a,p1b\n|debug|Spread modifier: 0.75\n|debug|Reflect weaken\n|debug|Spread modifier: 0.75\n|debug|Reflect weaken\n|-damage|p1a: Hot Shrek|0 fnt\n|-damage|p1b: Wemby|155/227\n|faint|p1a: Hot Shrek\n|\n|upkeep\n|\n|t:|1785465231\n|switch|p1a: Tubular|Volcanion, L50|118/187\n|turn|13\n|\n|t:|1785465246\n|move|p2a: Zygarde|Thousand Arrows|p1b: Wemby|[spread] p1a,p1b\n|debug|Spread modifier: 0.75\n|-supereffective|p1a: Tubular|1\n|debug|Reflect weaken\n|debug|Spread modifier: 0.75\n|-crit|p1b: Wemby\n|-damage|p1a: Tubular|22/187\n|-damage|p1b: Wemby|0 fnt\n|faint|p1b: Wemby\n|move|p2b: Comfey|Leech Seed|p1a: Tubular\n|-start|p1a: Tubular|move: Leech Seed\n|move|p1a: Tubular|Heat Wave|p2b: Comfey|[spread] p2a,p2b\n|debug|brightpowder - decreasing accuracy\n|debug|Spread modifier: 0.75\n|-resisted|p2a: Zygarde|1\n|debug|Spread modifier: 0.75\n|-damage|p2a: Zygarde|165/199\n|-damage|p2b: Comfey|72/158\n|\n|-heal|p2a: Zygarde|177/199|[from] item: Leftovers\n|-damage|p1a: Tubular|0 fnt|[from] Leech Seed|[of] p2b: Comfey\n|-heal|p2b: Comfey|94/158|[silent]\n|faint|p1a: Tubular\n|upkeep\n|\n|t:|1785465261\n|switch|p1a: It's not a phase!|Grimmsnarl, L50, M|22/202\n|switch|p1b: Poca Roca|Diancie, L50|42/157\n|turn|14\n|\n|t:|1785465281\n|move|p2b: Comfey|Draining Kiss|p1a: It's not a phase!\n|-supereffective|p1a: It's not a phase!|1\n|-damage|p1a: It's not a phase!|0 fnt\n|-heal|p2b: Comfey|111/158|[from] drain|[of] p1a: It's not a phase!\n|faint|p1a: It's not a phase!\n|debug|ModifyPriority handler suppressed by Gastro Acid or Neutralizing Gas\n|move|p2a: Zygarde|Thousand Arrows|p1b: Poca Roca\n|-supereffective|p1b: Poca Roca|1\n|debug|Reflect weaken\n|-damage|p1b: Poca Roca|0 fnt\n|faint|p1b: Poca Roca\n|\n|win|mattmandaman\n","uploadtime":1785465292,"views":"17","formatid":"gen9championsdoublescustomgame","rating":null,"private":0,"password":null}