{"id":"gen9doublescustomgame-2127163975","format":"[Gen 9] Doubles Custom Game","players":["Mango Meloetta","smokeydabearrr"],"log":"|j|☆Mango Meloetta\n|j|☆smokeydabearrr\n|t:|1716256016\n|gametype|doubles\n|player|p1|Mango Meloetta|li|\n|player|p2|smokeydabearrr|2|\n|teamsize|p1|6\n|teamsize|p2|6\n|gen|9\n|tier|[Gen 9] Doubles Custom Game\n|clearpoke\n|poke|p1|Lucario, F|\n|poke|p1|Wo-Chien|\n|poke|p1|Chien-Pao|\n|poke|p1|Iron Hands|\n|poke|p1|Genesect|\n|poke|p1|Porygon2|\n|poke|p2|Cresselia, F|\n|poke|p2|Dudunsparce-*, M|\n|poke|p2|Rillaboom, F|\n|poke|p2|Raging Bolt|\n|poke|p2|Charizard, M|\n|poke|p2|Darkrai|\n|teampreview\n|j| mistermoscow\n|\n|t:|1716256060\n|start\n|switch|p1a: Young Jabba|Iron Hands, shiny|511/511\n|switch|p1b: Akbar|Chien-Pao, shiny|301/301\n|switch|p2a: vajayjayyy|Cresselia, F|444/444\n|switch|p2b: Dun Dun DUNNN|Dudunsparce-Three-Segment, M|454/454\n|-ability|p1b: Akbar|Sword of Ruin\n|-enditem|p1a: Young Jabba|Booster Energy\n|-activate|p1a: Young Jabba|ability: Quark Drive|[fromitem]\n|-start|p1a: Young Jabba|quarkdriveatk\n|turn|1\n|\n|t:|1716256081\n|-terastallize|p1b: Akbar|Dark\n|move|p1a: Young Jabba|Fake Out|p2b: Dun Dun DUNNN\n|debug|Quark Drive atk boost\n|debug|Sword of Ruin Def drop\n|-damage|p2b: Dun Dun DUNNN|346/454\n|move|p1b: Akbar|Crunch|p2a: vajayjayyy\n|debug|Sword of Ruin Def drop\n|-supereffective|p2a: vajayjayyy\n|-damage|p2a: vajayjayyy|0 fnt\n|faint|p2a: vajayjayyy\n|cant|p2b: Dun Dun DUNNN|flinch\n|\n|-heal|p2b: Dun Dun DUNNN|374/454|[from] item: Leftovers\n|upkeep\n|\n|t:|1716256095\n|switch|p2a: STILL not a drag|Charizard, M|298/298\n|turn|2\n|\n|t:|1716256113\n|detailschange|p2a: STILL not a drag|Charizard-Mega-Y, M\n|-mega|p2a: STILL not a drag|Charizard|Charizardite Y\n|-weather|SunnyDay|[from] ability: Drought|[of] p2a: STILL not a drag\n|move|p2a: STILL not a drag|Protect|p2a: STILL not a drag\n|-singleturn|p2a: STILL not a drag|Protect\n|move|p1b: Akbar|Crunch|p2a: STILL not a drag\n|-activate|p2a: STILL not a drag|move: Protect\n|debug|doubling secondary chance\n|move|p2b: Dun Dun DUNNN|Poison Jab|p1b: Akbar\n|-crit|p1b: Akbar\n|-damage|p1b: Akbar|151/301\n|move|p1a: Young Jabba|Thunder Punch|p2a: STILL not a drag\n|-activate|p2a: STILL not a drag|move: Protect\n|\n|-weather|SunnyDay|[upkeep]\n|-heal|p2b: Dun Dun DUNNN|402/454|[from] item: Leftovers\n|upkeep\n|turn|3\n|c|☆Mango Meloetta|https://www.youtube.com/watch?v=rJTeVOOFMHM\n|\n|t:|1716256200\n|switch|p2a: GRASS MONKEY|Rillaboom, F|404/404\n|-fieldstart|move: Grassy Terrain|[from] ability: Grassy Surge|[of] p2a: GRASS MONKEY\n|move|p1b: Akbar|Crunch|p2a: GRASS MONKEY\n|debug|Sword of Ruin Def drop\n|-damage|p2a: GRASS MONKEY|60/404\n|debug|doubling secondary chance\n|move|p2b: Dun Dun DUNNN|Poison Jab|p1b: Akbar\n|-damage|p1b: Akbar|52/301\n|move|p1a: Young Jabba|Thunder Punch|p2a: GRASS MONKEY\n|debug|Quark Drive atk boost\n|debug|Sword of Ruin Def drop\n|-resisted|p2a: GRASS MONKEY\n|-damage|p2a: GRASS MONKEY|0 fnt\n|faint|p2a: GRASS MONKEY\n|\n|-weather|SunnyDay|[upkeep]\n|-heal|p1b: Akbar|70/301|[from] Grassy Terrain\n|-heal|p2b: Dun Dun DUNNN|430/454|[from] Grassy Terrain\n|-heal|p2b: Dun Dun DUNNN|454/454|[from] item: Leftovers\n|upkeep\n|\n|t:|1716256242\n|switch|p2a: STILL not a drag|Charizard-Mega-Y, M|298/298\n|turn|4\n|\n|t:|1716256267\n|switch|p1b: BWEEEEP|Porygon2, shiny|374/374\n|-ability|p1b: BWEEEEP|Download|boost\n|-boost|p1b: BWEEEEP|atk|1\n|move|p2a: STILL not a drag|Protect|p2a: STILL not a drag\n|-singleturn|p2a: STILL not a drag|Protect\n|debug|doubling secondary chance\n|move|p2b: Dun Dun DUNNN|Poison Jab|p1b: BWEEEEP\n|-damage|p1b: BWEEEEP|312/374\n|-status|p1b: BWEEEEP|psn\n|move|p1a: Young Jabba|Thunder Punch|p2a: STILL not a drag\n|-activate|p2a: STILL not a drag|move: Protect\n|\n|-weather|SunnyDay|[upkeep]\n|debug|Pokemon semi-invuln or not grounded; Grassy Terrain skipped\n|-heal|p1b: BWEEEEP|335/374 psn|[from] Grassy Terrain\n|-damage|p1b: BWEEEEP|289/374 psn|[from] psn\n|upkeep\n|turn|5\n|\n|t:|1716256321\n|move|p2a: STILL not a drag|Heat Wave|p1a: Young Jabba|[spread] p1a,p1b\n|debug|Spread modifier: 0.75\n|debug|Sunny Day fire boost\n|debug|Spread modifier: 0.75\n|debug|Sunny Day fire boost\n|-damage|p1a: Young Jabba|213/511\n|-damage|p1b: BWEEEEP|187/374 psn\n|move|p1b: BWEEEEP|Reflect|p1b: BWEEEEP\n|-sidestart|p1: Mango Meloetta|Reflect\n|debug|doubling secondary chance\n|move|p2b: Dun Dun DUNNN|Poison Jab|p1a: Young Jabba\n|debug|Reflect weaken\n|-damage|p1a: Young Jabba|155/511\n|move|p1a: Young Jabba|Thunder Punch|p2a: STILL not a drag\n|debug|Quark Drive atk boost\n|-supereffective|p2a: STILL not a drag\n|-damage|p2a: STILL not a drag|0 fnt\n|faint|p2a: STILL not a drag\n|\n|-weather|SunnyDay|[upkeep]\n|-heal|p1b: BWEEEEP|210/374 psn|[from] Grassy Terrain\n|-heal|p1a: Young Jabba|186/511|[from] Grassy Terrain\n|-damage|p1b: BWEEEEP|164/374 psn|[from] psn\n|upkeep\n|\n|t:|1716256339\n|switch|p2a: Dark Cries|Darkrai|281/281\n|turn|6\n|\n|t:|1716256356\n|move|p2a: Dark Cries|Protect|p2a: Dark Cries\n|-singleturn|p2a: Dark Cries|Protect\n|move|p1b: BWEEEEP|Toxic|p2b: Dun Dun DUNNN\n|-status|p2b: Dun Dun DUNNN|tox\n|debug|doubling secondary chance\n|move|p2b: Dun Dun DUNNN|Poison Jab|p1a: Young Jabba\n|debug|Reflect weaken\n|-damage|p1a: Young Jabba|127/511\n|-status|p1a: Young Jabba|psn\n|move|p1a: Young Jabba|Brick Break|p2a: Dark Cries\n|-activate|p2a: Dark Cries|move: Protect\n|\n|-weather|none\n|-heal|p1b: BWEEEEP|187/374 psn|[from] Grassy Terrain\n|-heal|p1a: Young Jabba|158/511 psn|[from] Grassy Terrain\n|-damage|p1b: BWEEEEP|141/374 psn|[from] psn\n|-damage|p2b: Dun Dun DUNNN|426/454 tox|[from] psn\n|-damage|p1a: Young Jabba|95/511 psn|[from] psn\n|upkeep\n|turn|7\n|\n|t:|1716256398\n|move|p2a: Dark Cries|Spacial Rend|p1b: BWEEEEP\n|-damage|p1b: BWEEEEP|74/374 psn\n|move|p1b: BWEEEEP|Icy Wind|p2a: Dark Cries|[spread] p2a,p2b\n|debug|Spread modifier: 0.75\n|debug|Spread modifier: 0.75\n|-damage|p2a: Dark Cries|244/281\n|-damage|p2b: Dun Dun DUNNN|384/454 tox\n|-unboost|p2a: Dark Cries|spe|1\n|-unboost|p2b: Dun Dun DUNNN|spe|1\n|move|p1a: Young Jabba|Brick Break|p2a: Dark Cries\n|debug|Quark Drive atk boost\n|-supereffective|p2a: Dark Cries\n|-damage|p2a: Dark Cries|0 fnt\n|faint|p2a: Dark Cries\n|move|p2b: Dun Dun DUNNN|Hyper Drill|p1a: Young Jabba\n|debug|Reflect weaken\n|-damage|p1a: Young Jabba|0 fnt\n|faint|p1a: Young Jabba\n|-end|p1a: Young Jabba|Quark Drive|[silent]\n|\n|-heal|p1b: BWEEEEP|97/374 psn|[from] Grassy Terrain\n|-heal|p2b: Dun Dun DUNNN|412/454 tox|[from] Grassy Terrain\n|-heal|p2b: Dun Dun DUNNN|440/454 tox|[from] item: Leftovers\n|-damage|p1b: BWEEEEP|51/374 psn|[from] psn\n|-damage|p2b: Dun Dun DUNNN|384/454 tox|[from] psn\n|-fieldend|move: Grassy Terrain\n|upkeep\n|\n|t:|1716256424\n|switch|p2a: Raging B0ner|Raging Bolt|454/454\n|switch|p1a: Akbar|Chien-Pao, shiny, tera:Dark|70/301\n|-ability|p1a: Akbar|Sword of Ruin\n|turn|8\n|\n|t:|1716256444\n|move|p2a: Raging B0ner|Thunderclap|p1a: Akbar\n|-damage|p1a: Akbar|0 fnt\n|faint|p1a: Akbar\n|-damage|p2a: Raging B0ner|409/454|[from] item: Life Orb\n|move|p1b: BWEEEEP|Icy Wind|p2b: Dun Dun DUNNN|[spread] p2a,p2b\n|debug|Spread modifier: 0.75\n|-supereffective|p2a: Raging B0ner\n|debug|Spread modifier: 0.75\n|-crit|p2b: Dun Dun DUNNN\n|-damage|p2a: Raging B0ner|329/454\n|-damage|p2b: Dun Dun DUNNN|317/454 tox\n|-unboost|p2a: Raging B0ner|spe|1\n|-unboost|p2b: Dun Dun DUNNN|spe|1\n|move|p2b: Dun Dun DUNNN|Hyper Drill|p1b: BWEEEEP\n|debug|Reflect weaken\n|-damage|p1b: BWEEEEP|0 fnt\n|faint|p1b: BWEEEEP\n|\n|-heal|p2b: Dun Dun DUNNN|345/454 tox|[from] item: Leftovers\n|-damage|p2b: Dun Dun DUNNN|261/454 tox|[from] psn\n|upkeep\n|\n|t:|1716256474\n|switch|p1a: Jabba|Wo-Chien, shiny|374/374\n|switch|p1b: Luke Skywalker|Lucario, F, shiny|344/344\n|-ability|p1a: Jabba|Tablets of Ruin\n|turn|9\n|\n|t:|1716256508\n|detailschange|p1b: Luke Skywalker|Lucario-Mega, F, shiny\n|-mega|p1b: Luke Skywalker|Lucario|Lucarionite\n|move|p1b: Luke Skywalker|Vacuum Wave|p2a: Raging B0ner\n|-crit|p2a: Raging B0ner\n|-damage|p2a: Raging B0ner|139/454\n|move|p2a: Raging B0ner|Thunderclap||[still]\n|-fail|p2a: Raging B0ner\n|move|p1a: Jabba|Pollen Puff|p2a: Raging B0ner\n|-damage|p2a: Raging B0ner|32/454\n|debug|doubling secondary chance\n|move|p2b: Dun Dun DUNNN|Poison Jab|p1a: Jabba\n|debug|Tablets of Ruin Atk drop\n|-supereffective|p1a: Jabba\n|debug|Reflect weaken\n|-damage|p1a: Jabba|286/374\n|\n|-heal|p1a: Jabba|309/374|[from] item: Leftovers\n|-heal|p2b: Dun Dun DUNNN|289/454 tox|[from] item: Leftovers\n|-damage|p2b: Dun Dun DUNNN|177/454 tox|[from] psn\n|-sideend|p1: Mango Meloetta|Reflect\n|upkeep\n|turn|10\n|\n|t:|1716256552\n|move|p1b: Luke Skywalker|Vacuum Wave|p2a: Raging B0ner\n|-damage|p2a: Raging B0ner|0 fnt\n|faint|p2a: Raging B0ner\n|-end|p2a: Raging B0ner|Protosynthesis|[silent]\n|move|p1a: Jabba|Pollen Puff|p2b: Dun Dun DUNNN\n|-damage|p2b: Dun Dun DUNNN|66/454 tox\n|debug|doubling secondary chance\n|move|p2b: Dun Dun DUNNN|Rock Slide|p1a: Jabba|[spread] p1a,p1b\n|debug|Tablets of Ruin Atk drop\n|debug|Spread modifier: 0.75\n|debug|Tablets of Ruin Atk drop\n|debug|Spread modifier: 0.75\n|-resisted|p1b: Luke Skywalker\n|-damage|p1a: Jabba|266/374\n|-damage|p1b: Luke Skywalker|331/344\n|\n|-heal|p1a: Jabba|289/374|[from] item: Leftovers\n|-heal|p2b: Dun Dun DUNNN|94/454 tox|[from] item: Leftovers\n|-damage|p2b: Dun Dun DUNNN|0 fnt|[from] psn\n|faint|p2b: Dun Dun DUNNN\n|\n|win|Mango Meloetta\n|upkeep\n|c|☆Mango Meloetta|gg\n|c|☆Mango Meloetta|wp\n|l|☆Mango Meloetta\n|player|p1|\n|j|☆Mango Meloetta\n|player|p1|Mango Meloetta|li|\n","uploadtime":1716256566,"views":"35","formatid":"gen9doublescustomgame","rating":null,"private":0,"password":null}