{"id":"gen9doublescustomgame-2133208464","format":"[Gen 9] Doubles Custom Game","players":["je64","noli_cannoli10"],"log":"|j|☆je64\n|j|☆noli_cannoli10\n|t:|1717028663\n|gametype|doubles\n|player|p1|je64|266|\n|player|p2|noli_cannoli10|2|\n|teamsize|p1|6\n|teamsize|p2|6\n|gen|9\n|tier|[Gen 9] Doubles Custom Game\n|clearpoke\n|poke|p1|Entei|\n|poke|p1|Salamence, F|\n|poke|p1|Jirachi|\n|poke|p1|Zeraora|\n|poke|p1|Ursaluna-Bloodmoon, M|\n|poke|p1|Flutter Mane|\n|poke|p2|Smeargle, M|\n|poke|p2|Metagross|\n|poke|p2|Volcarona, F|\n|poke|p2|Magearna|\n|poke|p2|Urshifu-*, F|\n|poke|p2|Annihilape, M|\n|teampreview\n|j| mistermoscow\n|j| smokeydabearrr\n|j| mattmandaman\n|\n|t:|1717028758\n|start\n|switch|p1a: M as in Mancy|Salamence, F|331/331\n|switch|p1b: Agatha|Flutter Mane|284/284\n|switch|p2a: smearin' deez|Smeargle, M|314/314\n|switch|p2b: Usher Foo|Urshifu-Rapid-Strike, F|341/341\n|-ability|p1a: M as in Mancy|Intimidate|boost\n|-unboost|p2a: smearin' deez|atk|1\n|-unboost|p2b: Usher Foo|atk|1\n|-enditem|p1b: Agatha|Booster Energy\n|-activate|p1b: Agatha|ability: Protosynthesis|[fromitem]\n|-start|p1b: Agatha|protosynthesisspe\n|turn|1\n|debug|Protosynthesis spe boost\n|debug|Protosynthesis spe boost\n|\n|t:|1717028792\n|detailschange|p1a: M as in Mancy|Salamence-Mega, F\n|-mega|p1a: M as in Mancy|Salamence|Salamencite\n|debug|Protosynthesis spe boost\n|debug|Protosynthesis spe boost\n|move|p1b: Agatha|Protect|p1b: Agatha\n|-singleturn|p1b: Agatha|Protect\n|debug|Protosynthesis spe boost\n|move|p2b: Usher Foo|U-turn|p1a: M as in Mancy\n|-resisted|p1a: M as in Mancy\n|-damage|p1a: M as in Mancy|304/331\n|debug|Protosynthesis spe boost\n|\n|t:|1717028803\n|switch|p2b: Facebook Eww|Metagross|301/301|[from] U-turn\n|debug|Protosynthesis spe boost\n|move|p1a: M as in Mancy|Hyper Voice|p2b: Facebook Eww|[spread] p2a,p2b\n|debug|Spread modifier: 0.75\n|debug|Spread modifier: 0.75\n|-resisted|p2b: Facebook Eww\n|-damage|p2a: smearin' deez|95/314\n|-damage|p2b: Facebook Eww|238/301\n|debug|Protosynthesis spe boost\n|move|p2a: smearin' deez|Tailwind|p2a: smearin' deez\n|-sidestart|p2: noli_cannoli10|move: Tailwind\n|\n|debug|Protosynthesis spe boost\n|-ability|p2a: smearin' deez|Moody|boost\n|-boost|p2a: smearin' deez|spd|2\n|-unboost|p2a: smearin' deez|atk|1\n|upkeep\n|turn|2\n|debug|Protosynthesis spe boost\n|debug|Protosynthesis spe boost\n|\n|t:|1717028838\n|switch|p2a: Butterfree?!|Volcarona, F|374/374\n|debug|Protosynthesis spe boost\n|debug|Protosynthesis spe boost\n|move|p1b: Agatha|Moonblast|p2a: Butterfree?!\n|-resisted|p2a: Butterfree?!\n|-damage|p2a: Butterfree?!|296/374\n|debug|Protosynthesis spe boost\n|move|p2b: Facebook Eww|Zen Headbutt|p1a: M as in Mancy\n|-damage|p1a: M as in Mancy|171/331\n|debug|Protosynthesis spe boost\n|move|p1a: M as in Mancy|Tailwind|p1a: M as in Mancy\n|-sidestart|p1: je64|move: Tailwind\n|\n|debug|Protosynthesis spe boost\n|-heal|p2a: Butterfree?!|319/374|[from] item: Leftovers\n|upkeep\n|turn|3\n|debug|Protosynthesis spe boost\n|debug|Protosynthesis spe boost\n|\n|t:|1717028869\n|debug|Protosynthesis spe boost\n|debug|Protosynthesis spe boost\n|move|p1b: Agatha|Shadow Ball|p2b: Facebook Eww\n|-supereffective|p2b: Facebook Eww\n|-damage|p2b: Facebook Eww|0 fnt\n|faint|p2b: Facebook Eww\n|debug|Protosynthesis spe boost\n|move|p1a: M as in Mancy|Return|p2a: Butterfree?!\n|-supereffective|p2a: Butterfree?!\n|-damage|p2a: Butterfree?!|0 fnt\n|-status|p1a: M as in Mancy|brn|[from] ability: Flame Body|[of] p2a: Butterfree?!\n|faint|p2a: Butterfree?!\n|debug|Protosynthesis spe boost\n|\n|debug|Protosynthesis spe boost\n|-damage|p1a: M as in Mancy|151/331 brn|[from] brn\n|upkeep\n|debug|Protosynthesis spe boost\n|\n|t:|1717028888\n|switch|p2b: Usher Foo|Urshifu-Rapid-Strike, F|341/341\n|switch|p2a: smearin' deez|Smeargle, M|95/314\n|turn|4\n|debug|Protosynthesis spe boost\n|debug|Protosynthesis spe boost\n|\n|t:|1717028912\n|debug|Protosynthesis spe boost\n|debug|Protosynthesis spe boost\n|move|p2b: Usher Foo|Aqua Jet|p1a: M as in Mancy\n|-resisted|p1a: M as in Mancy\n|-damage|p1a: M as in Mancy|119/331 brn\n|debug|Protosynthesis spe boost\n|debug|Protosynthesis spe boost\n|move|p1b: Agatha|Moonblast|p2b: Usher Foo\n|-supereffective|p2b: Usher Foo\n|-damage|p2b: Usher Foo|0 fnt\n|faint|p2b: Usher Foo\n|debug|Protosynthesis spe boost\n|move|p1a: M as in Mancy|Hyper Voice|p2a: smearin' deez\n|-damage|p2a: smearin' deez|0 fnt\n|faint|p2a: smearin' deez\n|debug|Protosynthesis spe boost\n|\n|debug|Protosynthesis spe boost\n|-damage|p1a: M as in Mancy|99/331 brn|[from] brn\n|-sideend|p2: noli_cannoli10|move: Tailwind\n|upkeep\n|debug|Protosynthesis spe boost\n|\n|t:|1717028927\n|switch|p2b: Tickle Me Elmo|Annihilape, M|423/423\n|switch|p2a: Metal Gyatt|Magearna|364/364\n|turn|5\n|debug|Protosynthesis spe boost\n|debug|Protosynthesis spe boost\n|\n|t:|1717028960\n|switch|p1a: Steve Stolen Star|Jirachi|404/404\n|-terastallize|p2b: Tickle Me Elmo|Fire\n|debug|Protosynthesis spe boost\n|debug|Protosynthesis spe boost\n|move|p1b: Agatha|Shadow Ball|p2b: Tickle Me Elmo\n|-damage|p2b: Tickle Me Elmo|251/423\n|debug|Protosynthesis spe boost\n|move|p2b: Tickle Me Elmo|Rage Fist|p1b: Agatha\n|-supereffective|p1b: Agatha\n|-crit|p1b: Agatha\n|-damage|p1b: Agatha|0 fnt\n|faint|p1b: Agatha\n|-ability|p2a: Metal Gyatt|Soul-Heart|boost\n|-boost|p2a: Metal Gyatt|spa|1\n|-end|p1b: Agatha|Protosynthesis|[silent]\n|move|p2a: Metal Gyatt|Dazzling Gleam|p1a: Steve Stolen Star\n|-resisted|p1a: Steve Stolen Star\n|-damage|p1a: Steve Stolen Star|294/404\n|\n|-sideend|p1: je64|move: Tailwind\n|upkeep\n|\n|t:|1717028986\n|switch|p1b: Yāoguài 妖怪|Ursaluna-Bloodmoon, M|430/430\n|turn|6\n|\n|t:|1717028999\n|move|p1b: Yāoguài 妖怪|Protect|p1b: Yāoguài 妖怪\n|-singleturn|p1b: Yāoguài 妖怪|Protect\n|move|p2b: Tickle Me Elmo|Rage Fist|p1b: Yāoguài 妖怪\n|-activate|p1b: Yāoguài 妖怪|move: Protect\n|move|p1a: Steve Stolen Star|Thunder Wave|p2a: Metal Gyatt|[miss]\n|-miss|p1a: Steve Stolen Star|p2a: Metal Gyatt\n|move|p2a: Metal Gyatt|Dazzling Gleam|p1b: Yāoguài 妖怪|[spread] p1a\n|-activate|p1b: Yāoguài 妖怪|move: Protect\n|debug|Spread modifier: 0.75\n|-resisted|p1a: Steve Stolen Star\n|-damage|p1a: Steve Stolen Star|212/404\n|\n|upkeep\n|turn|7\n|\n|t:|1717029051\n|move|p2b: Tickle Me Elmo|Rage Fist|p1b: Yāoguài 妖怪\n|-immune|p1b: Yāoguài 妖怪\n|debug|doubling secondary chance\n|move|p1a: Steve Stolen Star|Iron Head|p2a: Metal Gyatt\n|-crit|p2a: Metal Gyatt\n|-damage|p2a: Metal Gyatt|237/364\n|move|p2a: Metal Gyatt|Flash Cannon|p1a: Steve Stolen Star\n|-resisted|p1a: Steve Stolen Star\n|-crit|p1a: Steve Stolen Star\n|-damage|p1a: Steve Stolen Star|50/404\n|-enditem|p1a: Steve Stolen Star|Sitrus Berry|[eat]\n|-heal|p1a: Steve Stolen Star|151/404|[from] item: Sitrus Berry\n|move|p1b: Yāoguài 妖怪|Earth Power|p2a: Metal Gyatt\n|-supereffective|p2a: Metal Gyatt\n|-damage|p2a: Metal Gyatt|0 fnt\n|faint|p2a: Metal Gyatt\n|\n|upkeep\n|turn|8\n|\n|t:|1717029077\n|move|p2b: Tickle Me Elmo|Rage Fist|p1a: Steve Stolen Star\n|-supereffective|p1a: Steve Stolen Star\n|-damage|p1a: Steve Stolen Star|0 fnt\n|faint|p1a: Steve Stolen Star\n|move|p1b: Yāoguài 妖怪|Earth Power|p2b: Tickle Me Elmo\n|-supereffective|p2b: Tickle Me Elmo\n|-crit|p2b: Tickle Me Elmo\n|-damage|p2b: Tickle Me Elmo|0 fnt\n|faint|p2b: Tickle Me Elmo\n|\n|win|je64\n","uploadtime":1717029088,"views":"14","formatid":"gen9doublescustomgame","rating":null,"private":0,"password":null}