{"id":"gen9doublescustomgame-2388837276","format":"[Gen 9] Doubles Custom Game","players":["mistermoscow","je64"],"log":"|j|☆mistermoscow\n|j|☆je64\n|t:|1750474255\n|gametype|doubles\n|player|p1|mistermoscow|alder|\n|player|p2|je64|170|\n|teamsize|p1|6\n|teamsize|p2|6\n|gen|9\n|tier|[Gen 9] Doubles Custom Game\n|clearpoke\n|poke|p1|Clefairy, M|\n|poke|p1|Dugtrio, M|\n|poke|p1|Primeape, M|\n|poke|p1|Dewgong, M|\n|poke|p1|Jolteon, M|\n|poke|p1|Dragonite, M|\n|poke|p2|Kadabra|\n|poke|p2|Gengar|\n|poke|p2|Chansey, F|\n|poke|p2|Electabuzz|\n|poke|p2|Articuno|\n|poke|p2|Hitmonchan, M|\n|teampreview\n|\n|t:|1750474289\n|start\n|switch|p1a: Cliffoord|Clefairy, M|281/281\n|switch|p1b: Dewey|Dewgong, M|384/384\n|switch|p2a: Articu-no-hit-me|Articuno|384/384\n|switch|p2b: Jackie|Hitmonchan, M|242/242\n|turn|1\n|\n|t:|1750474321\n|move|p2b: Jackie|Fake Out|p1a: Cliffoord\n|-damage|p1a: Cliffoord|246/281\n|move|p2a: Articu-no-hit-me|Snowscape|p2a: Articu-no-hit-me\n|-weather|Snowscape\n|move|p1b: Dewey|Knock Off|p2a: Articu-no-hit-me|[miss]\n|debug|Snow Cloak - decreasing accuracy\n|-miss|p1b: Dewey|p2a: Articu-no-hit-me\n|cant|p1a: Cliffoord|flinch\n|\n|-weather|Snowscape|[upkeep]\n|upkeep\n|turn|2\n|j| Mattmandaman\n|\n|t:|1750474396\n|switch|p1b: Sparky|Jolteon, M|272/272\n|move|p2b: Jackie|Poison Jab|p1a: Cliffoord\n|-supereffective|p1a: Cliffoord\n|-damage|p1a: Cliffoord|108/281\n|move|p2a: Articu-no-hit-me|Aurora Veil|p2a: Articu-no-hit-me\n|-sidestart|p2: je64|move: Aurora Veil\n|move|p1a: Cliffoord|Minimize|p1a: Cliffoord\n|-boost|p1a: Cliffoord|evasion|2\n|\n|-weather|Snowscape|[upkeep]\n|upkeep\n|turn|3\n|\n|t:|1750474428\n|switch|p2a: Joys hot assistnt|Chansey, F|704/704\n|move|p1b: Sparky|Reflect|p1b: Sparky\n|-sidestart|p1: mistermoscow|Reflect\n|move|p2b: Jackie|Poison Jab|p1a: Cliffoord|[miss]\n|-miss|p2b: Jackie|p1a: Cliffoord\n|move|p1a: Cliffoord|Cosmic Power|p1a: Cliffoord\n|-boost|p1a: Cliffoord|def|1\n|-boost|p1a: Cliffoord|spd|1\n|\n|-weather|Snowscape|[upkeep]\n|upkeep\n|turn|4\n|\n|t:|1750474460\n|switch|p1b: Dewey|Dewgong, M|384/384\n|move|p2b: Jackie|Poison Jab|p1a: Cliffoord\n|-supereffective|p1a: Cliffoord\n|debug|Reflect weaken\n|-damage|p1a: Cliffoord|49/281\n|-status|p1a: Cliffoord|psn\n|move|p2a: Joys hot assistnt|Seismic Toss|p1a: Cliffoord\n|-damage|p1a: Cliffoord|0 fnt\n|faint|p1a: Cliffoord\n|\n|-weather|Snowscape|[upkeep]\n|upkeep\n|\n|t:|1750474490\n|switch|p1a: Apollo|Primeape, M|272/272\n|turn|5\n|\n|t:|1750474519\n|switch|p2b: K.Dot|Kadabra|221/221\n|switch|p2a: Articu-no-hit-me|Articuno|384/384\n|move|p1b: Dewey|Fake Out|p2b: K.Dot\n|debug|Aurora Veil weaken\n|-damage|p2b: K.Dot|168/221\n|move|p1a: Apollo|Drain Punch|p2a: Articu-no-hit-me|[miss]\n|debug|Snow Cloak - decreasing accuracy\n|-miss|p1a: Apollo|p2a: Articu-no-hit-me\n|\n|-weather|none\n|upkeep\n|turn|6\n|\n|t:|1750474543\n|switch|p1a: Puff Daddy|Dragonite, M|386/386\n|move|p2b: K.Dot|Psychic|p1a: Puff Daddy\n|-damage|p1a: Puff Daddy|221/386\n|move|p2a: Articu-no-hit-me|Snowscape|p2a: Articu-no-hit-me\n|-weather|Snowscape\n|move|p1b: Dewey|Knock Off|p2b: K.Dot\n|-supereffective|p2b: K.Dot\n|debug|Aurora Veil weaken\n|-damage|p2b: K.Dot|0 fnt\n|-enditem|p2b: K.Dot|Focus Sash|[from] move: Knock Off|[of] p1b: Dewey\n|faint|p2b: K.Dot\n|\n|-weather|Snowscape|[upkeep]\n|-sideend|p2: je64|move: Aurora Veil\n|upkeep\n|\n|t:|1750474565\n|switch|p2b: Frank the Tank|Electabuzz|334/334\n|turn|7\n|\n|t:|1750474584\n|move|p2b: Frank the Tank|Follow Me|p2b: Frank the Tank\n|-singleturn|p2b: Frank the Tank|move: Follow Me\n|move|p2a: Articu-no-hit-me|Ice Beam|p1a: Puff Daddy\n|-supereffective|p1a: Puff Daddy\n|-damage|p1a: Puff Daddy|0 fnt\n|debug|move failed because it did nothing\n|faint|p1a: Puff Daddy\n|move|p1b: Dewey|Knock Off|p2b: Frank the Tank\n|debug|Follow Me redirected target of move\n|-damage|p2b: Frank the Tank|274/334\n|-enditem|p2b: Frank the Tank|Eviolite|[from] move: Knock Off|[of] p1b: Dewey\n|\n|-weather|Snowscape|[upkeep]\n|upkeep\n|\n|t:|1750474602\n|switch|p1a: Douggie|Dugtrio, M|212/212\n|turn|8\n|\n|t:|1750474619\n|switch|p2a: Jackie|Hitmonchan, M|242/242\n|switch|p1b: Sparky|Jolteon, M|272/272\n|move|p1a: Douggie|Rock Slide|p2a: Jackie|[spread] p2a,p2b\n|debug|Spread modifier: 0.75\n|-resisted|p2a: Jackie\n|debug|Spread modifier: 0.75\n|-damage|p2a: Jackie|208/242\n|-damage|p2b: Frank the Tank|213/334\n|move|p2b: Frank the Tank|Volt Switch|p1b: Sparky\n|-immune|p1b: Sparky|[from] ability: Volt Absorb\n|\n|-weather|Snowscape|[upkeep]\n|upkeep\n|turn|9\n|\n|t:|1750474649\n|switch|p1a: Apollo|Primeape, M|272/272\n|move|p1b: Sparky|Electroweb|p2a: Jackie|[spread] p2a,p2b\n|debug|Spread modifier: 0.75\n|debug|Spread modifier: 0.75\n|-resisted|p2b: Frank the Tank\n|-damage|p2a: Jackie|150/242\n|-damage|p2b: Frank the Tank|178/334\n|-unboost|p2a: Jackie|spe|1\n|-unboost|p2b: Frank the Tank|spe|1\n|move|p2a: Jackie|Ice Punch|p1a: Apollo\n|debug|Iron Fist boost\n|debug|Punching Glove boost\n|debug|Reflect weaken\n|-damage|p1a: Apollo|219/272\n|move|p2b: Frank the Tank|Light Screen|p2b: Frank the Tank\n|-sidestart|p2: je64|move: Light Screen\n|\n|-weather|Snowscape|[upkeep]\n|upkeep\n|turn|10\n|l| Mattmandaman\n|\n|t:|1750474720\n|switch|p1b: Dewey|Dewgong, M|384/384\n|move|p2b: Frank the Tank|Follow Me|p2b: Frank the Tank\n|-singleturn|p2b: Frank the Tank|move: Follow Me\n|move|p1a: Apollo|Drain Punch|p2b: Frank the Tank\n|debug|Follow Me redirected target of move\n|-damage|p2b: Frank the Tank|79/334\n|-heal|p1a: Apollo|269/272|[from] drain|[of] p2b: Frank the Tank\n|move|p2a: Jackie|Drain Punch|p1b: Dewey\n|debug|Iron Fist boost\n|debug|Punching Glove boost\n|-supereffective|p1b: Dewey\n|-crit|p1b: Dewey\n|-damage|p1b: Dewey|0 fnt\n|-heal|p2a: Jackie|242/242|[from] drain|[of] p1b: Dewey\n|faint|p1b: Dewey\n|\n|-weather|none\n|-sideend|p1: mistermoscow|Reflect\n|upkeep\n|j| Mattmandaman\n|\n|t:|1750474750\n|switch|p1b: Douggie|Dugtrio, M|212/212\n|turn|11\n|\n|t:|1750474796\n|move|p2b: Frank the Tank|Follow Me|p2b: Frank the Tank\n|-singleturn|p2b: Frank the Tank|move: Follow Me\n|move|p1b: Douggie|High Horsepower|p2b: Frank the Tank\n|debug|Follow Me redirected target of move\n|-supereffective|p2b: Frank the Tank\n|-damage|p2b: Frank the Tank|0 fnt\n|faint|p2b: Frank the Tank\n|move|p1a: Apollo|Rage Fist|p2a: Jackie\n|-damage|p2a: Jackie|129/242\n|move|p2a: Jackie|Ice Punch|p1b: Douggie\n|debug|Iron Fist boost\n|debug|Punching Glove boost\n|-supereffective|p1b: Douggie\n|-enditem|p1b: Douggie|Focus Sash\n|-damage|p1b: Douggie|1/212\n|\n|upkeep\n|\n|t:|1750474812\n|switch|p2b: Articu-no-hit-me|Articuno|384/384\n|turn|12\n|\n|t:|1750474878\n|switch|p1a: Sparky|Jolteon, M|272/272\n|switch|p2b: Joys hot assistnt|Chansey, F|704/704\n|move|p1b: Douggie|Endeavor|p2b: Joys hot assistnt\n|-damage|p2b: Joys hot assistnt|1/704\n|move|p2a: Jackie|Drain Punch|p1b: Douggie\n|debug|Iron Fist boost\n|debug|Punching Glove boost\n|-damage|p1b: Douggie|0 fnt\n|-heal|p2a: Jackie|130/242|[from] drain|[of] p1b: Douggie\n|faint|p1b: Douggie\n|\n|upkeep\n|\n|t:|1750474891\n|switch|p1b: Apollo|Primeape, M|269/272\n|turn|13\n|\n|t:|1750474913\n|move|p1a: Sparky|Electroweb|p2b: Joys hot assistnt|[spread] p2a,p2b\n|debug|Spread modifier: 0.75\n|debug|Light Screen weaken\n|debug|Spread modifier: 0.75\n|debug|Light Screen weaken\n|-damage|p2a: Jackie|89/242\n|-damage|p2b: Joys hot assistnt|0 fnt\n|-unboost|p2a: Jackie|spe|1\n|faint|p2b: Joys hot assistnt\n|move|p1b: Apollo|Rage Fist|p2a: Jackie\n|-damage|p2a: Jackie|0 fnt\n|faint|p2a: Jackie\n|\n|-sideend|p2: je64|move: Light Screen\n|upkeep\n|\n|t:|1750474922\n|switch|p2a: Articu-no-hit-me|Articuno|384/384\n|switch|p2b: Stranger|Gengar|262/262\n|turn|14\n|\n|t:|1750474953\n|move|p2b: Stranger|Psychic|p1b: Apollo\n|-supereffective|p1b: Apollo\n|-damage|p1b: Apollo|115/272\n|-unboost|p1b: Apollo|spd|1\n|move|p1a: Sparky|Electroweb|p2a: Articu-no-hit-me|[spread] p2a,p2b\n|debug|Spread modifier: 0.75\n|-supereffective|p2a: Articu-no-hit-me\n|debug|Spread modifier: 0.75\n|-damage|p2a: Articu-no-hit-me|306/384\n|-damage|p2b: Stranger|186/262\n|-unboost|p2a: Articu-no-hit-me|spe|1\n|-unboost|p2b: Stranger|spe|1\n|-start|p1a: Sparky|Disable|Electroweb|[from] ability: Cursed Body|[of] p2b: Stranger\n|move|p1b: Apollo|Rage Fist|p2a: Articu-no-hit-me\n|-damage|p2a: Articu-no-hit-me|182/384\n|move|p2a: Articu-no-hit-me|Snowscape|p2a: Articu-no-hit-me\n|-weather|Snowscape\n|\n|-weather|Snowscape|[upkeep]\n|-heal|p2a: Articu-no-hit-me|206/384|[from] item: Leftovers\n|upkeep\n|turn|15\n|\n|t:|1750474990\n|move|p1a: Sparky|Light Screen|p1a: Sparky\n|-sidestart|p1: mistermoscow|move: Light Screen\n|move|p2b: Stranger|Psychic|p1b: Apollo\n|-supereffective|p1b: Apollo\n|debug|Light Screen weaken\n|-damage|p1b: Apollo|0 fnt\n|faint|p1b: Apollo\n|move|p2a: Articu-no-hit-me|Aurora Veil|p2a: Articu-no-hit-me\n|-sidestart|p2: je64|move: Aurora Veil\n|\n|-weather|Snowscape|[upkeep]\n|-heal|p2a: Articu-no-hit-me|230/384|[from] item: Leftovers\n|upkeep\n|turn|16\n|\n|t:|1750475036\n|move|p1a: Sparky|Thunder|p2a: Articu-no-hit-me|[miss]\n|debug|Snow Cloak - decreasing accuracy\n|-miss|p1a: Sparky|p2a: Articu-no-hit-me\n|move|p2b: Stranger|Psychic|p1a: Sparky\n|debug|Light Screen weaken\n|-damage|p1a: Sparky|191/272\n|move|p2a: Articu-no-hit-me|Ice Beam|p1a: Sparky\n|debug|Light Screen weaken\n|-damage|p1a: Sparky|125/272\n|\n|-weather|Snowscape|[upkeep]\n|-heal|p2a: Articu-no-hit-me|254/384|[from] item: Leftovers\n|upkeep\n|turn|17\n|\n|t:|1750475051\n|move|p1a: Sparky|Thunder|p2b: Stranger\n|debug|Aurora Veil weaken\n|-damage|p2b: Stranger|30/262\n|-status|p2b: Stranger|par\n|move|p2b: Stranger|Psychic|p1a: Sparky\n|debug|Light Screen weaken\n|-damage|p1a: Sparky|42/272\n|-unboost|p1a: Sparky|spd|1\n|move|p2a: Articu-no-hit-me|Sheer Cold|p1a: Sparky|[miss]\n|-miss|p2a: Articu-no-hit-me|p1a: Sparky\n|\n|-weather|Snowscape|[upkeep]\n|-heal|p2a: Articu-no-hit-me|278/384|[from] item: Leftovers\n|-end|p1a: Sparky|Disable\n|upkeep\n|turn|18\n|\n|t:|1750475066\n|move|p1a: Sparky|Electroweb|p2a: Articu-no-hit-me|[spread] p2a,p2b\n|debug|Snow Cloak - decreasing accuracy\n|debug|Spread modifier: 0.75\n|-supereffective|p2a: Articu-no-hit-me\n|debug|Aurora Veil weaken\n|debug|Spread modifier: 0.75\n|debug|Aurora Veil weaken\n|-damage|p2a: Articu-no-hit-me|225/384\n|-damage|p2b: Stranger|0 fnt\n|-unboost|p2a: Articu-no-hit-me|spe|1\n|-start|p1a: Sparky|Disable|Electroweb|[from] ability: Cursed Body|[of] p2b: Stranger\n|faint|p2b: Stranger\n|move|p2a: Articu-no-hit-me|Ice Beam|p1a: Sparky\n|debug|Light Screen weaken\n|-damage|p1a: Sparky|0 fnt\n|faint|p1a: Sparky\n|\n|win|je64\n","uploadtime":1750475081,"views":"10","formatid":"gen9doublescustomgame","rating":null,"private":0,"password":null}