{"id":"gen9doublescustomgame-2078061603","format":"[Gen 9] Doubles Custom Game","players":["mistermoscow","Mango Meloetta"],"log":"|j|☆mistermoscow\n|j|☆Mango Meloetta\n|t:|1710109374\n|gametype|doubles\n|player|p1|mistermoscow|170|\n|player|p2|Mango Meloetta|li|\n|teamsize|p1|6\n|teamsize|p2|6\n|gen|9\n|tier|[Gen 9] Doubles Custom Game\n|clearpoke\n|poke|p1|Archaludon, M|\n|poke|p1|Landorus, M|\n|poke|p1|Iron Bundle|\n|poke|p1|Tapu Koko|\n|poke|p1|Chi-Yu|\n|poke|p1|Pelipper, M|\n|poke|p2|Zygarde|\n|poke|p2|Pawmot, M|\n|poke|p2|Gengar, M|\n|poke|p2|Porygon2|\n|poke|p2|Ferrothorn, F|\n|poke|p2|Chien-Pao|\n|teampreview\n|j| mattmandaman\n|j| je64\n|\n|t:|1710109591\n|start\n|switch|p1a: Jonathan|Pelipper, M|301/301\n|switch|p1b: Archie|Archaludon, M|384/384\n|switch|p2a: Filter|Porygon2, shiny|374/374\n|switch|p2b: Roller|Pawmot, M, shiny|281/281\n|-weather|RainDance|[from] ability: Drizzle|[of] p1a: Jonathan\n|-ability|p2a: Filter|Stamina|[from] ability: Trace|[of] p1b: Archie\n|turn|1\n|\n|t:|1710109678\n|move|p2b: Roller|Fake Out|p1b: Archie\n|-resisted|p1b: Archie\n|-damage|p1b: Archie|366/384\n|-ability|p1b: Archie|Stamina|boost\n|-boost|p1b: Archie|def|1\n|move|p1a: Jonathan|Tailwind|p1a: Jonathan\n|-sidestart|p1: mistermoscow|move: Tailwind\n|cant|p1b: Archie|flinch\n|move|p2a: Filter|Thunderbolt|p1a: Jonathan\n|-supereffective|p1a: Jonathan\n|-damage|p1a: Jonathan|13/301\n|\n|-weather|RainDance|[upkeep]\n|upkeep\n|turn|2\n|\n|t:|1710109857\n|switch|p1a: Static|Tapu Koko|281/281\n|-fieldstart|move: Electric Terrain|[from] ability: Electric Surge|[of] p1a: Static\n|switch|p2b: Bud|Ferrothorn, F, shiny|351/351\n|move|p1b: Archie|Electro Shot||[still]\n|-prepare|p1b: Archie|Electro Shot\n|-boost|p1b: Archie|spa|1\n|-anim|p1b: Archie|Electro Shot|p2a: Filter\n|debug|electric terrain boost\n|-damage|p2a: Filter|251/374\n|-ability|p2a: Filter|Stamina|boost\n|-boost|p2a: Filter|def|1\n|move|p2a: Filter|Ice Beam|p1a: Static\n|-damage|p1a: Static|194/281\n|\n|-weather|RainDance|[upkeep]\n|upkeep\n|turn|3\n|\n|t:|1710109900\n|move|p1a: Static|Taunt|p2b: Bud\n|-start|p2b: Bud|move: Taunt\n|move|p1b: Archie|Body Press|p2a: Filter\n|-supereffective|p2a: Filter\n|-damage|p2a: Filter|139/374\n|-ability|p2a: Filter|Stamina|boost\n|-boost|p2a: Filter|def|1\n|move|p2a: Filter|Thunder Wave|p1b: Archie\n|-status|p1b: Archie|par\n|cant|p2b: Bud|move: Taunt|Leech Seed\n|\n|-weather|RainDance|[upkeep]\n|upkeep\n|turn|4\n|\n|t:|1710109942\n|switch|p1a: Poot|Chi-Yu|252/252\n|-ability|p1a: Poot|Beads of Ruin\n|move|p1b: Archie|Electro Shot||[still]\n|-prepare|p1b: Archie|Electro Shot\n|-boost|p1b: Archie|spa|1\n|-anim|p1b: Archie|Electro Shot|p2a: Filter\n|debug|electric terrain boost\n|debug|Beads of Ruin SpD drop\n|-damage|p2a: Filter|0 fnt\n|faint|p2a: Filter\n|move|p2b: Bud|Gyro Ball|p1a: Poot\n|debug|BP: 150\n|-resisted|p1a: Poot\n|-damage|p1a: Poot|144/252\n|\n|-weather|RainDance|[upkeep]\n|-sideend|p1: mistermoscow|move: Tailwind\n|upkeep\n|\n|t:|1710110032\n|switch|p2a: Roller|Pawmot, M, shiny|281/281\n|turn|5\n|\n|t:|1710110142\n|move|p2a: Roller|Fake Out|p1a: Poot\n|-damage|p1a: Poot|93/252\n|cant|p1a: Poot|flinch\n|move|p1b: Archie|Electro Shot||[still]\n|-prepare|p1b: Archie|Electro Shot\n|-boost|p1b: Archie|spa|1\n|-anim|p1b: Archie|Electro Shot|p2b: Bud\n|debug|electric terrain boost\n|debug|Beads of Ruin SpD drop\n|-resisted|p2b: Bud\n|-damage|p2b: Bud|184/351\n|move|p2b: Bud|Gyro Ball|p1a: Poot\n|debug|BP: 150\n|-resisted|p1a: Poot\n|-damage|p1a: Poot|0 fnt\n|faint|p1a: Poot\n|\n|-weather|RainDance|[upkeep]\n|-end|p2b: Bud|move: Taunt\n|upkeep\n|\n|t:|1710110174\n|switch|p1a: God|Landorus, M|319/319\n|turn|6\n|\n|t:|1710110272\n|move|p2a: Roller|Revival Blessing|p2a: Roller\n|\n|t:|1710110276\n|-heal|p2: Filter|187/374|[from] move: Revival Blessing\n|move|p1a: God|Sandsear Storm|p2a: Roller|[spread] p2a,p2b\n|debug|Spread modifier: 0.75\n|-supereffective|p2a: Roller\n|debug|Spread modifier: 0.75\n|-enditem|p2a: Roller|Focus Sash\n|-damage|p2a: Roller|1/281\n|-damage|p2b: Bud|83/351\n|-status|p2b: Bud|brn\n|-damage|p1a: God|288/319|[from] item: Life Orb\n|move|p1b: Archie|Draco Meteor|p2a: Roller\n|-damage|p2a: Roller|0 fnt\n|-unboost|p1b: Archie|spa|2\n|faint|p2a: Roller\n|move|p2b: Bud|Leech Seed|p1b: Archie\n|-start|p1b: Archie|move: Leech Seed\n|\n|-weather|RainDance|[upkeep]\n|-damage|p1b: Archie|318/384 par|[from] Leech Seed|[of] p2b: Bud\n|-heal|p2b: Bud|131/351 brn|[silent]\n|-damage|p2b: Bud|110/351 brn|[from] brn\n|-fieldend|move: Electric Terrain\n|upkeep\n|\n|t:|1710110288\n|switch|p2a: Filter|Porygon2, shiny|187/374\n|-ability|p2a: Filter|Stamina|[from] ability: Trace|[of] p1b: Archie\n|turn|7\n|\n|t:|1710110339\n|move|p2b: Bud|Protect|p2b: Bud\n|-singleturn|p2b: Bud|Protect\n|move|p1a: God|Sandsear Storm|p2b: Bud|[spread] p2a\n|-activate|p2b: Bud|move: Protect\n|debug|Spread modifier: 0.75\n|-damage|p2a: Filter|108/374\n|-ability|p2a: Filter|Stamina|boost\n|-boost|p2a: Filter|def|1\n|-damage|p1a: God|257/319|[from] item: Life Orb\n|move|p2a: Filter|Ice Beam|p1a: God\n|-supereffective|p1a: God\n|-crit|p1a: God\n|-damage|p1a: God|0 fnt\n|faint|p1a: God\n|cant|p1b: Archie|par\n|\n|-weather|RainDance|[upkeep]\n|-damage|p1b: Archie|270/384 par|[from] Leech Seed|[of] p2b: Bud\n|-heal|p2b: Bud|158/351 brn|[silent]\n|-damage|p2b: Bud|137/351 brn|[from] brn\n|upkeep\n|\n|t:|1710110361\n|switch|p1a: Static|Tapu Koko|194/281\n|-fieldstart|move: Electric Terrain|[from] ability: Electric Surge|[of] p1a: Static\n|turn|8\n|\n|t:|1710110387\n|move|p1a: Static|Electroweb|p2a: Filter|[spread] p2a,p2b\n|debug|electric terrain boost\n|debug|Spread modifier: 0.75\n|debug|electric terrain boost\n|debug|Spread modifier: 0.75\n|-resisted|p2b: Bud\n|-damage|p2a: Filter|71/374\n|-damage|p2b: Bud|110/351 brn\n|-unboost|p2a: Filter|spe|1\n|-unboost|p2b: Bud|spe|1\n|-ability|p2a: Filter|Stamina|boost\n|-boost|p2a: Filter|def|1\n|move|p2a: Filter|Recover|p2a: Filter\n|-heal|p2a: Filter|258/374\n|move|p1b: Archie|Electro Shot||[still]\n|-prepare|p1b: Archie|Electro Shot\n|-boost|p1b: Archie|spa|1\n|-anim|p1b: Archie|Electro Shot|p2a: Filter\n|debug|electric terrain boost\n|-damage|p2a: Filter|107/374\n|-ability|p2a: Filter|Stamina|boost\n|-boost|p2a: Filter|def|1\n|move|p2b: Bud|Leech Seed|p1a: Static\n|-start|p1a: Static|move: Leech Seed\n|\n|-weather|none\n|-damage|p1a: Static|159/281|[from] Leech Seed|[of] p2b: Bud\n|-heal|p2b: Bud|145/351 brn|[silent]\n|-damage|p1b: Archie|222/384 par|[from] Leech Seed|[of] p2b: Bud\n|-heal|p2b: Bud|193/351 brn|[silent]\n|-damage|p2b: Bud|172/351 brn|[from] brn\n|upkeep\n|turn|9\n|\n|t:|1710110502\n|switch|p1a: Robot Santa|Iron Bundle|253/253\n|-activate|p1a: Robot Santa|ability: Quark Drive\n|-start|p1a: Robot Santa|quarkdrivespe\n|debug|Quark Drive spe boost\n|move|p2b: Bud|Protect|p2b: Bud\n|-singleturn|p2b: Bud|Protect\n|debug|Quark Drive spe boost\n|move|p2a: Filter|Recover|p2a: Filter\n|-heal|p2a: Filter|294/374\n|debug|Quark Drive spe boost\n|move|p1b: Archie|Draco Meteor|p2a: Filter\n|-damage|p2a: Filter|110/374\n|-unboost|p1b: Archie|spa|2\n|-ability|p2a: Filter|Stamina|boost\n|-boost|p2a: Filter|def|1\n|\n|debug|Quark Drive spe boost\n|-damage|p1b: Archie|174/384 par|[from] Leech Seed|[of] p2b: Bud\n|-heal|p2b: Bud|220/351 brn|[silent]\n|-damage|p2b: Bud|199/351 brn|[from] brn\n|upkeep\n|turn|10\n|j| Metagross 6000\n|l| Metagross 6000\n|debug|Quark Drive spe boost\n|debug|Quark Drive spe boost\n|\n|t:|1710110557\n|switch|p1b: Jonathan|Pelipper, M|13/301\n|-weather|RainDance|[from] ability: Drizzle|[of] p1b: Jonathan\n|debug|Quark Drive spe boost\n|debug|Quark Drive spe boost\n|move|p1a: Robot Santa|Hydro Pump|p2a: Filter\n|debug|rain water boost\n|-damage|p2a: Filter|0 fnt\n|faint|p2a: Filter\n|debug|Quark Drive spe boost\n|move|p2b: Bud|Gyro Ball|p1a: Robot Santa\n|debug|Quark Drive spe boost\n|debug|BP: 150\n|-crit|p1a: Robot Santa\n|-damage|p1a: Robot Santa|140/253\n|\n|debug|Quark Drive spe boost\n|-weather|RainDance|[upkeep]\n|-damage|p2b: Bud|178/351 brn|[from] brn\n|upkeep\n|debug|Quark Drive spe boost\n|\n|t:|1710110572\n|switch|p2a: Danker|Gengar, M, shiny|261/261\n|turn|11\n|debug|Quark Drive spe boost\n|debug|Quark Drive spe boost\n|\n|t:|1710110605\n|detailschange|p2a: Danker|Gengar-Mega, M, shiny\n|-mega|p2a: Danker|Gengar|Gengarite\n|debug|Quark Drive spe boost\n|debug|Quark Drive spe boost\n|move|p1b: Jonathan|Wide Guard|p1b: Jonathan\n|-singleturn|p1b: Jonathan|Wide Guard\n|debug|Quark Drive spe boost\n|debug|Quark Drive spe boost\n|move|p1a: Robot Santa|Hydro Pump|p2a: Danker|[miss]\n|-miss|p1a: Robot Santa|p2a: Danker\n|debug|Quark Drive spe boost\n|move|p2a: Danker|Sludge Wave|p1b: Jonathan|[spread] \n|-activate|p1a: Robot Santa|move: Wide Guard\n|-activate|p1b: Jonathan|move: Wide Guard\n|-immune|p2b: Bud\n|debug|Quark Drive spe boost\n|move|p2b: Bud|Leech Seed|p1a: Robot Santa\n|-start|p1a: Robot Santa|move: Leech Seed\n|\n|debug|Quark Drive spe boost\n|-weather|RainDance|[upkeep]\n|-damage|p1a: Robot Santa|109/253|[from] Leech Seed|[of] p2b: Bud\n|-heal|p2b: Bud|209/351 brn|[silent]\n|-damage|p2b: Bud|188/351 brn|[from] brn\n|upkeep\n|turn|12\n|debug|Quark Drive spe boost\n|debug|Quark Drive spe boost\n|\n|t:|1710110720\n|debug|Quark Drive spe boost\n|debug|Quark Drive spe boost\n|move|p1a: Robot Santa|Protect|p1a: Robot Santa\n|-singleturn|p1a: Robot Santa|Protect\n|debug|Quark Drive spe boost\n|move|p2a: Danker|Sludge Wave|p1a: Robot Santa|[spread] p1b\n|-activate|p1a: Robot Santa|move: Protect\n|-immune|p2b: Bud\n|debug|Spread modifier: 0.75\n|-damage|p1b: Jonathan|0 fnt\n|faint|p1b: Jonathan\n|debug|Quark Drive spe boost\n|move|p2b: Bud|Gyro Ball|p1a: Robot Santa\n|-activate|p1a: Robot Santa|move: Protect\n|\n|debug|Quark Drive spe boost\n|-weather|RainDance|[upkeep]\n|-damage|p1a: Robot Santa|78/253|[from] Leech Seed|[of] p2b: Bud\n|-heal|p2b: Bud|219/351 brn|[silent]\n|-damage|p2b: Bud|198/351 brn|[from] brn\n|-fieldend|move: Electric Terrain\n|-end|p1a: Robot Santa|Quark Drive\n|upkeep\n|\n|t:|1710110742\n|switch|p1b: Archie|Archaludon, M|174/384 par\n|turn|13\n|\n|t:|1710110833\n|move|p1a: Robot Santa|Hydro Pump|p2a: Danker\n|debug|rain water boost\n|-damage|p2a: Danker|0 fnt\n|faint|p2a: Danker\n|move|p1b: Archie|Electro Shot||[still]\n|-prepare|p1b: Archie|Electro Shot\n|-boost|p1b: Archie|spa|1\n|-anim|p1b: Archie|Electro Shot|p2b: Bud\n|-resisted|p2b: Bud\n|-damage|p2b: Bud|137/351 brn\n|move|p2b: Bud|Leech Seed|p1b: Archie\n|-start|p1b: Archie|move: Leech Seed\n|\n|-weather|RainDance|[upkeep]\n|-damage|p1a: Robot Santa|47/253|[from] Leech Seed|[of] p2b: Bud\n|-heal|p2b: Bud|168/351 brn|[silent]\n|-damage|p1b: Archie|126/384 par|[from] Leech Seed|[of] p2b: Bud\n|-heal|p2b: Bud|216/351 brn|[silent]\n|-damage|p2b: Bud|195/351 brn|[from] brn\n|upkeep\n|\n|t:|1710110903\n|switch|p2a: Paper|Zygarde, shiny|357/357\n|-ability|p2a: Paper|Aura Break\n|turn|14\n|\n|t:|1710110940\n|-terastallize|p1a: Robot Santa|Ghost\n|-terastallize|p2a: Paper|Normal\n|move|p1a: Robot Santa|Freeze-Dry|p2a: Paper\n|-damage|p2a: Paper|236/357\n|-status|p2a: Paper|frz\n|cant|p2a: Paper|frz\n|cant|p1b: Archie|par\n|move|p2b: Bud|Gyro Ball|p1a: Robot Santa\n|debug|BP: 150\n|-damage|p1a: Robot Santa|0 fnt\n|faint|p1a: Robot Santa\n|-end|p1a: Robot Santa|Quark Drive|[silent]\n|\n|-weather|RainDance|[upkeep]\n|-damage|p1b: Archie|78/384 par|[from] Leech Seed|[of] p2b: Bud\n|-heal|p2b: Bud|243/351 brn|[silent]\n|-damage|p2b: Bud|222/351 brn|[from] brn\n|upkeep\n|\n|t:|1710110959\n|switch|p1a: Static|Tapu Koko|159/281\n|-fieldstart|move: Electric Terrain|[from] ability: Electric Surge|[of] p1a: Static\n|turn|15\n|\n|t:|1710111076\n|move|p1a: Static|Electroweb|p2b: Bud|[spread] p2a,p2b\n|debug|electric terrain boost\n|debug|Spread modifier: 0.75\n|debug|electric terrain boost\n|debug|Spread modifier: 0.75\n|-resisted|p2b: Bud\n|-damage|p2a: Paper|163/357 frz\n|-damage|p2b: Bud|196/351 brn\n|-unboost|p2a: Paper|spe|1\n|-unboost|p2b: Bud|spe|1\n|cant|p2a: Paper|frz\n|cant|p1b: Archie|par\n|move|p2b: Bud|Leech Seed|p1a: Static\n|-start|p1a: Static|move: Leech Seed\n|\n|-weather|RainDance|[upkeep]\n|-damage|p1a: Static|124/281|[from] Leech Seed|[of] p2b: Bud\n|-heal|p2b: Bud|231/351 brn|[silent]\n|-damage|p1b: Archie|30/384 par|[from] Leech Seed|[of] p2b: Bud\n|-heal|p2b: Bud|279/351 brn|[silent]\n|-damage|p2b: Bud|258/351 brn|[from] brn\n|upkeep\n|turn|16\n|c| je64|wow frozen :dead:\n|\n|t:|1710111133\n|cant|p2a: Paper|frz\n|move|p1a: Static|Electroweb|p2a: Paper|[spread] p2a,p2b\n|debug|electric terrain boost\n|debug|Spread modifier: 0.75\n|debug|electric terrain boost\n|debug|Spread modifier: 0.75\n|-resisted|p2b: Bud\n|-damage|p2a: Paper|79/357 frz\n|-damage|p2b: Bud|233/351 brn\n|-unboost|p2a: Paper|spe|1\n|-unboost|p2b: Bud|spe|1\n|cant|p1b: Archie|par\n|move|p2b: Bud|Gyro Ball|p1b: Archie\n|debug|BP: 150\n|-resisted|p1b: Archie\n|-crit|p1b: Archie\n|-damage|p1b: Archie|0 fnt\n|faint|p1b: Archie\n|\n|-weather|RainDance|[upkeep]\n|-damage|p1a: Static|89/281|[from] Leech Seed|[of] p2b: Bud\n|-heal|p2b: Bud|268/351 brn|[silent]\n|-damage|p2b: Bud|247/351 brn|[from] brn\n|upkeep\n|turn|17\n|\n|t:|1710111151\n|cant|p2a: Paper|frz\n|move|p1a: Static|Electroweb|p2a: Paper|[spread] p2a,p2b\n|debug|electric terrain boost\n|debug|Spread modifier: 0.75\n|debug|electric terrain boost\n|debug|Spread modifier: 0.75\n|-resisted|p2b: Bud\n|-damage|p2a: Paper|6/357 frz\n|-damage|p2b: Bud|222/351 brn\n|-unboost|p2a: Paper|spe|1\n|-unboost|p2b: Bud|spe|1\n|move|p2b: Bud|Gyro Ball|p1a: Static\n|debug|BP: 150\n|-damage|p1a: Static|0 fnt\n|faint|p1a: Static\n|\n|win|Mango Meloetta\n|c| je64|ggs\n|l|☆mistermoscow\n|player|p1|\n","uploadtime":1710111165,"views":"25","formatid":"gen9doublescustomgame","rating":null,"private":0,"password":null}