{"id":"gen9doublescustomgame-2267927700","format":"[Gen 9] Doubles Custom Game","players":["mistermoscow","Mattmandaman"],"log":"|badge|p2|gold|gen9doublesou|3-3\n|uhtml|medal-msg|<div class=\"broadcast-blue\">Curious what those medals under the avatar are? PS now has Ladder Seasons! For more information, check out the <a href=\"https://www.smogon.com/forums/threads/3740067/\">thread on Smogon.</a></div>\n|j|☆mistermoscow\n|j|☆Mattmandaman\n|t:|1734906010\n|gametype|doubles\n|player|p1|mistermoscow|alder|\n|player|p2|Mattmandaman|giovanni|\n|teamsize|p1|6\n|teamsize|p2|6\n|gen|9\n|tier|[Gen 9] Doubles Custom Game\n|clearpoke\n|poke|p1|Butterfree, F|\n|poke|p1|Clefairy, M|\n|poke|p1|Poliwrath, F|\n|poke|p1|Victreebel, M|\n|poke|p1|Porygon|\n|poke|p1|Snorlax, M|\n|poke|p2|Primeape, F|\n|poke|p2|Marowak, M|\n|poke|p2|Dodrio, M|\n|poke|p2|Gengar, M|\n|poke|p2|Pikachu, F|\n|poke|p2|Tentacruel, F|\n|teampreview\n|\n|t:|1734906095\n|start\n|switch|p1a: Pogo Jr|Porygon|271/271\n|switch|p1b: Clifford|Clefairy, M|344/344\n|switch|p2a: Dodrio|Dodrio, M|262/262\n|switch|p2b: Pikachu|Pikachu, F|211/211\n|-ability|p1a: Pogo Jr|Download|boost\n|-boost|p1a: Pogo Jr|atk|1\n|turn|1\n|\n|t:|1734906111\n|move|p2b: Pikachu|Fake Out|p1a: Pogo Jr\n|debug|Friend Guard weaken\n|-damage|p1a: Pogo Jr|237/271\n|move|p2a: Dodrio|Taunt|p1b: Clifford\n|-start|p1b: Clifford|move: Taunt\n|cant|p1a: Pogo Jr|flinch\n|cant|p1b: Clifford|move: Taunt|Reflect\n|\n|upkeep\n|turn|2\n|\n|t:|1734906134\n|move|p2a: Dodrio|Taunt|p1a: Pogo Jr\n|-start|p1a: Pogo Jr|move: Taunt\n|move|p2b: Pikachu|Volt Switch|p1a: Pogo Jr\n|debug|Friend Guard weaken\n|-damage|p1a: Pogo Jr|187/271\n|\n|t:|1734906146\n|switch|p2b: Tentacruel|Tentacruel, F|364/364|[from] Volt Switch\n|move|p1a: Pogo Jr|Icy Wind|p2a: Dodrio|[spread] p2a,p2b\n|debug|Spread modifier: 0.75\n|-supereffective|p2a: Dodrio\n|debug|Spread modifier: 0.75\n|-resisted|p2b: Tentacruel\n|-damage|p2a: Dodrio|140/262\n|-damage|p2b: Tentacruel|348/364\n|debug|Covert Cloak prevent secondary\n|debug|move failed because it did nothing\n|-activate|p1b: Clifford|move: Struggle\n|move|p1b: Clifford|Struggle|p2a: Dodrio\n|-damage|p2a: Dodrio|121/262\n|-damage|p1b: Clifford|258/344|[from] recoil\n|\n|-heal|p2b: Tentacruel|364/364|[from] item: Black Sludge\n|upkeep\n|turn|3\n|l|☆Mattmandaman\n|player|p2|\n|j|☆Mattmandaman\n|player|p2|Mattmandaman|giovanni|\n|\n|t:|1734906177\n|switch|p2a: Primeape|Primeape, F|272/272\n|switch|p1b: Polly|Poliwrath, F|384/384\n|move|p2b: Tentacruel|Sludge Bomb|p1b: Polly\n|-damage|p1b: Polly|284/384\n|move|p1a: Pogo Jr|Icy Wind|p2a: Primeape|[spread] p2a,p2b\n|debug|Spread modifier: 0.75\n|debug|Spread modifier: 0.75\n|-resisted|p2b: Tentacruel\n|-damage|p2a: Primeape|237/272\n|-damage|p2b: Tentacruel|346/364\n|-unboost|p2a: Primeape|spe|1\n|debug|move failed because it did nothing\n|\n|-heal|p2b: Tentacruel|364/364|[from] item: Black Sludge\n|-heal|p1b: Polly|308/384|[from] item: Leftovers\n|upkeep\n|turn|4\n|\n|t:|1734906227\n|switch|p2b: Gengar|Gengar, M|262/262\n|switch|p1b: Clifford|Clefairy, M|258/344\n|move|p2a: Primeape|Drain Punch|p1a: Pogo Jr\n|-supereffective|p1a: Pogo Jr\n|debug|Friend Guard weaken\n|-damage|p1a: Pogo Jr|55/271\n|-heal|p2a: Primeape|272/272|[from] drain|[of] p1a: Pogo Jr\n|move|p1a: Pogo Jr|Psychic|p2a: Primeape\n|-supereffective|p2a: Primeape\n|-damage|p2a: Primeape|116/272\n|\n|-end|p1a: Pogo Jr|move: Taunt\n|upkeep\n|turn|5\n|\n|t:|1734906262\n|move|p1a: Pogo Jr|Protect|p1a: Pogo Jr\n|-singleturn|p1a: Pogo Jr|Protect\n|move|p2b: Gengar|Sludge Bomb|p1b: Clifford\n|-supereffective|p1b: Clifford\n|-damage|p1b: Clifford|0 fnt\n|debug|move failed because it did nothing\n|faint|p1b: Clifford\n|move|p2a: Primeape|Drain Punch|p1a: Pogo Jr\n|-activate|p1a: Pogo Jr|move: Protect\n|\n|upkeep\n|\n|t:|1734906278\n|switch|p1b: Purple Haze|Butterfree, F|262/262\n|turn|6\n|\n|t:|1734906305\n|move|p1b: Purple Haze|String Shot|p2b: Gengar|[spread] p2a,p2b\n|debug|compoundeyes - enhancing accuracy\n|debug|compoundeyes - enhancing accuracy\n|-unboost|p2a: Primeape|spe|2\n|-unboost|p2b: Gengar|spe|2\n|move|p2b: Gengar|Sludge Bomb|p1a: Pogo Jr\n|-damage|p1a: Pogo Jr|0 fnt\n|faint|p1a: Pogo Jr\n|move|p2a: Primeape|Rock Slide|p1b: Purple Haze\n|-supereffective|p1b: Purple Haze\n|-damage|p1b: Purple Haze|0 fnt\n|debug|move failed because it did nothing\n|faint|p1b: Purple Haze\n|\n|upkeep\n|\n|t:|1734906327\n|switch|p1b: Victor|Victreebel, M|301/301\n|switch|p1a: Polly|Poliwrath, F|308/384\n|turn|7\n|\n|t:|1734906344\n|switch|p2a: Tentacruel|Tentacruel, F|364/364\n|move|p1b: Victor|Protect|p1b: Victor\n|-singleturn|p1b: Victor|Protect\n|move|p1a: Polly|Coaching|p1b: Victor\n|-boost|p1b: Victor|atk|1\n|-boost|p1b: Victor|def|1\n|move|p2b: Gengar|Will-O-Wisp|p1a: Polly\n|-status|p1a: Polly|brn\n|\n|-heal|p1a: Polly|332/384 brn|[from] item: Leftovers\n|-damage|p1a: Polly|308/384 brn|[from] brn\n|upkeep\n|turn|8\n|\n|t:|1734906424\n|switch|p1a: Snax|Snorlax, M|524/524\n|switch|p2b: Dodrio|Dodrio, M|121/262\n|move|p2a: Tentacruel|Safeguard|p2a: Tentacruel\n|-sidestart|p2: Mattmandaman|Safeguard\n|move|p1b: Victor|Leaf Blade|p2a: Tentacruel\n|-damage|p2a: Tentacruel|0 fnt\n|faint|p2a: Tentacruel\n|-damage|p1b: Victor|271/301|[from] item: Life Orb\n|\n|upkeep\n|\n|t:|1734906468\n|switch|p2a: Marowak|Marowak, M|262/262\n|turn|9\n|\n|t:|1734906486\n|move|p2b: Dodrio|Tailwind|p2b: Dodrio\n|-sidestart|p2: Mattmandaman|move: Tailwind\n|move|p2a: Marowak|Earthquake|p1b: Victor|[spread] p1a,p1b\n|-immune|p2b: Dodrio\n|debug|Spread modifier: 0.75\n|debug|Spread modifier: 0.75\n|-damage|p1a: Snax|308/524\n|-damage|p1b: Victor|61/301\n|move|p1b: Victor|Leaf Blade|p2a: Marowak\n|-supereffective|p2a: Marowak\n|-damage|p2a: Marowak|0 fnt\n|faint|p2a: Marowak\n|-damage|p1b: Victor|31/301|[from] item: Life Orb\n|move|p1a: Snax|Ice Punch|p2b: Dodrio\n|-supereffective|p2b: Dodrio\n|-damage|p2b: Dodrio|0 fnt\n|debug|Covert Cloak prevent secondary\n|faint|p2b: Dodrio\n|\n|upkeep\n|\n|t:|1734906499\n|switch|p2b: Gengar|Gengar, M|262/262\n|switch|p2a: Primeape|Primeape, F|116/272\n|turn|10\n|\n|t:|1734906531\n|move|p1b: Victor|Sucker Punch||[still]\n|-fail|p1b: Victor\n|move|p2b: Gengar|Will-O-Wisp|p1b: Victor\n|-status|p1b: Victor|brn\n|move|p2a: Primeape|Drain Punch|p1a: Snax\n|-supereffective|p1a: Snax\n|-damage|p1a: Snax|72/524\n|-heal|p2a: Primeape|234/272|[from] drain|[of] p1a: Snax\n|move|p1a: Snax|Return|p2a: Primeape\n|-damage|p2a: Primeape|110/272\n|\n|-damage|p1b: Victor|13/301 brn|[from] brn\n|upkeep\n|turn|11\n|\n|t:|1734906561\n|switch|p1a: Polly|Poliwrath, F|308/384 brn\n|move|p1b: Victor|Sucker Punch|p2a: Primeape\n|-resisted|p2a: Primeape\n|-damage|p2a: Primeape|70/272\n|-damage|p1b: Victor|0 fnt|[from] item: Life Orb\n|faint|p1b: Victor\n|move|p2b: Gengar|Will-O-Wisp|p1a: Polly\n|-fail|p1a: Polly|brn\n|debug|move failed because it did nothing\n|move|p2a: Primeape|Rock Slide|p1a: Polly\n|-resisted|p1a: Polly\n|-damage|p1a: Polly|266/384 brn\n|\n|-heal|p1a: Polly|290/384 brn|[from] item: Leftovers\n|-damage|p1a: Polly|266/384 brn|[from] brn\n|upkeep\n|\n|t:|1734906576\n|switch|p1b: Snax|Snorlax, M|72/524\n|turn|12\n|\n|t:|1734906591\n|move|p2b: Gengar|Sludge Bomb|p1a: Polly\n|-damage|p1a: Polly|62/384 brn\n|move|p2a: Primeape|Drain Punch|p1b: Snax\n|-supereffective|p1b: Snax\n|-damage|p1b: Snax|0 fnt\n|-heal|p2a: Primeape|106/272|[from] drain|[of] p1b: Snax\n|faint|p1b: Snax\n|move|p1a: Polly|Ice Punch|p2a: Primeape\n|-damage|p2a: Primeape|70/272\n|\n|-heal|p1a: Polly|86/384 brn|[from] item: Leftovers\n|-damage|p1a: Polly|62/384 brn|[from] brn\n|-sideend|p2: Mattmandaman|Safeguard\n|-sideend|p2: Mattmandaman|move: Tailwind\n|upkeep\n|turn|13\n|-message|mistermoscow forfeited.\n|\n|win|Mattmandaman\n|c|☆mistermoscow|lame\n","uploadtime":1734906608,"views":"28","formatid":"gen9doublescustomgame","rating":null,"private":0,"password":null}