{"id":"gen9doublescustomgame-2332371476","format":"[Gen 9] Doubles Custom Game","players":["mistermoscow","Mattmandaman"],"log":"|j|☆mistermoscow\n|j|☆Mattmandaman\n|t:|1743464764\n|gametype|doubles\n|player|p1|mistermoscow|alder|\n|player|p2|Mattmandaman|unknown|\n|teamsize|p1|6\n|teamsize|p2|6\n|gen|9\n|tier|[Gen 9] Doubles Custom Game\n|clearpoke\n|poke|p1|Dugtrio, M|\n|poke|p1|Primeape, M|\n|poke|p1|Kingler, M|\n|poke|p1|Mr. Mime, M|\n|poke|p1|Jolteon, M|\n|poke|p1|Dragonite, M|\n|poke|p2|Starmie|\n|poke|p2|Pikachu, F|\n|poke|p2|Machamp, M|\n|poke|p2|Gengar, M|\n|poke|p2|Clefairy, M|\n|poke|p2|Nidoking, M|\n|teampreview\n|\n|t:|1743464806\n|start\n|switch|p1a: Mimsy|Mr. Mime, M|221/221\n|switch|p1b: Puff Daddy|Dragonite, M|324/324\n|switch|p2a: Gengar|Gengar, M|262/262\n|switch|p2b: Starmie|Starmie|262/262\n|turn|1\n|\n|t:|1743464830\n|move|p1a: Mimsy|Follow Me|p1a: Mimsy\n|-singleturn|p1a: Mimsy|move: Follow Me\n|move|p2b: Starmie|Icy Wind|p1a: Mimsy|[spread] p1a,p1b\n|debug|Spread modifier: 0.75\n|debug|Spread modifier: 0.75\n|-supereffective|p1b: Puff Daddy\n|-damage|p1a: Mimsy|184/221\n|-damage|p1b: Puff Daddy|168/324\n|-unboost|p1a: Mimsy|spe|1\n|-unboost|p1b: Puff Daddy|spe|1\n|move|p2a: Gengar|Will-O-Wisp|p1a: Mimsy|[miss]\n|debug|Follow Me redirected target of move\n|-miss|p2a: Gengar|p1a: Mimsy\n|move|p1b: Puff Daddy|Scale Shot|p2a: Gengar\n|-damage|p2a: Gengar|187/262\n|-damage|p2a: Gengar|106/262\n|-start|p1b: Puff Daddy|Disable|Scale Shot|[from] ability: Cursed Body|[of] p2a: Gengar\n|-damage|p2a: Gengar|28/262\n|-damage|p2a: Gengar|0 fnt\n|faint|p2a: Gengar\n|-hitcount|p2: Gengar|4\n|-unboost|p1b: Puff Daddy|def|1\n|-boost|p1b: Puff Daddy|spe|1\n|\n|-heal|p1a: Mimsy|197/221|[from] item: Leftovers\n|upkeep\n|\n|t:|1743464858\n|switch|p2a: Nidoking|Nidoking, M|304/304\n|turn|2\n|\n|t:|1743464882\n|switch|p1a: The Big Dee|Dugtrio, M|211/211\n|move|p2b: Starmie|Protect|p2b: Starmie\n|-singleturn|p2b: Starmie|Protect\n|move|p1b: Puff Daddy|Extreme Speed|p2b: Starmie\n|-activate|p2b: Starmie|move: Protect\n|move|p2a: Nidoking|Sludge Wave|p1a: The Big Dee|[spread] p1a,p1b\n|-activate|p2b: Starmie|move: Protect\n|debug|Spread modifier: 0.75\n|-resisted|p1a: The Big Dee\n|debug|Spread modifier: 0.75\n|-damage|p1a: The Big Dee|89/211\n|-damage|p1b: Puff Daddy|0 fnt\n|faint|p1b: Puff Daddy\n|\n|upkeep\n|\n|t:|1743464903\n|switch|p1b: Mimsy|Mr. Mime, M|197/221\n|turn|3\n|\n|t:|1743464942\n|move|p2a: Nidoking|Protect|p2a: Nidoking\n|-singleturn|p2a: Nidoking|Protect\n|move|p1b: Mimsy|Fake Out|p2a: Nidoking\n|-activate|p2a: Nidoking|move: Protect\n|move|p1a: The Big Dee|High Horsepower|p2b: Starmie\n|-damage|p2b: Starmie|94/262\n|move|p2b: Starmie|Icy Wind|p1a: The Big Dee|[spread] p1a,p1b\n|debug|Spread modifier: 0.75\n|-supereffective|p1a: The Big Dee\n|debug|Spread modifier: 0.75\n|-damage|p1a: The Big Dee|0 fnt\n|-damage|p1b: Mimsy|162/221\n|-unboost|p1b: Mimsy|spe|1\n|faint|p1a: The Big Dee\n|\n|-heal|p1b: Mimsy|175/221|[from] item: Leftovers\n|upkeep\n|\n|t:|1743464972\n|switch|p1a: Mister Snips|Kingler, M|251/251\n|turn|4\n|\n|t:|1743465011\n|move|p1a: Mister Snips|Liquidation|p2b: Starmie\n|-resisted|p2b: Starmie\n|-damage|p2b: Starmie|0 fnt\n|faint|p2b: Starmie\n|move|p2a: Nidoking|Sludge Wave|p1a: Mister Snips|[spread] p1a,p1b\n|debug|Spread modifier: 0.75\n|debug|Spread modifier: 0.75\n|-supereffective|p1b: Mimsy\n|debug|Filter neutralize\n|-damage|p1a: Mister Snips|0 fnt\n|-damage|p1b: Mimsy|0 fnt\n|faint|p1a: Mister Snips\n|faint|p1b: Mimsy\n|\n|upkeep\n|\n|t:|1743465032\n|switch|p2b: Pikachu|Pikachu, F|211/211\n|switch|p1a: Apollo|Primeape, M|303/303\n|switch|p1b: Sparky|Jolteon, M|271/271\n|turn|5\n|\n|t:|1743465060\n|move|p2b: Pikachu|Fake Out|p1a: Apollo\n|-damage|p1a: Apollo|261/303\n|move|p1b: Sparky|Light Screen|p1b: Sparky\n|-sidestart|p1: mistermoscow|move: Light Screen\n|move|p2a: Nidoking|Earth Power|p1a: Apollo\n|debug|Light Screen weaken\n|-damage|p1a: Apollo|144/303\n|cant|p1a: Apollo|flinch\n|\n|upkeep\n|turn|6\n|\n|t:|1743465086\n|move|p1b: Sparky|Reflect|p1b: Sparky\n|-sidestart|p1: mistermoscow|Reflect\n|move|p2b: Pikachu|Alluring Voice|p1a: Apollo\n|-supereffective|p1a: Apollo\n|debug|Light Screen weaken\n|-damage|p1a: Apollo|41/303\n|move|p2a: Nidoking|Earth Power|p1a: Apollo\n|debug|Light Screen weaken\n|-damage|p1a: Apollo|0 fnt\n|faint|p1a: Apollo\n|\n|upkeep\n|turn|7\n|\n|t:|1743465097\n|move|p1b: Sparky|Signal Beam|p2a: Nidoking\n|-resisted|p2a: Nidoking\n|-damage|p2a: Nidoking|256/304\n|move|p2b: Pikachu|Alluring Voice|p1b: Sparky\n|-crit|p1b: Sparky\n|-damage|p1b: Sparky|99/271\n|move|p2a: Nidoking|Earth Power|p1b: Sparky\n|-supereffective|p1b: Sparky\n|debug|Light Screen weaken\n|-damage|p1b: Sparky|0 fnt\n|faint|p1b: Sparky\n|\n|win|Mattmandaman\n|l|☆mistermoscow\n|player|p1|\n|j|☆mistermoscow\n|player|p1|mistermoscow|alder|\n","uploadtime":1743465110,"views":"13","formatid":"gen9doublescustomgame","rating":null,"private":0,"password":null}