{"id":"gen9doublescustomgame-2116647301","format":"[Gen 9] Doubles Custom Game","players":["smokeydabearrr","noli_cannoli10"],"log":"|j|☆smokeydabearrr\n|j|☆noli_cannoli10\n|t:|1714697760\n|gametype|doubles\n|player|p1|smokeydabearrr|265|\n|player|p2|noli_cannoli10|170|\n|teamsize|p1|6\n|teamsize|p2|6\n|gen|9\n|tier|[Gen 9] Doubles Custom Game\n|clearpoke\n|poke|p1|Charizard, M|\n|poke|p1|Blastoise, M|\n|poke|p1|Cresselia, F|\n|poke|p1|Rillaboom, F|\n|poke|p1|Raging Bolt|\n|poke|p1|Walking Wake|\n|poke|p2|Smeargle, F|\n|poke|p2|Metagross|\n|poke|p2|Volcarona, M|\n|poke|p2|Magearna|\n|poke|p2|Urshifu-*, M|\n|poke|p2|Annihilape, F|\n|teampreview\n|j| mattmandaman\n|j| mistermoscow\n|\n|t:|1714697827\n|start\n|switch|p1a: Charizard|Charizard, M|297/297\n|switch|p1b: Rillaboom|Rillaboom, F|404/404\n|switch|p2a: smearin' deez|Smeargle, F|314/314\n|switch|p2b: Usher Foo|Urshifu-Rapid-Strike, M|341/341\n|-fieldstart|move: Grassy Terrain|[from] ability: Grassy Surge|[of] p1b: Rillaboom\n|turn|1\n|\n|t:|1714697875\n|detailschange|p1a: Charizard|Charizard-Mega-Y, M\n|-mega|p1a: Charizard|Charizard|Charizardite Y\n|-weather|SunnyDay|[from] ability: Drought|[of] p1a: Charizard\n|move|p2a: smearin' deez|Fake Out|p1b: Rillaboom\n|-damage|p1b: Rillaboom|389/404\n|cant|p1b: Rillaboom|flinch\n|move|p2b: Usher Foo|Surging Strikes|p1a: Charizard\n|debug|Sunny Day water suppress\n|-supereffective|p1a: Charizard\n|-crit|p1a: Charizard\n|-damage|p1a: Charizard|213/297\n|debug|Sunny Day water suppress\n|-supereffective|p1a: Charizard\n|-crit|p1a: Charizard\n|-damage|p1a: Charizard|127/297\n|debug|Sunny Day water suppress\n|-supereffective|p1a: Charizard\n|-crit|p1a: Charizard\n|-damage|p1a: Charizard|43/297\n|-hitcount|p1a: Charizard|3\n|move|p1a: Charizard|Solar Beam||[still]\n|-prepare|p1a: Charizard|Solar Beam\n|-anim|p1a: Charizard|Solar Beam|p2b: Usher Foo\n|-supereffective|p2b: Usher Foo\n|-damage|p2b: Usher Foo|0 fnt\n|faint|p2b: Usher Foo\n|\n|-weather|SunnyDay|[upkeep]\n|debug|Pokemon semi-invuln or not grounded; Grassy Terrain skipped\n|-heal|p1b: Rillaboom|404/404|[from] Grassy Terrain\n|-ability|p2a: smearin' deez|Moody|boost\n|-boost|p2a: smearin' deez|atk|2\n|-unboost|p2a: smearin' deez|spa|1\n|upkeep\n|j| Mango Meloetta\n|\n|t:|1714697903\n|switch|p2b: Butterfree?!|Volcarona, M|374/374\n|turn|2\n|\n|t:|1714698021\n|switch|p1a: Blastoise|Blastoise, M|362/362\n|switch|p1b: Walking Wake|Walking Wake|339/339\n|-activate|p1b: Walking Wake|ability: Protosynthesis\n|-start|p1b: Walking Wake|protosynthesisspe\n|debug|Protosynthesis spe boost\n|move|p2a: smearin' deez|Spiky Shield|p2a: smearin' deez\n|-singleturn|p2a: smearin' deez|move: Protect\n|debug|Protosynthesis spe boost\n|move|p2b: Butterfree?!|Heat Wave|p1b: Walking Wake|[spread] p1a,p1b\n|debug|Spread modifier: 0.75\n|debug|Sunny Day fire boost\n|-resisted|p1a: Blastoise\n|debug|Spread modifier: 0.75\n|debug|Sunny Day fire boost\n|-resisted|p1b: Walking Wake\n|-damage|p1a: Blastoise|282/362\n|-damage|p1b: Walking Wake|290/339\n|\n|debug|Protosynthesis spe boost\n|-weather|SunnyDay|[upkeep]\n|-heal|p1b: Walking Wake|311/339|[from] Grassy Terrain\n|-heal|p1a: Blastoise|304/362|[from] Grassy Terrain\n|-ability|p2a: smearin' deez|Moody|boost\n|-boost|p2a: smearin' deez|spd|2\n|-unboost|p2a: smearin' deez|atk|1\n|upkeep\n|turn|3\n|debug|Protosynthesis spe boost\n|debug|Protosynthesis spe boost\n|\n|t:|1714698081\n|switch|p2a: Metal Gyatt|Magearna|364/364\n|switch|p2b: Facebook Eww|Metagross|301/301\n|debug|Protosynthesis spe boost\n|debug|Protosynthesis spe boost\n|move|p1a: Blastoise|Fake Out|p2a: Metal Gyatt\n|-resisted|p2a: Metal Gyatt\n|-damage|p2a: Metal Gyatt|351/364\n|debug|Protosynthesis spe boost\n|debug|Protosynthesis spe boost\n|move|p1b: Walking Wake|Hydro Steam|p2b: Facebook Eww\n|debug|Sunny Day Hydro Steam boost\n|-crit|p2b: Facebook Eww\n|-damage|p2b: Facebook Eww|0 fnt\n|faint|p2b: Facebook Eww\n|-ability|p2a: Metal Gyatt|Soul-Heart|boost\n|-boost|p2a: Metal Gyatt|spa|1\n|-damage|p1b: Walking Wake|278/339|[from] item: Life Orb\n|\n|debug|Protosynthesis spe boost\n|-weather|SunnyDay|[upkeep]\n|-heal|p1b: Walking Wake|299/339|[from] Grassy Terrain\n|-heal|p2a: Metal Gyatt|364/364|[from] Grassy Terrain\n|-heal|p1a: Blastoise|326/362|[from] Grassy Terrain\n|upkeep\n|debug|Protosynthesis spe boost\n|\n|t:|1714698107\n|switch|p2b: smearin' deez|Smeargle, F|314/314\n|turn|4\n|debug|Protosynthesis spe boost\n|debug|Protosynthesis spe boost\n|\n|t:|1714698167\n|debug|Protosynthesis spe boost\n|debug|Protosynthesis spe boost\n|move|p2b: smearin' deez|Fake Out|p1b: Walking Wake\n|-damage|p1b: Walking Wake|284/339\n|debug|Protosynthesis spe boost\n|debug|Protosynthesis spe boost\n|cant|p1b: Walking Wake|flinch\n|debug|Protosynthesis spe boost\n|move|p2a: Metal Gyatt|Dazzling Gleam|p1a: Blastoise|[spread] p1a,p1b\n|debug|Spread modifier: 0.75\n|debug|Spread modifier: 0.75\n|-supereffective|p1b: Walking Wake\n|-damage|p1a: Blastoise|178/362\n|-damage|p1b: Walking Wake|0 fnt\n|faint|p1b: Walking Wake\n|-ability|p2a: Metal Gyatt|Soul-Heart|boost\n|-boost|p2a: Metal Gyatt|spa|1\n|-end|p1b: Walking Wake|Protosynthesis|[silent]\n|move|p1a: Blastoise|Flip Turn|p2a: Metal Gyatt\n|debug|Sunny Day water suppress\n|-damage|p2a: Metal Gyatt|337/364\n|\n|t:|1714698194\n|switch|p1a: Rillaboom|Rillaboom, F|404/404|[from] Flip Turn\n|\n|-weather|SunnyDay|[upkeep]\n|-heal|p2a: Metal Gyatt|359/364|[from] Grassy Terrain\n|-ability|p2b: smearin' deez|Moody|boost\n|-boost|p2b: smearin' deez|spa|2\n|-unboost|p2b: smearin' deez|atk|1\n|upkeep\n|\n|t:|1714698199\n|switch|p1b: Charizard|Charizard-Mega-Y, M|43/297\n|turn|5\n|\n|t:|1714698213\n|move|p2a: Metal Gyatt|Protect|p2a: Metal Gyatt\n|-singleturn|p2a: Metal Gyatt|Protect\n|move|p1a: Rillaboom|Fake Out|p2a: Metal Gyatt\n|-activate|p2a: Metal Gyatt|move: Protect\n|move|p1b: Charizard|Heat Wave|p2b: smearin' deez|[spread] p2b\n|-activate|p2a: Metal Gyatt|move: Protect\n|debug|Spread modifier: 0.75\n|debug|Sunny Day fire boost\n|-enditem|p2b: smearin' deez|Focus Sash\n|-damage|p2b: smearin' deez|1/314\n|move|p2b: smearin' deez|Tailwind|p2b: smearin' deez\n|-sidestart|p2: noli_cannoli10|move: Tailwind\n|\n|-weather|none\n|-heal|p2b: smearin' deez|20/314|[from] Grassy Terrain\n|-heal|p2a: Metal Gyatt|364/364|[from] Grassy Terrain\n|debug|Pokemon semi-invuln or not grounded; Grassy Terrain skipped\n|-fieldend|move: Grassy Terrain\n|-ability|p2b: smearin' deez|Moody|boost\n|-boost|p2b: smearin' deez|spa|2\n|-unboost|p2b: smearin' deez|spd|1\n|upkeep\n|turn|6\n|\n|t:|1714698273\n|move|p1b: Charizard|Protect|p1b: Charizard\n|-singleturn|p1b: Charizard|Protect\n|move|p2b: smearin' deez|Spore|p1a: Rillaboom\n|debug|natural powder immunity\n|-immune|p1a: Rillaboom\n|move|p2a: Metal Gyatt|Dazzling Gleam|p1a: Rillaboom|[spread] p1a\n|-activate|p1b: Charizard|move: Protect\n|debug|Spread modifier: 0.75\n|-damage|p1a: Rillaboom|208/404\n|move|p1a: Rillaboom|Drain Punch|p2a: Metal Gyatt\n|-damage|p2a: Metal Gyatt|283/364\n|-heal|p1a: Rillaboom|249/404|[from] drain|[of] p2a: Metal Gyatt\n|\n|-ability|p2b: smearin' deez|Moody|boost\n|-boost|p2b: smearin' deez|spe|2\n|-unboost|p2b: smearin' deez|def|1\n|upkeep\n|turn|7\n|\n|t:|1714698341\n|switch|p2b: Butterfree?!|Volcarona, M|374/374\n|switch|p1b: Cresselia|Cresselia, F|444/444\n|move|p2a: Metal Gyatt|Dazzling Gleam|p1b: Cresselia|[spread] p1a,p1b\n|debug|Spread modifier: 0.75\n|debug|Spread modifier: 0.75\n|-damage|p1a: Rillaboom|56/404\n|-damage|p1b: Cresselia|260/444\n|move|p1a: Rillaboom|Drain Punch|p2b: Butterfree?!\n|-resisted|p2b: Butterfree?!\n|-damage|p2b: Butterfree?!|331/374\n|-heal|p1a: Rillaboom|78/404|[from] drain|[of] p2b: Butterfree?!\n|\n|-heal|p2b: Butterfree?!|354/374|[from] item: Leftovers\n|-heal|p1b: Cresselia|287/444|[from] item: Leftovers\n|upkeep\n|turn|8\n|\n|t:|1714698376\n|switch|p1a: Blastoise|Blastoise, M|178/362\n|move|p2b: Butterfree?!|Heat Wave|p1b: Cresselia|[spread] p1a,p1b\n|debug|Spread modifier: 0.75\n|-resisted|p1a: Blastoise\n|debug|Spread modifier: 0.75\n|-damage|p1a: Blastoise|130/362\n|-damage|p1b: Cresselia|197/444\n|move|p2a: Metal Gyatt|Dazzling Gleam|p1a: Blastoise|[spread] p1a,p1b\n|debug|Spread modifier: 0.75\n|debug|Spread modifier: 0.75\n|-damage|p1a: Blastoise|0 fnt\n|-damage|p1b: Cresselia|25/444\n|faint|p1a: Blastoise\n|-ability|p2a: Metal Gyatt|Soul-Heart|boost\n|-boost|p2a: Metal Gyatt|spa|1\n|move|p1b: Cresselia|Lunar Blessing|p1b: Cresselia\n|-heal|p1b: Cresselia|136/444\n|\n|-heal|p2b: Butterfree?!|374/374|[from] item: Leftovers\n|-heal|p1b: Cresselia|163/444|[from] item: Leftovers\n|-sideend|p2: noli_cannoli10|move: Tailwind\n|upkeep\n|\n|t:|1714698454\n|switch|p1a: Charizard|Charizard-Mega-Y, M|43/297\n|-weather|SunnyDay|[from] ability: Drought|[of] p1a: Charizard\n|turn|9\n|\n|t:|1714698566\n|move|p1a: Charizard|Heat Wave|p2b: Butterfree?!|[spread] p2a\n|-miss|p1a: Charizard|p2b: Butterfree?!\n|debug|Spread modifier: 0.75\n|debug|Sunny Day fire boost\n|-supereffective|p2a: Metal Gyatt\n|-damage|p2a: Metal Gyatt|0 fnt\n|faint|p2a: Metal Gyatt\n|move|p2b: Butterfree?!|Heat Wave|p1b: Cresselia|[spread] p1a,p1b\n|debug|Spread modifier: 0.75\n|debug|Sunny Day fire boost\n|-resisted|p1a: Charizard\n|debug|Spread modifier: 0.75\n|debug|Sunny Day fire boost\n|-damage|p1a: Charizard|0 fnt\n|-damage|p1b: Cresselia|25/444\n|faint|p1a: Charizard\n|move|p1b: Cresselia|Lunar Blessing|p1b: Cresselia\n|-heal|p1b: Cresselia|136/444\n|\n|-weather|SunnyDay|[upkeep]\n|-heal|p1b: Cresselia|163/444|[from] item: Leftovers\n|upkeep\n|\n|t:|1714698602\n|switch|p1a: Rillaboom|Rillaboom, F|78/404\n|switch|p2a: smearin' deez|Smeargle, F|20/314\n|-fieldstart|move: Grassy Terrain|[from] ability: Grassy Surge|[of] p1a: Rillaboom\n|turn|10\n|\n|t:|1714698629\n|switch|p1a: Raging Bolt|Raging Bolt|454/454\n|-activate|p1a: Raging Bolt|ability: Protosynthesis\n|-start|p1a: Raging Bolt|protosynthesisspa\n|move|p2a: smearin' deez|Fake Out|p1a: Raging Bolt\n|-damage|p1a: Raging Bolt|438/454\n|move|p2b: Butterfree?!|Heat Wave|p1b: Cresselia|[spread] p1a,p1b\n|debug|Spread modifier: 0.75\n|debug|Sunny Day fire boost\n|-resisted|p1a: Raging Bolt\n|-crit|p1a: Raging Bolt\n|debug|Spread modifier: 0.75\n|debug|Sunny Day fire boost\n|-damage|p1a: Raging Bolt|315/454\n|-damage|p1b: Cresselia|21/444\n|move|p1b: Cresselia|Lunar Blessing|p1b: Cresselia|[spread] p1a,p1b\n|-heal|p1a: Raging Bolt|428/454\n|-heal|p1b: Cresselia|132/444\n|\n|-weather|SunnyDay|[upkeep]\n|-heal|p2a: smearin' deez|39/314|[from] Grassy Terrain\n|debug|Pokemon semi-invuln or not grounded; Grassy Terrain skipped\n|-heal|p1b: Cresselia|159/444|[from] item: Leftovers\n|-heal|p1a: Raging Bolt|454/454|[from] Grassy Terrain\n|-ability|p2a: smearin' deez|Moody|boost\n|-boost|p2a: smearin' deez|spd|2\n|-unboost|p2a: smearin' deez|atk|1\n|upkeep\n|turn|11\n|\n|t:|1714698770\n|move|p2a: smearin' deez|Tailwind|p2a: smearin' deez\n|-sidestart|p2: noli_cannoli10|move: Tailwind\n|move|p2b: Butterfree?!|Heat Wave|p1b: Cresselia|[spread] p1a,p1b\n|debug|Spread modifier: 0.75\n|debug|Sunny Day fire boost\n|-resisted|p1a: Raging Bolt\n|debug|Spread modifier: 0.75\n|debug|Sunny Day fire boost\n|-damage|p1a: Raging Bolt|372/454\n|-damage|p1b: Cresselia|9/444\n|-status|p1a: Raging Bolt|brn\n|move|p1b: Cresselia|Icy Wind|p2a: smearin' deez|[spread] p2a,p2b\n|debug|Spread modifier: 0.75\n|debug|Spread modifier: 0.75\n|-resisted|p2b: Butterfree?!\n|-damage|p2a: smearin' deez|14/314\n|-damage|p2b: Butterfree?!|363/374\n|-unboost|p2a: smearin' deez|spe|1\n|-unboost|p2b: Butterfree?!|spe|1\n|move|p1a: Raging Bolt|Volt Switch|p2b: Butterfree?!\n|debug|Protosynthesis spa boost\n|-damage|p2b: Butterfree?!|93/374\n|\n|t:|1714698784\n|-end|p1a: Raging Bolt|Protosynthesis|[silent]\n|switch|p1a: Rillaboom|Rillaboom, F|78/404|[from] Volt Switch\n|\n|-weather|SunnyDay|[upkeep]\n|-heal|p2a: smearin' deez|33/314|[from] Grassy Terrain\n|-heal|p2b: Butterfree?!|116/374|[from] Grassy Terrain\n|-heal|p2b: Butterfree?!|139/374|[from] item: Leftovers\n|-heal|p1a: Rillaboom|103/404|[from] Grassy Terrain\n|debug|Pokemon semi-invuln or not grounded; Grassy Terrain skipped\n|-heal|p1b: Cresselia|36/444|[from] item: Leftovers\n|-ability|p2a: smearin' deez|Moody|boost\n|-boost|p2a: smearin' deez|spe|2\n|-unboost|p2a: smearin' deez|spa|1\n|upkeep\n|turn|12\n|\n|t:|1714698814\n|move|p1a: Rillaboom|Fake Out|p2b: Butterfree?!\n|-damage|p2b: Butterfree?!|86/374\n|-status|p1a: Rillaboom|brn|[from] ability: Flame Body|[of] p2b: Butterfree?!\n|move|p2a: smearin' deez|Spore|p1b: Cresselia\n|-status|p1b: Cresselia|slp|[from] move: Spore\n|cant|p2b: Butterfree?!|flinch\n|cant|p1b: Cresselia|slp\n|\n|-weather|SunnyDay|[upkeep]\n|-heal|p2a: smearin' deez|52/314|[from] Grassy Terrain\n|-heal|p2b: Butterfree?!|109/374|[from] Grassy Terrain\n|-heal|p2b: Butterfree?!|132/374|[from] item: Leftovers\n|debug|Pokemon semi-invuln or not grounded; Grassy Terrain skipped\n|-heal|p1a: Rillaboom|128/404 brn|[from] Grassy Terrain\n|-heal|p1b: Cresselia|63/444 slp|[from] item: Leftovers\n|-damage|p1a: Rillaboom|103/404 brn|[from] brn\n|-ability|p2a: smearin' deez|Moody|boost\n|-boost|p2a: smearin' deez|spd|2\n|-unboost|p2a: smearin' deez|spa|1\n|upkeep\n|turn|13\n|\n|t:|1714698859\n|switch|p2a: Tickle Me Elmo|Annihilape, F|423/423\n|-terastallize|p1a: Rillaboom|Grass\n|move|p1a: Rillaboom|Grassy Glide|p2b: Butterfree?!\n|debug|grassy terrain boost\n|-resisted|p2b: Butterfree?!\n|-damage|p2b: Butterfree?!|113/374\n|move|p2b: Butterfree?!|Heat Wave|p1b: Cresselia|[spread] p1a,p1b\n|debug|Spread modifier: 0.75\n|debug|Sunny Day fire boost\n|-supereffective|p1a: Rillaboom\n|debug|Spread modifier: 0.75\n|debug|Sunny Day fire boost\n|-damage|p1a: Rillaboom|0 fnt\n|-damage|p1b: Cresselia|0 fnt\n|debug|move failed because it did nothing\n|faint|p1a: Rillaboom\n|faint|p1b: Cresselia\n|\n|-weather|none\n|-heal|p2b: Butterfree?!|136/374|[from] Grassy Terrain\n|-heal|p2b: Butterfree?!|159/374|[from] item: Leftovers\n|upkeep\n|\n|t:|1714698877\n|switch|p1b: Raging Bolt|Raging Bolt|372/454 brn\n|turn|14\n|\n|t:|1714698897\n|move|p2a: Tickle Me Elmo|Rage Fist|p1b: Raging Bolt\n|-crit|p1b: Raging Bolt\n|-damage|p1b: Raging Bolt|216/454 brn\n|move|p2b: Butterfree?!|Heat Wave|p1b: Raging Bolt\n|-resisted|p1b: Raging Bolt\n|-damage|p1b: Raging Bolt|141/454 brn\n|debug|move failed because it did nothing\n|move|p1b: Raging Bolt|Draco Meteor|p2a: Tickle Me Elmo\n|-crit|p2a: Tickle Me Elmo\n|-damage|p2a: Tickle Me Elmo|0 fnt\n|-unboost|p1b: Raging Bolt|spa|2\n|faint|p2a: Tickle Me Elmo\n|\n|-heal|p2b: Butterfree?!|182/374|[from] Grassy Terrain\n|-heal|p2b: Butterfree?!|205/374|[from] item: Leftovers\n|-heal|p1b: Raging Bolt|169/454 brn|[from] Grassy Terrain\n|-damage|p1b: Raging Bolt|141/454 brn|[from] brn\n|-sideend|p2: noli_cannoli10|move: Tailwind\n|-fieldend|move: Grassy Terrain\n|upkeep\n|\n|t:|1714698916\n|switch|p2a: smearin' deez|Smeargle, F|52/314\n|turn|15\n|\n|t:|1714698923\n|move|p2a: smearin' deez|Fake Out|p1b: Raging Bolt\n|-damage|p1b: Raging Bolt|126/454 brn\n|cant|p1b: Raging Bolt|flinch\n|move|p2b: Butterfree?!|Heat Wave|p1b: Raging Bolt\n|-resisted|p1b: Raging Bolt\n|-damage|p1b: Raging Bolt|44/454 brn\n|\n|-heal|p2b: Butterfree?!|228/374|[from] item: Leftovers\n|-damage|p1b: Raging Bolt|16/454 brn|[from] brn\n|-ability|p2a: smearin' deez|Moody|boost\n|-boost|p2a: smearin' deez|atk|2\n|-unboost|p2a: smearin' deez|def|1\n|upkeep\n|turn|16\n|\n|t:|1714698947\n|move|p2a: smearin' deez|Spiky Shield|p2a: smearin' deez\n|-singleturn|p2a: smearin' deez|move: Protect\n|move|p1b: Raging Bolt|Draco Meteor|p2b: Butterfree?!\n|-damage|p2b: Butterfree?!|39/374\n|-unboost|p1b: Raging Bolt|spa|2\n|move|p2b: Butterfree?!|Heat Wave|p1b: Raging Bolt\n|-resisted|p1b: Raging Bolt\n|-damage|p1b: Raging Bolt|0 fnt\n|debug|move failed because it did nothing\n|faint|p1b: Raging Bolt\n|-end|p1b: Raging Bolt|Protosynthesis|[silent]\n|\n|win|noli_cannoli10\n","uploadtime":1714698969,"views":"33","formatid":"gen9doublescustomgame","rating":null,"private":0,"password":null}