{"id":"gen9doublescustomgame-2089924968","format":"[Gen 9] Doubles Custom Game","players":["mistermoscow","je64"],"log":"|j|☆mistermoscow\n|j|☆je64\n|t:|1711500724\n|gametype|doubles\n|player|p1|mistermoscow|alder|\n|player|p2|je64|2|\n|teamsize|p1|6\n|teamsize|p2|6\n|gen|9\n|tier|[Gen 9] Doubles Custom Game\n|clearpoke\n|poke|p1|Pelipper, M|\n|poke|p1|Tapu Koko|\n|poke|p1|Archaludon, M|\n|poke|p1|Iron Bundle|\n|poke|p1|Landorus, M|\n|poke|p1|Basculegion, M|\n|poke|p2|Mew|\n|poke|p2|Amoonguss, M|\n|poke|p2|Tornadus, M|\n|poke|p2|Zeraora|\n|poke|p2|Flutter Mane|\n|poke|p2|Chi-Yu|\n|teampreview\n|j| noli_cannoli10\n|j| mattmandaman\n|j| smokeydabearrr\n|\n|t:|1711500797\n|start\n|switch|p1a: Static|Tapu Koko|344/344\n|switch|p1b: Robot Santa|Iron Bundle|253/253\n|switch|p2a: Torn Anus|Tornadus, M|299/299\n|switch|p2b: Dragonball Durag|Zeraora|318/318\n|-fieldstart|move: Electric Terrain|[from] ability: Electric Surge|[of] p1a: Static\n|-activate|p1b: Robot Santa|ability: Quark Drive\n|-start|p1b: Robot Santa|quarkdrivespe\n|turn|1\n|debug|Quark Drive spe boost\n|debug|Quark Drive spe boost\n|\n|t:|1711500846\n|switch|p2a: Ditto's Daddy|Mew|404/404\n|debug|Quark Drive spe boost\n|debug|Quark Drive spe boost\n|move|p1b: Robot Santa|Protect|p1b: Robot Santa\n|-singleturn|p1b: Robot Santa|Protect\n|debug|Quark Drive spe boost\n|move|p1a: Static|Electroweb|p2a: Ditto's Daddy|[spread] p2a\n|-immune|p2b: Dragonball Durag|[from] ability: Volt Absorb\n|debug|electric terrain boost\n|debug|Spread modifier: 0.75\n|-damage|p2a: Ditto's Daddy|350/404\n|-unboost|p2a: Ditto's Daddy|spe|1\n|debug|Quark Drive spe boost\n|move|p2b: Dragonball Durag|Volt Switch|p1b: Robot Santa\n|-activate|p1b: Robot Santa|move: Protect\n|\n|debug|Quark Drive spe boost\n|-heal|p2a: Ditto's Daddy|375/404|[from] item: Leftovers\n|upkeep\n|turn|2\n|debug|Quark Drive spe boost\n|debug|Quark Drive spe boost\n|\n|t:|1711500881\n|-end|p1b: Robot Santa|Quark Drive|[silent]\n|switch|p1b: Archie|Archaludon, M|384/384\n|switch|p1a: God|Landorus, M|319/319\n|move|p2b: Dragonball Durag|Snarl|p1a: God|[spread] p1a,p1b\n|debug|Spread modifier: 0.75\n|debug|Spread modifier: 0.75\n|-damage|p1a: God|272/319\n|-damage|p1b: Archie|357/384\n|-unboost|p1a: God|spa|1\n|-unboost|p1b: Archie|spa|1\n|-ability|p1b: Archie|Stamina|boost\n|-boost|p1b: Archie|def|1\n|move|p2a: Ditto's Daddy|Cosmic Power|p2a: Ditto's Daddy\n|-boost|p2a: Ditto's Daddy|def|1\n|-boost|p2a: Ditto's Daddy|spd|1\n|\n|-heal|p2a: Ditto's Daddy|400/404|[from] item: Leftovers\n|upkeep\n|turn|3\n|\n|t:|1711500914\n|switch|p2b: Mr. Sneezy|Amoonguss, M|428/428\n|switch|p1b: Jonathan|Pelipper, M|324/324\n|-weather|RainDance|[from] ability: Drizzle|[of] p1b: Jonathan\n|move|p1a: God|Sandsear Storm|p2a: Ditto's Daddy|[spread] p2a,p2b\n|debug|Spread modifier: 0.75\n|debug|Spread modifier: 0.75\n|-damage|p2a: Ditto's Daddy|310/404\n|-damage|p2b: Mr. Sneezy|295/428\n|move|p2a: Ditto's Daddy|Cosmic Power|p2a: Ditto's Daddy\n|-boost|p2a: Ditto's Daddy|def|1\n|-boost|p2a: Ditto's Daddy|spd|1\n|\n|-weather|RainDance|[upkeep]\n|-heal|p2a: Ditto's Daddy|335/404|[from] item: Leftovers\n|upkeep\n|turn|4\n|\n|t:|1711500985\n|switch|p1a: Death Fish|Basculegion, M|381/381\n|move|p1b: Jonathan|Hurricane|p2b: Mr. Sneezy\n|-supereffective|p2b: Mr. Sneezy\n|-damage|p2b: Mr. Sneezy|59/428\n|move|p2a: Ditto's Daddy|Cosmic Power|p2a: Ditto's Daddy\n|-boost|p2a: Ditto's Daddy|def|1\n|-boost|p2a: Ditto's Daddy|spd|1\n|move|p2b: Mr. Sneezy|Spore|p1a: Death Fish\n|-activate|p1a: Death Fish|move: Electric Terrain\n|debug|set status [slp] interrupted\n|debug|move failed because it did nothing\n|\n|-weather|RainDance|[upkeep]\n|-heal|p2a: Ditto's Daddy|360/404|[from] item: Leftovers\n|upkeep\n|turn|5\n|\n|t:|1711501019\n|move|p1a: Death Fish|Wave Crash|p2a: Ditto's Daddy\n|debug|rain water boost\n|-damage|p2a: Ditto's Daddy|237/404\n|-damage|p1a: Death Fish|340/381|[from] Recoil\n|move|p1b: Jonathan|Muddy Water|p2a: Ditto's Daddy|[spread] p2a,p2b\n|debug|Spread modifier: 0.75\n|debug|rain water boost\n|debug|Spread modifier: 0.75\n|debug|rain water boost\n|-resisted|p2b: Mr. Sneezy\n|-damage|p2a: Ditto's Daddy|198/404\n|-damage|p2b: Mr. Sneezy|0 fnt\n|-unboost|p2a: Ditto's Daddy|accuracy|1\n|faint|p2b: Mr. Sneezy\n|move|p2a: Ditto's Daddy|Cosmic Power|p2a: Ditto's Daddy\n|-boost|p2a: Ditto's Daddy|def|1\n|-boost|p2a: Ditto's Daddy|spd|1\n|\n|-weather|RainDance|[upkeep]\n|-heal|p2a: Ditto's Daddy|223/404|[from] item: Leftovers\n|-fieldend|move: Electric Terrain\n|upkeep\n|\n|t:|1711501042\n|switch|p2b: Torn Anus|Tornadus, M|299/299\n|turn|6\n|\n|t:|1711501075\n|switch|p1b: Static|Tapu Koko|344/344\n|-fieldstart|move: Electric Terrain|[from] ability: Electric Surge|[of] p1b: Static\n|move|p1a: Death Fish|Protect|p1a: Death Fish\n|-singleturn|p1a: Death Fish|Protect\n|move|p2b: Torn Anus|Sunny Day|p2b: Torn Anus\n|-weather|SunnyDay\n|move|p2a: Ditto's Daddy|Cosmic Power|p2a: Ditto's Daddy\n|-boost|p2a: Ditto's Daddy|def|1\n|-boost|p2a: Ditto's Daddy|spd|1\n|\n|-weather|SunnyDay|[upkeep]\n|-heal|p2a: Ditto's Daddy|248/404|[from] item: Leftovers\n|upkeep\n|turn|7\n|\n|t:|1711501134\n|switch|p1a: Jonathan|Pelipper, M|324/324\n|-weather|RainDance|[from] ability: Drizzle|[of] p1a: Jonathan\n|move|p2b: Torn Anus|Protect|p2b: Torn Anus\n|-singleturn|p2b: Torn Anus|Protect\n|move|p1b: Static|Electroweb|p2b: Torn Anus|[spread] p2a\n|-activate|p2b: Torn Anus|move: Protect\n|debug|electric terrain boost\n|debug|Spread modifier: 0.75\n|-damage|p2a: Ditto's Daddy|233/404\n|-unboost|p2a: Ditto's Daddy|spe|1\n|move|p2a: Ditto's Daddy|Stored Power|p1a: Jonathan\n|debug|BP: 220\n|-crit|p1a: Jonathan\n|-damage|p1a: Jonathan|0 fnt\n|faint|p1a: Jonathan\n|\n|-weather|RainDance|[upkeep]\n|-heal|p2a: Ditto's Daddy|258/404|[from] item: Leftovers\n|upkeep\n|\n|t:|1711501166\n|switch|p1a: Death Fish|Basculegion, M|340/381\n|turn|8\n|\n|t:|1711501199\n|switch|p1b: Archie|Archaludon, M|357/384\n|move|p1a: Death Fish|Aqua Jet|p2b: Torn Anus\n|debug|rain water boost\n|-damage|p2b: Torn Anus|136/299\n|move|p2b: Torn Anus|Sunny Day|p2b: Torn Anus\n|-weather|SunnyDay\n|move|p2a: Ditto's Daddy|Cosmic Power|p2a: Ditto's Daddy\n|-boost|p2a: Ditto's Daddy|def|1\n|-boost|p2a: Ditto's Daddy|spd|1\n|\n|-weather|SunnyDay|[upkeep]\n|-heal|p2a: Ditto's Daddy|283/404|[from] item: Leftovers\n|upkeep\n|turn|9\n|\n|t:|1711501257\n|move|p1a: Death Fish|Protect|p1a: Death Fish\n|-singleturn|p1a: Death Fish|Protect\n|move|p2b: Torn Anus|Tailwind|p2b: Torn Anus\n|-sidestart|p2: je64|move: Tailwind\n|move|p2a: Ditto's Daddy|Stored Power|p1a: Death Fish\n|-activate|p1a: Death Fish|move: Protect\n|move|p1b: Archie|Snarl|p2a: Ditto's Daddy|[spread] p2a,p2b\n|debug|Spread modifier: 0.75\n|-supereffective|p2a: Ditto's Daddy\n|debug|Spread modifier: 0.75\n|-damage|p2a: Ditto's Daddy|267/404\n|-damage|p2b: Torn Anus|84/299\n|-unboost|p2a: Ditto's Daddy|spa|1\n|debug|Covert Cloak prevent secondary\n|\n|-weather|SunnyDay|[upkeep]\n|-heal|p2a: Ditto's Daddy|292/404|[from] item: Leftovers\n|upkeep\n|turn|10\n|\n|t:|1711501357\n|switch|p2b: Dragonball Durag|Zeraora|318/318\n|-terastallize|p1a: Death Fish|Dark\n|move|p1a: Death Fish|Wave Crash|p2b: Dragonball Durag\n|debug|Sunny Day water suppress\n|-damage|p2b: Dragonball Durag|164/318\n|-damage|p1a: Death Fish|289/381|[from] Recoil\n|move|p2a: Ditto's Daddy|Stored Power|p1b: Archie\n|debug|BP: 260\n|-resisted|p1b: Archie\n|-damage|p1b: Archie|294/384\n|-ability|p1b: Archie|Stamina|boost\n|-boost|p1b: Archie|def|1\n|move|p1b: Archie|Snarl|p2a: Ditto's Daddy|[spread] p2a,p2b\n|debug|Spread modifier: 0.75\n|-supereffective|p2a: Ditto's Daddy\n|debug|Spread modifier: 0.75\n|-damage|p2a: Ditto's Daddy|274/404\n|-damage|p2b: Dragonball Durag|115/318\n|-unboost|p2a: Ditto's Daddy|spa|1\n|-unboost|p2b: Dragonball Durag|spa|1\n|-enditem|p2b: Dragonball Durag|Sitrus Berry|[eat]\n|-heal|p2b: Dragonball Durag|194/318|[from] item: Sitrus Berry\n|\n|-weather|SunnyDay|[upkeep]\n|-heal|p2a: Ditto's Daddy|299/404|[from] item: Leftovers\n|-fieldend|move: Electric Terrain\n|upkeep\n|turn|11\n|\n|t:|1711501421\n|switch|p1a: Static|Tapu Koko|344/344\n|-fieldstart|move: Electric Terrain|[from] ability: Electric Surge|[of] p1a: Static\n|move|p2b: Dragonball Durag|Volt Switch|p1a: Static\n|debug|electric terrain boost\n|-resisted|p1a: Static\n|-damage|p1a: Static|287/344\n|\n|t:|1711501451\n|switch|p2b: Shi-Yu In Hell|Chi-Yu|252/252|[from] Volt Switch\n|-ability|p2b: Shi-Yu In Hell|Beads of Ruin\n|move|p2a: Ditto's Daddy|Body Press|p1a: Static\n|-resisted|p1a: Static\n|-damage|p1a: Static|124/344\n|move|p1b: Archie|Snarl|p2b: Shi-Yu In Hell|[spread] p2a,p2b\n|debug|Beads of Ruin SpD drop\n|debug|Spread modifier: 0.75\n|-supereffective|p2a: Ditto's Daddy\n|debug|Spread modifier: 0.75\n|-resisted|p2b: Shi-Yu In Hell\n|-damage|p2a: Ditto's Daddy|273/404\n|-damage|p2b: Shi-Yu In Hell|235/252\n|-unboost|p2a: Ditto's Daddy|spa|1\n|-unboost|p2b: Shi-Yu In Hell|spa|1\n|\n|-weather|SunnyDay|[upkeep]\n|-heal|p2a: Ditto's Daddy|298/404|[from] item: Leftovers\n|upkeep\n|turn|12\n|\n|t:|1711501507\n|switch|p2a: Torn Anus|Tornadus, M|84/299\n|move|p2b: Shi-Yu In Hell|Heat Wave|p1a: Static|[spread] p1a,p1b\n|debug|Beads of Ruin SpD drop\n|debug|Spread modifier: 0.75\n|debug|Sunny Day fire boost\n|debug|Negating (sp)atk boost/penalty.\n|debug|Beads of Ruin SpD drop\n|debug|Spread modifier: 0.75\n|debug|Sunny Day fire boost\n|-crit|p1b: Archie\n|-damage|p1a: Static|0 fnt\n|-damage|p1b: Archie|0 fnt\n|faint|p1a: Static\n|faint|p1b: Archie\n|\n|-weather|none\n|-sideend|p2: je64|move: Tailwind\n|upkeep\n|\n|t:|1711501518\n|switch|p1a: Robot Santa|Iron Bundle|253/253\n|switch|p1b: Death Fish|Basculegion, M, tera:Dark|289/381\n|-activate|p1a: Robot Santa|ability: Quark Drive\n|-start|p1a: Robot Santa|quarkdrivespe\n|turn|13\n|debug|Quark Drive spe boost\n|debug|Quark Drive spe boost\n|\n|t:|1711501633\n|switch|p2b: Ditto's Daddy|Mew|298/404\n|debug|Quark Drive spe boost\n|debug|Quark Drive spe boost\n|move|p1b: Death Fish|Protect|p1b: Death Fish\n|-singleturn|p1b: Death Fish|Protect\n|debug|Quark Drive spe boost\n|debug|Quark Drive spe boost\n|move|p2a: Torn Anus|Sunny Day|p2a: Torn Anus\n|-weather|SunnyDay\n|debug|Quark Drive spe boost\n|debug|Quark Drive spe boost\n|move|p1a: Robot Santa|Icy Wind|p2b: Ditto's Daddy|[spread] p2a,p2b\n|debug|Spread modifier: 0.75\n|-supereffective|p2a: Torn Anus\n|debug|Spread modifier: 0.75\n|-damage|p2a: Torn Anus|0 fnt\n|-damage|p2b: Ditto's Daddy|240/404\n|debug|Covert Cloak prevent secondary\n|-unboost|p2b: Ditto's Daddy|spe|1\n|faint|p2a: Torn Anus\n|\n|debug|Quark Drive spe boost\n|-weather|SunnyDay|[upkeep]\n|-heal|p2b: Ditto's Daddy|265/404|[from] item: Leftovers\n|upkeep\n|debug|Quark Drive spe boost\n|\n|t:|1711501649\n|switch|p2a: Dragonball Durag|Zeraora|194/318\n|turn|14\n|debug|Quark Drive spe boost\n|debug|Quark Drive spe boost\n|\n|t:|1711501678\n|debug|Quark Drive spe boost\n|debug|Quark Drive spe boost\n|move|p2a: Dragonball Durag|Fake Out|p1b: Death Fish\n|-damage|p1b: Death Fish|244/381\n|debug|Quark Drive spe boost\n|debug|Quark Drive spe boost\n|move|p1a: Robot Santa|Icy Wind|p2a: Dragonball Durag|[spread] p2a,p2b\n|debug|Spread modifier: 0.75\n|debug|Spread modifier: 0.75\n|-damage|p2a: Dragonball Durag|103/318\n|-damage|p2b: Ditto's Daddy|199/404\n|-unboost|p2a: Dragonball Durag|spe|1\n|-unboost|p2b: Ditto's Daddy|spe|1\n|debug|Quark Drive spe boost\n|cant|p1b: Death Fish|flinch\n|debug|Quark Drive spe boost\n|move|p2b: Ditto's Daddy|Cosmic Power|p2b: Ditto's Daddy\n|-boost|p2b: Ditto's Daddy|def|1\n|-boost|p2b: Ditto's Daddy|spd|1\n|\n|debug|Quark Drive spe boost\n|-weather|SunnyDay|[upkeep]\n|-heal|p2b: Ditto's Daddy|224/404|[from] item: Leftovers\n|upkeep\n|turn|15\n|debug|Quark Drive spe boost\n|debug|Quark Drive spe boost\n|\n|t:|1711501703\n|-terastallize|p2b: Ditto's Daddy|Dark\n|debug|Quark Drive spe boost\n|debug|Quark Drive spe boost\n|move|p1a: Robot Santa|Freeze-Dry|p2a: Dragonball Durag\n|-damage|p2a: Dragonball Durag|0 fnt\n|faint|p2a: Dragonball Durag\n|debug|Quark Drive spe boost\n|move|p1b: Death Fish|Last Respects|p2b: Ditto's Daddy\n|-resisted|p2b: Ditto's Daddy\n|-damage|p2b: Ditto's Daddy|132/404\n|debug|Quark Drive spe boost\n|move|p2b: Ditto's Daddy|Soft-Boiled|p2b: Ditto's Daddy\n|-heal|p2b: Ditto's Daddy|334/404\n|\n|debug|Quark Drive spe boost\n|-weather|SunnyDay|[upkeep]\n|-heal|p2b: Ditto's Daddy|359/404|[from] item: Leftovers\n|-fieldend|move: Electric Terrain\n|-end|p1a: Robot Santa|Quark Drive\n|upkeep\n|\n|t:|1711501724\n|switch|p2a: Gucci Mane|Flutter Mane|252/252\n|-activate|p2a: Gucci Mane|ability: Protosynthesis\n|-start|p2a: Gucci Mane|protosynthesisspe\n|turn|16\n|debug|Protosynthesis spe boost\n|debug|Protosynthesis spe boost\n|\n|t:|1711501740\n|debug|Protosynthesis spe boost\n|debug|Protosynthesis spe boost\n|move|p1b: Death Fish|Protect|p1b: Death Fish\n|-singleturn|p1b: Death Fish|Protect\n|debug|Protosynthesis spe boost\n|debug|Protosynthesis spe boost\n|move|p2a: Gucci Mane|Dazzling Gleam|p1b: Death Fish|[spread] p1a\n|-activate|p1b: Death Fish|move: Protect\n|debug|Spread modifier: 0.75\n|-damage|p1a: Robot Santa|96/253\n|debug|Protosynthesis spe boost\n|move|p1a: Robot Santa|Icy Wind|p2a: Gucci Mane|[spread] p2a,p2b\n|debug|Spread modifier: 0.75\n|debug|Spread modifier: 0.75\n|-damage|p2a: Gucci Mane|201/252\n|-damage|p2b: Ditto's Daddy|316/404\n|-unboost|p2a: Gucci Mane|spe|1\n|-unboost|p2b: Ditto's Daddy|spe|1\n|debug|Protosynthesis spe boost\n|move|p2b: Ditto's Daddy|Cosmic Power|p2b: Ditto's Daddy\n|-boost|p2b: Ditto's Daddy|def|1\n|-boost|p2b: Ditto's Daddy|spd|1\n|\n|debug|Protosynthesis spe boost\n|-weather|SunnyDay|[upkeep]\n|-heal|p2b: Ditto's Daddy|341/404|[from] item: Leftovers\n|upkeep\n|turn|17\n|debug|Protosynthesis spe boost\n|debug|Protosynthesis spe boost\n|\n|t:|1711501795\n|switch|p1b: God|Landorus, M|272/319\n|debug|Protosynthesis spe boost\n|debug|Protosynthesis spe boost\n|move|p1a: Robot Santa|Freeze-Dry|p2b: Ditto's Daddy\n|debug|Negating (sp)def boost/penalty.\n|-crit|p2b: Ditto's Daddy\n|-damage|p2b: Ditto's Daddy|175/404\n|debug|Protosynthesis spe boost\n|debug|Protosynthesis spe boost\n|move|p2a: Gucci Mane|Dazzling Gleam|p1a: Robot Santa|[spread] p1a,p1b\n|debug|Spread modifier: 0.75\n|debug|Spread modifier: 0.75\n|-damage|p1a: Robot Santa|0 fnt\n|-damage|p1b: God|145/319\n|faint|p1a: Robot Santa\n|-end|p1a: Robot Santa|Quark Drive|[silent]\n|debug|Protosynthesis spe boost\n|move|p2b: Ditto's Daddy|Cosmic Power|p2b: Ditto's Daddy\n|-boost|p2b: Ditto's Daddy|def|1\n|-boost|p2b: Ditto's Daddy|spd|1\n|\n|debug|Protosynthesis spe boost\n|-weather|none\n|-end|p2a: Gucci Mane|Protosynthesis\n|-heal|p2b: Ditto's Daddy|200/404|[from] item: Leftovers\n|upkeep\n|\n|t:|1711501808\n|switch|p1a: Death Fish|Basculegion, M, tera:Dark|244/381\n|turn|18\n|\n|t:|1711501912\n|move|p1b: God|Sludge Bomb|p2a: Gucci Mane\n|-damage|p2a: Gucci Mane|70/252\n|move|p2a: Gucci Mane|Dazzling Gleam|p1b: God|[spread] p1a,p1b\n|debug|Spread modifier: 0.75\n|-supereffective|p1a: Death Fish\n|debug|Spread modifier: 0.75\n|-damage|p1a: Death Fish|0 fnt\n|-damage|p1b: God|15/319\n|faint|p1a: Death Fish\n|move|p2b: Ditto's Daddy|Soft-Boiled|p2b: Ditto's Daddy\n|-heal|p2b: Ditto's Daddy|402/404\n|\n|-heal|p2b: Ditto's Daddy|404/404|[from] item: Leftovers\n|upkeep\n|turn|19\n|\n|t:|1711501937\n|move|p2a: Gucci Mane|Protect|p2a: Gucci Mane\n|-singleturn|p2a: Gucci Mane|Protect\n|move|p1b: God|Sandsear Storm|p2a: Gucci Mane|[spread] \n|-activate|p2a: Gucci Mane|move: Protect\n|-miss|p1b: God|p2b: Ditto's Daddy\n|move|p2b: Ditto's Daddy|Stored Power|p1b: God\n|debug|BP: 140\n|-damage|p1b: God|0 fnt\n|faint|p1b: God\n|\n|win|je64\n","uploadtime":1711501947,"views":"30","formatid":"gen9doublescustomgame","rating":null,"private":0,"password":null}