{"id":"gen9doublescustomgame-2289475638","format":"[Gen 9] Doubles Custom Game","players":["mistermoscow","Mattmandaman"],"log":"|j|☆mistermoscow\n|j|☆Mattmandaman\n|t:|1738019177\n|gametype|doubles\n|player|p1|mistermoscow|alder|\n|player|p2|Mattmandaman|giovanni|\n|teamsize|p1|6\n|teamsize|p2|6\n|gen|9\n|tier|[Gen 9] Doubles Custom Game\n|clearpoke\n|poke|p1|Dewgong, M|\n|poke|p1|Poliwrath, F|\n|poke|p1|Gengar, M|\n|poke|p1|Jolteon, M|\n|poke|p1|Snorlax, M|\n|poke|p1|Dragonite, M|\n|poke|p2|Machamp, M|\n|poke|p2|Starmie|\n|poke|p2|Chansey, F|\n|poke|p2|Nidoking, M|\n|poke|p2|Gengar, M|\n|poke|p2|Muk, M|\n|teampreview\n|\n|t:|1738019246\n|start\n|switch|p1a: Dewey|Dewgong, M|384/384\n|switch|p1b: Polly|Poliwrath, F|384/384\n|switch|p2a: Gengar|Gengar, M|262/262\n|switch|p2b: Muk|Muk, M|414/414\n|turn|1\n|\n|t:|1738019268\n|move|p2a: Gengar|Sludge Bomb|p1b: Polly\n|-damage|p1b: Polly|246/384\n|debug|Covert Cloak prevent secondary\n|move|p1b: Polly|Bulk Up|p1b: Polly\n|-boost|p1b: Polly|atk|1\n|-boost|p1b: Polly|def|1\n|move|p1a: Dewey|Flip Turn|p2a: Gengar\n|-damage|p2a: Gengar|186/262\n|\n|t:|1738019281\n|switch|p1a: Sparky|Jolteon, M|271/271|[from] Flip Turn\n|move|p2b: Muk|Poison Jab|p1b: Polly\n|-damage|p1b: Polly|150/384\n|debug|Covert Cloak prevent secondary\n|\n|upkeep\n|turn|2\n|\n|t:|1738019317\n|move|p2a: Gengar|Protect|p2a: Gengar\n|-singleturn|p2a: Gengar|Protect\n|move|p1a: Sparky|Shadow Ball|p2a: Gengar\n|-activate|p2a: Gengar|move: Protect\n|move|p1b: Polly|Liquidation|p2b: Muk\n|-damage|p2b: Muk|206/414\n|move|p2b: Muk|Poison Jab|p1a: Sparky\n|-damage|p1a: Sparky|69/271\n|-status|p1a: Sparky|psn\n|\n|-heal|p2b: Muk|231/414|[from] item: Black Sludge\n|-damage|p1a: Sparky|36/271 psn|[from] psn\n|upkeep\n|turn|3\n|\n|t:|1738019371\n|move|p2b: Muk|Shadow Sneak|p1a: Sparky\n|-damage|p1a: Sparky|0 fnt\n|faint|p1a: Sparky\n|move|p2a: Gengar|Sludge Bomb|p1b: Polly\n|-damage|p1b: Polly|2/384\n|debug|Covert Cloak prevent secondary\n|move|p1b: Polly|Bulk Up|p1b: Polly\n|-boost|p1b: Polly|atk|1\n|-boost|p1b: Polly|def|1\n|\n|-heal|p2b: Muk|256/414|[from] item: Black Sludge\n|upkeep\n|\n|t:|1738019385\n|switch|p1a: Gang Gang|Gengar, M|262/262\n|turn|4\n|\n|t:|1738019416\n|switch|p1b: Snax|Snorlax, M|461/461\n|move|p2b: Muk|Shadow Sneak|p1b: Snax\n|-immune|p1b: Snax\n|move|p1a: Gang Gang|Shadow Ball|p2a: Gengar\n|-supereffective|p2a: Gengar\n|-damage|p2a: Gengar|0 fnt\n|faint|p2a: Gengar\n|\n|-heal|p2b: Muk|281/414|[from] item: Black Sludge\n|upkeep\n|c|☆Mattmandaman|nooo\n|c|☆mistermoscow|mwahaha\n|c|☆Mattmandaman|why i play speed tie\n|c|☆Mattmandaman|chansey safe play\n|\n|t:|1738019455\n|switch|p2a: Machamp|Machamp, M|384/384\n|turn|5\n|c|☆mistermoscow|yeah, i was kinda expecting it but went for the shadow ball anyway\n|\n|t:|1738019508\n|switch|p1b: Puff Daddy|Dragonite, M|355/355\n|move|p2b: Muk|Shadow Sneak|p1a: Gang Gang\n|-supereffective|p1a: Gang Gang\n|-damage|p1a: Gang Gang|126/262\n|-start|p2b: Muk|Disable|Shadow Sneak|[from] ability: Cursed Body|[of] p1a: Gang Gang\n|move|p1a: Gang Gang|Will-O-Wisp|p2a: Machamp\n|-status|p2a: Machamp|brn\n|move|p2a: Machamp|Dynamic Punch|p1b: Puff Daddy\n|debug|Punching Glove boost\n|-resisted|p1b: Puff Daddy\n|-damage|p1b: Puff Daddy|295/355\n|-start|p1b: Puff Daddy|confusion\n|\n|-heal|p2b: Muk|306/414|[from] item: Black Sludge\n|-damage|p2a: Machamp|360/384 brn|[from] brn\n|upkeep\n|turn|6\n|c|☆Mattmandaman|yea safe play from you too\n|\n|t:|1738019547\n|move|p1a: Gang Gang|Dazzling Gleam|p2a: Machamp|[spread] p2a,p2b\n|debug|Spread modifier: 0.75\n|-supereffective|p2a: Machamp\n|-crit|p2a: Machamp\n|debug|Spread modifier: 0.75\n|-resisted|p2b: Muk\n|-damage|p2a: Machamp|124/384 brn\n|-damage|p2b: Muk|271/414\n|-activate|p1b: Puff Daddy|confusion\n|move|p1b: Puff Daddy|Dragon Claw|p2a: Machamp\n|-damage|p2a: Machamp|0 fnt\n|faint|p2a: Machamp\n|move|p2b: Muk|Ice Punch|p1b: Puff Daddy\n|-supereffective|p1b: Puff Daddy\n|-damage|p1b: Puff Daddy|0 fnt\n|faint|p1b: Puff Daddy\n|\n|-heal|p2b: Muk|296/414|[from] item: Black Sludge\n|upkeep\n|\n|t:|1738019580\n|switch|p1b: Snax|Snorlax, M|461/461\n|switch|p2a: Starmie|Starmie|262/262\n|turn|7\n|\n|t:|1738019599\n|move|p2a: Starmie|Psychic|p1a: Gang Gang\n|-supereffective|p1a: Gang Gang\n|-damage|p1a: Gang Gang|0 fnt\n|faint|p1a: Gang Gang\n|move|p2b: Muk|Poison Jab|p1b: Snax\n|-damage|p1b: Snax|319/461\n|debug|set status [psn] interrupted\n|move|p1b: Snax|Double-Edge|p2b: Muk\n|-damage|p2b: Muk|53/414\n|-damage|p1b: Snax|239/461|[from] Recoil\n|\n|-heal|p2b: Muk|78/414|[from] item: Black Sludge\n|upkeep\n|\n|t:|1738019611\n|switch|p1a: Dewey|Dewgong, M|384/384\n|turn|8\n|\n|t:|1738019660\n|switch|p2b: Chansey|Chansey, F|704/704\n|move|p2a: Starmie|Scald|p1b: Snax\n|-damage|p1b: Snax|167/461\n|move|p1a: Dewey|Icy Wind|p2b: Chansey|[spread] p2a,p2b\n|debug|Spread modifier: 0.75\n|-resisted|p2a: Starmie\n|debug|Spread modifier: 0.75\n|-damage|p2a: Starmie|249/262\n|-damage|p2b: Chansey|682/704\n|-unboost|p2a: Starmie|spe|1\n|-unboost|p2b: Chansey|spe|1\n|move|p1b: Snax|Facade|p2b: Chansey\n|-crit|p2b: Chansey\n|-damage|p2b: Chansey|418/704\n|\n|upkeep\n|turn|9\n|\n|t:|1738019687\n|move|p2a: Starmie|Scald|p1b: Snax\n|-damage|p1b: Snax|98/461\n|move|p1a: Dewey|Flip Turn|p2b: Chansey\n|-damage|p2b: Chansey|337/704\n|\n|t:|1738019692\n|switch|p1a: Polly|Poliwrath, F|2/384|[from] Flip Turn\n|move|p1b: Snax|Darkest Lariat|p2a: Starmie\n|debug|Negating (sp)def boost/penalty.\n|-supereffective|p2a: Starmie\n|-damage|p2a: Starmie|23/262\n|move|p2b: Chansey|Thunder Wave|p1a: Polly\n|-status|p1a: Polly|par\n|\n|upkeep\n|turn|10\n|\n|t:|1738019740\n|switch|p2b: Muk|Muk, M|78/414\n|switch|p1a: Dewey|Dewgong, M|384/384\n|move|p2a: Starmie|Scald|p1b: Snax\n|-damage|p1b: Snax|23/461\n|move|p1b: Snax|Darkest Lariat|p2a: Starmie\n|debug|Negating (sp)def boost/penalty.\n|-supereffective|p2a: Starmie\n|-damage|p2a: Starmie|0 fnt\n|faint|p2a: Starmie\n|\n|-heal|p2b: Muk|103/414|[from] item: Black Sludge\n|upkeep\n|\n|t:|1738019757\n|switch|p2a: Chansey|Chansey, F|337/704\n|turn|11\n|\n|t:|1738019774\n|switch|p1b: Polly|Poliwrath, F|2/384 par\n|move|p1a: Dewey|Icy Wind|p2a: Chansey|[spread] p2a,p2b\n|debug|Spread modifier: 0.75\n|debug|Spread modifier: 0.75\n|-damage|p2a: Chansey|318/704\n|-damage|p2b: Muk|70/414\n|-unboost|p2a: Chansey|spe|1\n|-unboost|p2b: Muk|spe|1\n|move|p2b: Muk|Poison Jab|p1b: Polly\n|-damage|p1b: Polly|0 fnt\n|debug|Covert Cloak prevent secondary\n|faint|p1b: Polly\n|move|p2a: Chansey|Soft-Boiled|p2a: Chansey\n|-heal|p2a: Chansey|670/704\n|\n|-heal|p2b: Muk|95/414|[from] item: Black Sludge\n|upkeep\n|\n|t:|1738019788\n|switch|p1b: Snax|Snorlax, M|23/461\n|turn|12\n|\n|t:|1738019819\n|move|p1a: Dewey|Flip Turn|p2b: Muk\n|-damage|p2b: Muk|34/414\n|move|p1b: Snax|Facade|p2b: Muk\n|-damage|p2b: Muk|0 fnt\n|faint|p2b: Muk\n|move|p2a: Chansey|Seismic Toss|p1b: Snax\n|-damage|p1b: Snax|0 fnt\n|faint|p1b: Snax\n|\n|upkeep\n|\n|t:|1738019828\n|switch|p2b: Nidoking|Nidoking, M|304/304\n|turn|13\n|\n|t:|1738019840\n|move|p2b: Nidoking|Earth Power|p1a: Dewey\n|-damage|p1a: Dewey|224/384\n|move|p1a: Dewey|Icy Wind|p2a: Chansey|[spread] p2a,p2b\n|debug|Spread modifier: 0.75\n|debug|Spread modifier: 0.75\n|-supereffective|p2b: Nidoking\n|-damage|p2a: Chansey|648/704\n|-damage|p2b: Nidoking|212/304\n|-unboost|p2a: Chansey|spe|1\n|-unboost|p2b: Nidoking|spe|1\n|move|p2a: Chansey|Seismic Toss|p1a: Dewey\n|-damage|p1a: Dewey|124/384\n|\n|upkeep\n|turn|14\n|\n|t:|1738019855\n|move|p2b: Nidoking|Earth Power|p1a: Dewey\n|-damage|p1a: Dewey|0 fnt\n|faint|p1a: Dewey\n|\n|win|Mattmandaman\n|c|☆mistermoscow|gg\n|c|☆Mattmandaman|gg\n","uploadtime":1738019860,"views":"19","formatid":"gen9doublescustomgame","rating":null,"private":0,"password":null}