{"id":"gen9doublescustomgame-2268135118","format":"[Gen 9] Doubles Custom Game","players":["mistermoscow","je64"],"log":"|j|☆mistermoscow\n|j|☆je64\n|t:|1734938148\n|gametype|doubles\n|player|p1|mistermoscow|alder|\n|player|p2|je64|2|\n|teamsize|p1|6\n|teamsize|p2|6\n|gen|9\n|tier|[Gen 9] Doubles Custom Game\n|clearpoke\n|poke|p1|Butterfree, F|\n|poke|p1|Fearow, M|\n|poke|p1|Clefairy, M|\n|poke|p1|Victreebel, M|\n|poke|p1|Porygon|\n|poke|p1|Snorlax, M|\n|poke|p2|Kadabra, F|\n|poke|p2|Gyarados, M|\n|poke|p2|Hitmonchan, M|\n|poke|p2|Chansey, F|\n|poke|p2|Articuno|\n|poke|p2|Magmar, M|\n|teampreview\n|\n|t:|1734938221\n|start\n|switch|p1a: Clifford|Clefairy, M|282/282\n|switch|p1b: Pogo Jr|Porygon|272/272\n|switch|p2a: Articuno|Articuno|384/384\n|switch|p2b: Myagmar|Magmar, M|271/271\n|-ability|p1b: Pogo Jr|Snow Cloak|[from] ability: Trace|[of] p2a: Articuno\n|turn|1\n|\n|t:|1734938256\n|move|p2b: Myagmar|Overheat|p1a: Clifford\n|-damage|p1a: Clifford|82/282\n|-unboost|p2b: Myagmar|spa|2\n|-damage|p2b: Myagmar|244/271|[from] item: Life Orb\n|move|p2a: Articuno|Sheer Cold|p1b: Pogo Jr|[miss]\n|-miss|p2a: Articuno|p1b: Pogo Jr\n|move|p1b: Pogo Jr|Toxic|p2a: Articuno|[miss]\n|-miss|p1b: Pogo Jr|p2a: Articuno\n|move|p1a: Clifford|Minimize|p1a: Clifford\n|-boost|p1a: Clifford|evasion|2\n|\n|upkeep\n|turn|2\n|\n|t:|1734938279\n|move|p1a: Clifford|Follow Me|p1a: Clifford\n|-singleturn|p1a: Clifford|move: Follow Me\n|move|p2b: Myagmar|Overheat|p1a: Clifford\n|debug|Follow Me redirected target of move\n|-damage|p1a: Clifford|0 fnt\n|-unboost|p2b: Myagmar|spa|2\n|faint|p1a: Clifford\n|-damage|p2b: Myagmar|217/271|[from] item: Life Orb\n|move|p2a: Articuno|Sheer Cold|p1b: Pogo Jr|[miss]\n|-miss|p2a: Articuno|p1b: Pogo Jr\n|move|p1b: Pogo Jr|Toxic|p2a: Articuno\n|-status|p2a: Articuno|tox\n|\n|-damage|p2a: Articuno|360/384 tox|[from] psn\n|upkeep\n|\n|t:|1734938330\n|switch|p1a: Big Bird|Fearow, M|271/271\n|turn|3\n|\n|t:|1734938447\n|switch|p1a: Snax|Snorlax, M|461/461\n|switch|p2b: Chansey|Chansey, F|641/641\n|move|p2a: Articuno|Tailwind|p2a: Articuno\n|-sidestart|p2: je64|move: Tailwind\n|move|p1b: Pogo Jr|Trick Room|p1b: Pogo Jr\n|-fieldstart|move: Trick Room|[of] p1b: Pogo Jr\n|\n|-heal|p2a: Articuno|384/384 tox|[from] item: Leftovers\n|-damage|p2a: Articuno|336/384 tox|[from] psn\n|upkeep\n|turn|4\n|\n|t:|1734938477\n|move|p1a: Snax|Brick Break|p2b: Chansey\n|-supereffective|p2b: Chansey\n|-damage|p2b: Chansey|417/641\n|move|p1b: Pogo Jr|Toxic|p2b: Chansey\n|-status|p2b: Chansey|tox\n|move|p2b: Chansey|Seismic Toss|p1a: Snax\n|-damage|p1a: Snax|361/461\n|move|p2a: Articuno|Snowscape|p2a: Articuno\n|-weather|Snow\n|\n|-weather|Snow|[upkeep]\n|-heal|p2a: Articuno|360/384 tox|[from] item: Leftovers\n|-damage|p2b: Chansey|377/641 tox|[from] psn\n|-damage|p2a: Articuno|288/384 tox|[from] psn\n|upkeep\n|turn|5\n|\n|t:|1734938501\n|move|p1a: Snax|Brick Break|p2b: Chansey\n|-supereffective|p2b: Chansey\n|-damage|p2b: Chansey|157/641 tox\n|move|p1b: Pogo Jr|Reflect|p1b: Pogo Jr\n|-sidestart|p1: mistermoscow|Reflect\n|move|p2b: Chansey|Seismic Toss|p1a: Snax\n|-damage|p1a: Snax|261/461\n|move|p2a: Articuno|Sheer Cold|p1b: Pogo Jr|[miss]\n|-miss|p2a: Articuno|p1b: Pogo Jr\n|\n|-weather|Snow|[upkeep]\n|-activate|p2b: Chansey|ability: Healer\n|-curestatus|p2a: Articuno|tox|[msg]\n|-heal|p2a: Articuno|312/384|[from] item: Leftovers\n|-damage|p2b: Chansey|77/641 tox|[from] psn\n|upkeep\n|turn|6\n|\n|t:|1734938545\n|switch|p2b: Gyarados|Gyarados, M|331/331\n|-ability|p2b: Gyarados|Intimidate|boost\n|-fail|p1a: Snax|unboost|[from] item: Clear Amulet|[of] p1a: Snax\n|-unboost|p1b: Pogo Jr|atk|1\n|move|p1a: Snax|Protect|p1a: Snax\n|-singleturn|p1a: Snax|Protect\n|move|p1b: Pogo Jr|Toxic|p2a: Articuno\n|debug|Snow Cloak - decreasing accuracy\n|-status|p2a: Articuno|tox\n|move|p2a: Articuno|Sheer Cold|p1b: Pogo Jr|[miss]\n|-miss|p2a: Articuno|p1b: Pogo Jr\n|\n|-weather|Snow|[upkeep]\n|-heal|p2a: Articuno|336/384 tox|[from] item: Leftovers\n|-damage|p2a: Articuno|312/384 tox|[from] psn\n|-sideend|p2: je64|move: Tailwind\n|upkeep\n|turn|7\n|\n|t:|1734938572\n|move|p2b: Gyarados|Protect|p2b: Gyarados\n|-singleturn|p2b: Gyarados|Protect\n|move|p1a: Snax|Ice Punch|p2b: Gyarados\n|-activate|p2b: Gyarados|move: Protect\n|move|p1b: Pogo Jr|Icy Wind|p2b: Gyarados|[spread] p2a\n|-activate|p2b: Gyarados|move: Protect\n|debug|Snow Cloak - decreasing accuracy\n|debug|Spread modifier: 0.75\n|-damage|p2a: Articuno|291/384 tox\n|-unboost|p2a: Articuno|spe|1\n|move|p2a: Articuno|Sheer Cold|p1b: Pogo Jr\n|-damage|p1b: Pogo Jr|0 fnt\n|faint|p1b: Pogo Jr\n|-ohko\n|\n|-weather|Snow|[upkeep]\n|-heal|p2a: Articuno|315/384 tox|[from] item: Leftovers\n|-damage|p2a: Articuno|267/384 tox|[from] psn\n|-fieldend|move: Trick Room\n|upkeep\n|\n|t:|1734938621\n|switch|p1b: Big Bird|Fearow, M|271/271\n|turn|8\n|\n|t:|1734938637\n|move|p1b: Big Bird|Feather Dance|p2b: Gyarados\n|-unboost|p2b: Gyarados|atk|2\n|move|p2b: Gyarados|Dragon Dance|p2b: Gyarados\n|-boost|p2b: Gyarados|atk|1\n|-boost|p2b: Gyarados|spe|1\n|move|p2a: Articuno|Blizzard|p1a: Snax|[spread] p1a,p1b\n|debug|Spread modifier: 0.75\n|debug|Spread modifier: 0.75\n|-supereffective|p1b: Big Bird\n|-damage|p1a: Snax|180/461\n|-damage|p1b: Big Bird|0 fnt\n|faint|p1b: Big Bird\n|move|p1a: Snax|Ice Punch|p2b: Gyarados\n|-damage|p2b: Gyarados|218/331\n|\n|-weather|none\n|-heal|p2a: Articuno|291/384 tox|[from] item: Leftovers\n|-damage|p2a: Articuno|219/384 tox|[from] psn\n|upkeep\n|\n|t:|1734938659\n|switch|p1b: Victor|Victreebel, M|364/364\n|turn|9\n|\n|t:|1734938678\n|switch|p2b: Hitmonchan|Hitmonchan, M|242/242\n|move|p1b: Victor|Swords Dance|p1b: Victor\n|-boost|p1b: Victor|atk|2\n|move|p2a: Articuno|Blizzard|p1a: Snax|[spread] p1a,p1b\n|debug|Spread modifier: 0.75\n|debug|Spread modifier: 0.75\n|-supereffective|p1b: Victor\n|-damage|p1a: Snax|98/461\n|-damage|p1b: Victor|116/364\n|move|p1a: Snax|Ice Punch|p2b: Hitmonchan\n|-damage|p2b: Hitmonchan|133/242\n|\n|-heal|p2a: Articuno|243/384 tox|[from] item: Leftovers\n|-damage|p2a: Articuno|147/384 tox|[from] psn\n|-sideend|p1: mistermoscow|Reflect\n|upkeep\n|turn|10\n|\n|t:|1734938706\n|switch|p2a: Gyarados|Gyarados, M|218/331\n|-ability|p2a: Gyarados|Intimidate|boost\n|-fail|p1a: Snax|unboost|[from] item: Clear Amulet|[of] p1a: Snax\n|-unboost|p1b: Victor|atk|1\n|move|p1b: Victor|Protect|p1b: Victor\n|-singleturn|p1b: Victor|Protect\n|move|p1a: Snax|Protect|p1a: Snax\n|-singleturn|p1a: Snax|Protect\n|move|p2b: Hitmonchan|Drain Punch|p1a: Snax\n|-activate|p1a: Snax|move: Protect\n|\n|upkeep\n|turn|11\n|\n|t:|1734938731\n|switch|p1a: Purple Haze|Butterfree, F|262/262\n|move|p2a: Gyarados|Waterfall|p1b: Victor\n|-resisted|p1b: Victor\n|-damage|p1b: Victor|11/364\n|move|p2b: Hitmonchan|Drain Punch|p1a: Purple Haze\n|debug|Iron Fist boost\n|-resisted|p1a: Purple Haze\n|-damage|p1a: Purple Haze|191/262\n|-heal|p2b: Hitmonchan|169/242|[from] drain|[of] p1a: Purple Haze\n|move|p1b: Victor|Leaf Blade|p2b: Hitmonchan\n|-damage|p2b: Hitmonchan|0 fnt\n|faint|p2b: Hitmonchan\n|-damage|p1b: Victor|0 fnt|[from] item: Life Orb\n|faint|p1b: Victor\n|\n|upkeep\n|\n|t:|1734938756\n|switch|p2b: Myagmar|Magmar, M|217/271\n|switch|p1b: Snax|Snorlax, M|98/461\n|turn|12\n|\n|t:|1734938772\n|move|p2a: Gyarados|Waterfall|p1a: Purple Haze\n|-damage|p1a: Purple Haze|0 fnt\n|debug|Covert Cloak prevent secondary\n|faint|p1a: Purple Haze\n|move|p2b: Myagmar|Heat Wave|p1b: Snax\n|-damage|p1b: Snax|0 fnt\n|faint|p1b: Snax\n|-damage|p2b: Myagmar|190/271|[from] item: Life Orb\n|\n|win|je64\n","uploadtime":1734938779,"views":"48","formatid":"gen9doublescustomgame","rating":null,"private":0,"password":null}