{"id":"gen9doublescustomgame-2319968410","format":"[Gen 9] Doubles Custom Game","players":["mistermoscow","je64"],"log":"|j|☆mistermoscow\n|j|☆je64\n|t:|1742009369\n|gametype|doubles\n|player|p1|mistermoscow|alder|\n|player|p2|je64|170|\n|teamsize|p1|6\n|teamsize|p2|6\n|gen|9\n|tier|[Gen 9] Doubles Custom Game\n|clearpoke\n|poke|p1|Nidoking, M|\n|poke|p1|Dugtrio, M|\n|poke|p1|Primeape, M|\n|poke|p1|Mr. Mime, M|\n|poke|p1|Jolteon, M|\n|poke|p1|Dragonite, M|\n|poke|p2|Dugtrio, M|\n|poke|p2|Kadabra, F|\n|poke|p2|Gengar, F|\n|poke|p2|Chansey, F|\n|poke|p2|Electabuzz, F|\n|poke|p2|Gyarados, M|\n|teampreview\n|j| Mango Meloetta\n|j| mattmandaman\n|\n|t:|1742009481\n|start\n|switch|p1a: Sparky|Jolteon, M|272/272\n|switch|p1b: Apollo|Primeape, M|271/271\n|switch|p2a: Gyarados|Gyarados, M|331/331\n|switch|p2b: Buzz Killington|Electabuzz, F|334/334\n|-ability|p2a: Gyarados|Intimidate|boost\n|-unboost|p1a: Sparky|atk|1\n|-unboost|p1b: Apollo|atk|1\n|-ability|p1b: Apollo|Defiant|boost\n|-boost|p1b: Apollo|atk|2\n|turn|1\n|\n|t:|1742009534\n|switch|p2a: Shai-Hulud|Dugtrio, M, shiny|212/212\n|move|p1b: Apollo|Protect|p1b: Apollo\n|-singleturn|p1b: Apollo|Protect\n|move|p1a: Sparky|Volt Switch|p2a: Shai-Hulud\n|-immune|p2a: Shai-Hulud\n|move|p2b: Buzz Killington|Taunt|p1b: Apollo\n|-activate|p1b: Apollo|move: Protect\n|\n|upkeep\n|turn|2\n|\n|t:|1742009566\n|move|p1a: Sparky|Volt Switch|p2b: Buzz Killington\n|-resisted|p2b: Buzz Killington\n|-damage|p2b: Buzz Killington|293/334\n|\n|t:|1742009612\n|switch|p1a: Dougie|Dugtrio, M|212/212|[from] Volt Switch\n|move|p2a: Shai-Hulud|High Horsepower|p1a: Dougie\n|-damage|p1a: Dougie|0 fnt\n|faint|p1a: Dougie\n|move|p2b: Buzz Killington|Taunt|p1b: Apollo\n|-start|p1b: Apollo|move: Taunt\n|cant|p1b: Apollo|move: Taunt|Bulk Up\n|\n|upkeep\n|\n|t:|1742009631\n|switch|p1a: King Nido|Nidoking, M|304/304\n|turn|3\n|\n|t:|1742009653\n|switch|p2b: Lizzo|Chansey, F|704/704\n|move|p1a: King Nido|Ice Beam|p2a: Shai-Hulud\n|-supereffective|p2a: Shai-Hulud\n|-damage|p2a: Shai-Hulud|0 fnt\n|faint|p2a: Shai-Hulud\n|move|p1b: Apollo|Drain Punch|p2b: Lizzo\n|-supereffective|p2b: Lizzo\n|-damage|p2b: Lizzo|222/704\n|\n|upkeep\n|\n|t:|1742009729\n|switch|p2a: K.Dot|Kadabra, F|221/221\n|turn|4\n|\n|t:|1742009772\n|switch|p1a: Mimsy|Mr. Mime, M|222/222\n|move|p2a: K.Dot|Psychic|p1b: Apollo\n|-supereffective|p1b: Apollo\n|-damage|p1b: Apollo|0 fnt\n|faint|p1b: Apollo\n|debug|damage event failed\n|move|p2b: Lizzo|Soft-Boiled|p2b: Lizzo\n|-heal|p2b: Lizzo|574/704\n|\n|upkeep\n|\n|t:|1742009791\n|switch|p1b: Puff Daddy|Dragonite, M|324/324\n|turn|5\n|\n|t:|1742009820\n|switch|p2a: Gyarados|Gyarados, M|331/331\n|-ability|p2a: Gyarados|Intimidate|boost\n|-unboost|p1a: Mimsy|atk|1\n|-fail|p1b: Puff Daddy|unboost|Attack|[from] ability: Inner Focus|[of] p1b: Puff Daddy\n|move|p1a: Mimsy|Fake Out|p2a: Gyarados\n|-damage|p2a: Gyarados|319/331\n|move|p1b: Puff Daddy|Extreme Speed|p2a: Gyarados\n|-damage|p2a: Gyarados|164/331\n|-damage|p1b: Puff Daddy|292/324|[from] item: Life Orb\n|move|p2b: Lizzo|Thunder Wave|p1b: Puff Daddy\n|-status|p1b: Puff Daddy|par\n|\n|upkeep\n|turn|6\n|\n|t:|1742009900\n|move|p2a: Gyarados|Protect|p2a: Gyarados\n|-singleturn|p2a: Gyarados|Protect\n|move|p1a: Mimsy|Psychic|p2a: Gyarados\n|-activate|p2a: Gyarados|move: Protect\n|move|p2b: Lizzo|Thunder Wave|p1a: Mimsy|[miss]\n|-miss|p2b: Lizzo|p1a: Mimsy\n|move|p1b: Puff Daddy|Dragon Dance|p1b: Puff Daddy\n|-boost|p1b: Puff Daddy|atk|1\n|-boost|p1b: Puff Daddy|spe|1\n|\n|upkeep\n|turn|7\n|\n|t:|1742009931\n|switch|p2a: Buzz Killington|Electabuzz, F|293/334\n|move|p1a: Mimsy|Taunt|p2b: Lizzo\n|-start|p2b: Lizzo|move: Taunt\n|move|p1b: Puff Daddy|Dragon Claw|p2a: Buzz Killington\n|-damage|p2a: Buzz Killington|71/334\n|-damage|p1b: Puff Daddy|260/324 par|[from] item: Life Orb\n|cant|p2b: Lizzo|move: Taunt|Thunder Wave\n|\n|upkeep\n|turn|8\n|c|☆je64|gimme a sec\n|\n|t:|1742010073\n|move|p1a: Mimsy|Dazzling Gleam|p2a: Buzz Killington|[spread] p2a,p2b\n|debug|Spread modifier: 0.75\n|debug|Spread modifier: 0.75\n|-damage|p2a: Buzz Killington|4/334\n|-damage|p2b: Lizzo|514/704\n|move|p2a: Buzz Killington|Electroweb|p1b: Puff Daddy|[spread] p1a,p1b\n|debug|Spread modifier: 0.75\n|debug|Spread modifier: 0.75\n|-damage|p1a: Mimsy|180/222\n|-damage|p1b: Puff Daddy|217/324 par\n|-unboost|p1a: Mimsy|spe|1\n|-unboost|p1b: Puff Daddy|spe|1\n|move|p2b: Lizzo|Seismic Toss|p1b: Puff Daddy\n|-damage|p1b: Puff Daddy|117/324 par\n|cant|p1b: Puff Daddy|par\n|\n|-heal|p1a: Mimsy|193/222|[from] item: Leftovers\n|upkeep\n|turn|9\n|\n|t:|1742010097\n|switch|p1a: King Nido|Nidoking, M|304/304\n|move|p1b: Puff Daddy|Extreme Speed|p2a: Buzz Killington\n|-damage|p2a: Buzz Killington|0 fnt\n|faint|p2a: Buzz Killington\n|-damage|p1b: Puff Daddy|85/324 par|[from] item: Life Orb\n|move|p2b: Lizzo|Seismic Toss|p1b: Puff Daddy\n|-damage|p1b: Puff Daddy|0 fnt\n|faint|p1b: Puff Daddy\n|\n|-end|p2b: Lizzo|move: Taunt\n|upkeep\n|\n|t:|1742010155\n|switch|p1b: Mimsy|Mr. Mime, M|193/222\n|switch|p2a: Gyarados|Gyarados, M|164/331\n|-ability|p2a: Gyarados|Intimidate|boost\n|-unboost|p1a: King Nido|atk|1\n|-unboost|p1b: Mimsy|atk|1\n|turn|10\n|\n|t:|1742010173\n|move|p1b: Mimsy|Fake Out|p2b: Lizzo\n|-damage|p2b: Lizzo|501/704\n|move|p1a: King Nido|Focus Blast|p2b: Lizzo|[miss]\n|-miss|p1a: King Nido|p2b: Lizzo\n|move|p2a: Gyarados|Waterfall|p1a: King Nido\n|-supereffective|p1a: King Nido\n|-damage|p1a: King Nido|0 fnt\n|debug|move failed because it did nothing\n|faint|p1a: King Nido\n|cant|p2b: Lizzo|flinch\n|\n|-heal|p1b: Mimsy|206/222|[from] item: Leftovers\n|upkeep\n|\n|t:|1742010185\n|switch|p1a: Sparky|Jolteon, M|272/272\n|turn|11\n|\n|t:|1742010235\n|switch|p2a: K.Dot|Kadabra, F|221/221\n|move|p1a: Sparky|Volt Switch|p2a: K.Dot\n|-damage|p2a: K.Dot|79/221\n|move|p1b: Mimsy|Dazzling Gleam|p2b: Lizzo|[spread] p2a,p2b\n|debug|Spread modifier: 0.75\n|debug|Spread modifier: 0.75\n|-damage|p2a: K.Dot|0 fnt\n|-damage|p2b: Lizzo|437/704\n|faint|p2a: K.Dot\n|move|p2b: Lizzo|Thunder Wave|p1b: Mimsy\n|-status|p1b: Mimsy|par\n|\n|-heal|p1b: Mimsy|219/222 par|[from] item: Leftovers\n|upkeep\n|\n|t:|1742010264\n|switch|p2a: Stranger|Gengar, F|261/261\n|turn|12\n|\n|t:|1742010286\n|move|p1a: Sparky|Volt Switch|p2a: Stranger\n|-damage|p2a: Stranger|128/261\n|-start|p1a: Sparky|Disable|Volt Switch|[from] ability: Cursed Body|[of] p2a: Stranger\n|move|p2a: Stranger|Sludge Bomb|p1a: Sparky\n|-damage|p1a: Sparky|31/272\n|debug|Covert Cloak prevent secondary\n|move|p1b: Mimsy|Dazzling Gleam|p2b: Lizzo|[spread] p2a,p2b\n|debug|Spread modifier: 0.75\n|-resisted|p2a: Stranger\n|debug|Spread modifier: 0.75\n|-damage|p2a: Stranger|68/261\n|-damage|p2b: Lizzo|377/704\n|move|p2b: Lizzo|Soft-Boiled|p2b: Lizzo\n|-heal|p2b: Lizzo|704/704\n|\n|-heal|p1b: Mimsy|222/222 par|[from] item: Leftovers\n|upkeep\n|turn|13\n|\n|t:|1742010318\n|move|p1a: Sparky|Protect|p1a: Sparky\n|-singleturn|p1a: Sparky|Protect\n|move|p2a: Stranger|Sludge Bomb|p1a: Sparky\n|-activate|p1a: Sparky|move: Protect\n|cant|p1b: Mimsy|par\n|move|p2b: Lizzo|Seismic Toss|p1a: Sparky\n|-activate|p1a: Sparky|move: Protect\n|\n|upkeep\n|turn|14\n|\n|t:|1742010338\n|move|p1a: Sparky|Electroweb|p2b: Lizzo|[spread] p2a,p2b\n|debug|Spread modifier: 0.75\n|debug|Spread modifier: 0.75\n|-damage|p2a: Stranger|0 fnt\n|-damage|p2b: Lizzo|665/704\n|-unboost|p2b: Lizzo|spe|1\n|faint|p2a: Stranger\n|move|p1b: Mimsy|Psychic|p2b: Lizzo\n|-damage|p2b: Lizzo|565/704\n|-unboost|p2b: Lizzo|spd|1\n|move|p2b: Lizzo|Seismic Toss|p1a: Sparky\n|-damage|p1a: Sparky|0 fnt\n|faint|p1a: Sparky\n|\n|upkeep\n|\n|t:|1742010349\n|switch|p2a: Gyarados|Gyarados, M|164/331\n|-ability|p2a: Gyarados|Intimidate|boost\n|-unboost|p1b: Mimsy|atk|1\n|turn|15\n|\n|t:|1742010359\n|move|p2a: Gyarados|Waterfall|p1b: Mimsy\n|-damage|p1b: Mimsy|12/222 par\n|cant|p1b: Mimsy|flinch\n|move|p2b: Lizzo|Seismic Toss|p1b: Mimsy\n|-damage|p1b: Mimsy|0 fnt\n|faint|p1b: Mimsy\n|\n|win|je64\n","uploadtime":1742010367,"views":"33","formatid":"gen9doublescustomgame","rating":null,"private":0,"password":null}