{"id":"gen9doublescustomgame-2267371403","format":"[Gen 9] Doubles Custom Game","players":["mistermoscow","Mattmandaman"],"log":"|badge|p2|gold|gen9doublesou|3-3\n|uhtml|medal-msg|<div class=\"broadcast-blue\">Curious what those medals under the avatar are? PS now has Ladder Seasons! For more information, check out the <a href=\"https://www.smogon.com/forums/threads/3740067/\">thread on Smogon.</a></div>\n|j|☆mistermoscow\n|j|☆Mattmandaman\n|t:|1734817269\n|gametype|doubles\n|player|p1|mistermoscow|alder|\n|player|p2|Mattmandaman|giovanni|\n|teamsize|p1|6\n|teamsize|p2|6\n|gen|9\n|tier|[Gen 9] Doubles Custom Game\n|clearpoke\n|poke|p1|Butterfree, F|\n|poke|p1|Fearow, M|\n|poke|p1|Clefairy, M|\n|poke|p1|Victreebel, M|\n|poke|p1|Porygon|\n|poke|p1|Snorlax, M|\n|poke|p2|Nidorino, M|\n|poke|p2|Farfetch’d, F|\n|poke|p2|Ponyta, M|\n|poke|p2|Exeggcute, F|\n|poke|p2|Clefairy, F|\n|poke|p2|Pikachu-Alola, M|\n|teampreview\n|c|☆mistermoscow|damn the disrespect to use the b team in an official lol\n|c|☆Mattmandaman|lol it may not be garbage\n|\n|t:|1734817385\n|start\n|switch|p1a: Purple Haze|Butterfree, F|262/262\n|switch|p1b: Snax|Snorlax, M|461/461\n|switch|p2a: Pikachu|Pikachu-Alola, M|212/212\n|switch|p2b: Farfetch’d|Farfetch’d, F|246/246\n|turn|1\n|c|☆mistermoscow|wait, thats alola pikachui, das illegal\n|c|☆mistermoscow|kanto mons only\n|c|☆Mattmandaman|but i wanted a hat :(\n|c|☆mistermoscow|ehhhh ok\n|c|☆Mattmandaman|ill ban him after this game you right tho\n|\n|t:|1734817480\n|move|p1b: Snax|Protect|p1b: Snax\n|-singleturn|p1b: Snax|Protect\n|move|p2a: Pikachu|Thunderbolt|p1a: Purple Haze\n|-supereffective|p1a: Purple Haze\n|-damage|p1a: Purple Haze|0 fnt\n|debug|Covert Cloak prevent secondary\n|faint|p1a: Purple Haze\n|move|p2b: Farfetch’d|Tailwind|p2b: Farfetch’d\n|-sidestart|p2: Mattmandaman|move: Tailwind\n|\n|upkeep\n|\n|t:|1734817501\n|switch|p1a: Pogo Jr|Porygon|272/272\n|-ability|p1a: Pogo Jr|Keen Eye|[from] ability: Trace|[of] p2b: Farfetch’d\n|turn|2\n|\n|t:|1734817534\n|switch|p2a: Exeggcute|Exeggcute, F|324/324\n|switch|p2b: Clefairy|Clefairy, F|344/344\n|move|p1b: Snax|Ice Punch|p2b: Clefairy\n|-damage|p2b: Clefairy|270/344\n|move|p1a: Pogo Jr|Trick Room|p1a: Pogo Jr\n|-fieldstart|move: Trick Room|[of] p1a: Pogo Jr\n|\n|upkeep\n|turn|3\n|\n|t:|1734817553\n|switch|p1b: Big Bird|Fearow, M|271/271\n|move|p1a: Pogo Jr|Thunder Wave|p2a: Exeggcute\n|-status|p2a: Exeggcute|par\n|cant|p2a: Exeggcute|par\n|move|p2b: Clefairy|Moonblast|p1a: Pogo Jr\n|-damage|p1a: Pogo Jr|221/272\n|-unboost|p1a: Pogo Jr|spa|1\n|\n|upkeep\n|turn|4\n|\n|t:|1734817576\n|move|p2b: Clefairy|Follow Me|p2b: Clefairy\n|-singleturn|p2b: Clefairy|move: Follow Me\n|move|p1a: Pogo Jr|Thunder Wave|p2b: Clefairy\n|debug|Follow Me redirected target of move\n|-status|p2b: Clefairy|par\n|move|p2a: Exeggcute|Sleep Powder|p1b: Big Bird\n|-status|p1b: Big Bird|slp|[from] move: Sleep Powder\n|cant|p1b: Big Bird|slp\n|\n|-sideend|p2: Mattmandaman|move: Tailwind\n|upkeep\n|turn|5\n|\n|t:|1734817596\n|move|p2b: Clefairy|Moonblast|p1a: Pogo Jr\n|-damage|p1a: Pogo Jr|176/272\n|cant|p2a: Exeggcute|par\n|move|p1a: Pogo Jr|Icy Wind|p2a: Exeggcute|[spread] p2a,p2b\n|debug|Spread modifier: 0.75\n|-supereffective|p2a: Exeggcute\n|debug|Friend Guard weaken\n|debug|Spread modifier: 0.75\n|-damage|p2a: Exeggcute|300/324 par\n|-damage|p2b: Clefairy|257/344 par\n|-unboost|p2a: Exeggcute|spe|1\n|-unboost|p2b: Clefairy|spe|1\n|-curestatus|p1b: Big Bird|slp|[msg]\n|move|p1b: Big Bird|Leer|p2b: Clefairy|[spread] p2a,p2b\n|-unboost|p2a: Exeggcute|def|1\n|-unboost|p2b: Clefairy|def|1\n|\n|upkeep\n|turn|6\n|\n|t:|1734817634\n|switch|p2a: Ponyta|Ponyta, M|242/242\n|switch|p1a: Snax|Snorlax, M|461/461\n|move|p2b: Clefairy|Moonblast|p1a: Snax\n|-damage|p1a: Snax|397/461\n|move|p1b: Big Bird|Leer|p2a: Ponyta|[spread] p2a,p2b\n|-unboost|p2a: Ponyta|def|1\n|-unboost|p2b: Clefairy|def|1\n|\n|-fieldend|move: Trick Room\n|upkeep\n|turn|7\n|\n|t:|1734817649\n|move|p2b: Clefairy|Follow Me|p2b: Clefairy\n|-singleturn|p2b: Clefairy|move: Follow Me\n|move|p1b: Big Bird|Leer|p2b: Clefairy|[spread] p2a,p2b\n|-unboost|p2a: Ponyta|def|1\n|-unboost|p2b: Clefairy|def|1\n|move|p2a: Ponyta|Will-O-Wisp|p1a: Snax\n|-status|p1a: Snax|brn\n|move|p1a: Snax|Earthquake|p2b: Clefairy|[spread] p2a,p2b\n|-immune|p1b: Big Bird\n|debug|Spread modifier: 0.75\n|-supereffective|p2a: Ponyta\n|debug|Friend Guard weaken\n|debug|Spread modifier: 0.75\n|-damage|p2a: Ponyta|107/242\n|-damage|p2b: Clefairy|149/344 par\n|\n|-damage|p1a: Snax|369/461 brn|[from] brn\n|upkeep\n|turn|8\n|\n|t:|1734817684\n|switch|p2a: Farfetch’d|Farfetch’d, F|246/246\n|move|p1b: Big Bird|Leer|p2a: Farfetch’d|[spread] p2a,p2b\n|-unboost|p2a: Farfetch’d|def|1\n|-unboost|p2b: Clefairy|def|1\n|move|p1a: Snax|Earthquake|p2a: Farfetch’d|[spread] p2b\n|-immune|p1b: Big Bird\n|-immune|p2a: Farfetch’d\n|debug|Spread modifier: 0.75\n|-damage|p2b: Clefairy|29/344 par\n|cant|p2b: Clefairy|par\n|\n|-damage|p1a: Snax|341/461 brn|[from] brn\n|upkeep\n|turn|9\n|\n|t:|1734817701\n|switch|p2b: Exeggcute|Exeggcute, F|300/324 par\n|move|p1b: Big Bird|Leer|p2b: Exeggcute|[spread] p2a,p2b\n|-unboost|p2a: Farfetch’d|def|1\n|-unboost|p2b: Exeggcute|def|1\n|move|p2a: Farfetch’d|Dual Wingbeat|p1b: Big Bird\n|-damage|p1b: Big Bird|189/271\n|-damage|p1b: Big Bird|95/271\n|-hitcount|p1b: Big Bird|2\n|move|p1a: Snax|Ice Punch|p2a: Farfetch’d\n|-supereffective|p2a: Farfetch’d\n|-enditem|p2a: Farfetch’d|Focus Sash\n|-damage|p2a: Farfetch’d|1/246\n|\n|-damage|p1a: Snax|313/461 brn|[from] brn\n|upkeep\n|turn|10\n|\n|t:|1734817723\n|switch|p1b: Pogo Jr|Porygon|176/272\n|-ability|p1b: Pogo Jr|Keen Eye|[from] ability: Trace|[of] p2a: Farfetch’d\n|switch|p2a: Clefairy|Clefairy, F|29/344 par\n|move|p1a: Snax|Ice Punch|p2a: Clefairy\n|-damage|p2a: Clefairy|0 fnt\n|faint|p2a: Clefairy\n|move|p2b: Exeggcute|Leech Seed|p1a: Snax\n|-start|p1a: Snax|move: Leech Seed\n|\n|-damage|p1a: Snax|256/461 brn|[from] Leech Seed|[of] p2b: Exeggcute\n|-heal|p2b: Exeggcute|324/324 par|[silent]\n|-damage|p1a: Snax|228/461 brn|[from] brn\n|upkeep\n|\n|t:|1734817737\n|switch|p2a: Pikachu|Pikachu-Alola, M|212/212\n|turn|11\n|\n|t:|1734817760\n|switch|p1a: Clifford|Clefairy, M|282/282\n|move|p2a: Pikachu|Thunderbolt|p1a: Clifford\n|-damage|p1a: Clifford|165/282\n|-status|p1a: Clifford|par\n|move|p1b: Pogo Jr|Reflect|p1b: Pogo Jr\n|-sidestart|p1: mistermoscow|Reflect\n|move|p2b: Exeggcute|Sleep Powder|p1b: Pogo Jr\n|-status|p1b: Pogo Jr|slp|[from] move: Sleep Powder\n|\n|upkeep\n|turn|12\n|c|☆mistermoscow|no sleep powder misses, thunderbolt para, i call haxxx\n|\n|t:|1734817818\n|move|p2a: Pikachu|Thunderbolt|p1b: Pogo Jr\n|debug|Friend Guard weaken\n|-damage|p1b: Pogo Jr|95/272 slp\n|cant|p1b: Pogo Jr|slp\n|cant|p2b: Exeggcute|par\n|move|p1a: Clifford|Aromatherapy|p1a: Clifford\n|-activate|p1a: Clifford|move: Aromatherapy\n|-curestatus|p1a: Clifford|par|[msg]\n|-curestatus|p1b: Pogo Jr|slp|[msg]\n|-curestatus|p1: Snax|brn|[msg]\n|\n|upkeep\n|turn|13\n|c|☆Mattmandaman|i got enough full paras to make up for it\n|\n|t:|1734817845\n|move|p2a: Pikachu|Thunderbolt|p1b: Pogo Jr\n|debug|Friend Guard weaken\n|-damage|p1b: Pogo Jr|9/272\n|move|p1b: Pogo Jr|Icy Wind|p2a: Pikachu|[spread] p2a,p2b\n|debug|Spread modifier: 0.75\n|debug|Spread modifier: 0.75\n|-supereffective|p2b: Exeggcute\n|-damage|p2a: Pikachu|167/212\n|-damage|p2b: Exeggcute|276/324 par\n|-unboost|p2a: Pikachu|spe|1\n|-unboost|p2b: Exeggcute|spe|1\n|move|p1a: Clifford|Minimize|p1a: Clifford\n|-boost|p1a: Clifford|evasion|2\n|move|p2b: Exeggcute|Leech Seed|p1a: Clifford\n|-start|p1a: Clifford|move: Leech Seed\n|\n|-damage|p1a: Clifford|130/282|[from] Leech Seed|[of] p2b: Exeggcute\n|-heal|p2b: Exeggcute|311/324 par|[silent]\n|upkeep\n|turn|14\n|\n|t:|1734817904\n|switch|p1a: Victor|Victreebel, M|364/364\n|move|p2a: Pikachu|Electroweb|p1a: Victor|[spread] p1a,p1b\n|debug|Spread modifier: 0.75\n|-resisted|p1a: Victor\n|debug|Spread modifier: 0.75\n|-damage|p1a: Victor|307/364\n|-damage|p1b: Pogo Jr|0 fnt\n|-unboost|p1a: Victor|spe|1\n|faint|p1b: Pogo Jr\n|move|p2b: Exeggcute|Psychic Noise|p1a: Victor\n|-supereffective|p1a: Victor\n|-damage|p1a: Victor|139/364\n|-start|p1a: Victor|move: Heal Block\n|\n|upkeep\n|\n|t:|1734817927\n|switch|p1b: Clifford|Clefairy, M|130/282\n|turn|15\n|\n|t:|1734817942\n|move|p2a: Pikachu|Thunderbolt|p1b: Clifford\n|-damage|p1b: Clifford|4/282\n|move|p1a: Victor|Leaf Blade|p2a: Pikachu\n|-damage|p2a: Pikachu|0 fnt\n|faint|p2a: Pikachu\n|-damage|p1a: Victor|103/364|[from] item: Life Orb\n|move|p1b: Clifford|Minimize|p1b: Clifford\n|-boost|p1b: Clifford|evasion|2\n|move|p2b: Exeggcute|Psychic Noise|p1a: Victor\n|-supereffective|p1a: Victor\n|debug|Friend Guard weaken\n|-damage|p1a: Victor|0 fnt\n|debug|move failed because it did nothing\n|faint|p1a: Victor\n|\n|-sideend|p1: mistermoscow|Reflect\n|upkeep\n|\n|t:|1734817960\n|switch|p2a: Ponyta|Ponyta, M|107/242\n|switch|p1a: Big Bird|Fearow, M|95/271\n|turn|16\n|\n|t:|1734817983\n|move|p1b: Clifford|Follow Me|p1b: Clifford\n|-singleturn|p1b: Clifford|move: Follow Me\n|move|p1a: Big Bird|Drill Peck|p2b: Exeggcute\n|-supereffective|p2b: Exeggcute\n|-damage|p2b: Exeggcute|33/324 par\n|move|p2a: Ponyta|Wild Charge|p1b: Clifford\n|debug|Follow Me redirected target of move\n|-damage|p1b: Clifford|0 fnt\n|faint|p1b: Clifford\n|-damage|p2a: Ponyta|106/242|[from] Recoil\n|move|p2b: Exeggcute|Psychic Noise|p1a: Big Bird\n|-damage|p1a: Big Bird|7/271\n|-start|p1a: Big Bird|move: Heal Block\n|\n|upkeep\n|\n|t:|1734817996\n|switch|p1b: Snax|Snorlax, M|228/461\n|turn|17\n|\n|t:|1734818017\n|move|p1a: Big Bird|Drill Peck|p2a: Ponyta\n|-damage|p2a: Ponyta|0 fnt\n|faint|p2a: Ponyta\n|move|p1b: Snax|Ice Punch|p2b: Exeggcute\n|-supereffective|p2b: Exeggcute\n|-damage|p2b: Exeggcute|0 fnt\n|faint|p2b: Exeggcute\n|\n|-end|p1a: Big Bird|move: Heal Block\n|upkeep\n|\n|t:|1734818021\n|switch|p2a: Nidorino|Nidorino, M|264/264\n|switch|p2b: Farfetch’d|Farfetch’d, F|1/246\n|turn|18\n|\n|t:|1734818058\n|move|p2b: Farfetch’d|Feint|p1a: Big Bird\n|-damage|p1a: Big Bird|0 fnt\n|faint|p1a: Big Bird\n|move|p2a: Nidorino|Hone Claws|p2a: Nidorino\n|-boost|p2a: Nidorino|atk|1\n|-boost|p2a: Nidorino|accuracy|1\n|move|p1b: Snax|Earthquake|p2a: Nidorino|[spread] p2a\n|-immune|p2b: Farfetch’d\n|debug|Spread modifier: 0.75\n|-supereffective|p2a: Nidorino\n|-damage|p2a: Nidorino|84/264\n|\n|upkeep\n|turn|19\n|\n|t:|1734818071\n|move|p1b: Snax|Protect|p1b: Snax\n|-singleturn|p1b: Snax|Protect\n|move|p2a: Nidorino|Poison Jab|p1b: Snax\n|-activate|p1b: Snax|move: Protect\n|move|p2b: Farfetch’d|Dual Wingbeat|p1b: Snax\n|-activate|p1b: Snax|move: Protect\n|\n|upkeep\n|turn|20\n|\n|t:|1734818085\n|-terastallize|p1b: Snax|Normal\n|move|p2b: Farfetch’d|Feint|p1b: Snax\n|-damage|p1b: Snax|183/461\n|move|p2a: Nidorino|Poison Jab|p1b: Snax\n|-damage|p1b: Snax|0 fnt\n|faint|p1b: Snax\n|\n|win|Mattmandaman\n|c|☆mistermoscow|gg\n|c|☆Mattmandaman|gg\n|c|☆mistermoscow|gonna hop off and take a nap i think\n|c|☆mistermoscow|i might be up to battle more later\n|c|☆Mattmandaman|gotchsa dude if youre up im down\n|c|☆Mattmandaman|if im up lol\n|c|☆mistermoscow|ok sweet, talk to ya later\n|c|☆mistermoscow|pce haha\n|c|☆Mattmandaman|pce\n|l|☆mistermoscow\n|player|p1|\n","uploadtime":1734818096,"views":"57","formatid":"gen9doublescustomgame","rating":null,"private":0,"password":null}