{"id":"gen9doublescustomgame-2363389695","format":"[Gen 9] Doubles Custom Game","players":["mistermoscow","Mattmandaman"],"log":"|j|☆mistermoscow\n|j|☆Mattmandaman\n|t:|1747173089\n|gametype|doubles\n|player|p1|mistermoscow|alder|\n|player|p2|Mattmandaman|giovanni|\n|teamsize|p1|6\n|teamsize|p2|6\n|gen|9\n|tier|[Gen 9] Doubles Custom Game\n|clearpoke\n|poke|p1|Dugtrio, M|\n|poke|p1|Primeape, M|\n|poke|p1|Kingler, M|\n|poke|p1|Mr. Mime, M|\n|poke|p1|Jolteon, M|\n|poke|p1|Dragonite, M|\n|poke|p2|Slowpoke, F|\n|poke|p2|Clefairy, F|\n|poke|p2|Marowak, M|\n|poke|p2|Gengar, M|\n|poke|p2|Snorlax, M|\n|poke|p2|Muk, F|\n|teampreview\n|\n|t:|1747173131\n|start\n|switch|p1a: Sparky|Jolteon, M|271/271\n|switch|p1b: Mister Snips|Kingler, M|251/251\n|switch|p2a: Muk|Muk, F|397/397\n|switch|p2b: Gengar|Gengar, M|262/262\n|turn|1\n|\n|t:|1747173146\n|move|p2b: Gengar|Protect|p2b: Gengar\n|-singleturn|p2b: Gengar|Protect\n|move|p1a: Sparky|Electroweb|p2a: Muk|[spread] p2a\n|-activate|p2b: Gengar|move: Protect\n|debug|Spread modifier: 0.75\n|-damage|p2a: Muk|333/397\n|-unboost|p2a: Muk|spe|1\n|move|p1b: Mister Snips|Knock Off|p2b: Gengar\n|-activate|p2b: Gengar|move: Protect\n|move|p2a: Muk|Poison Jab|p1a: Sparky\n|-damage|p1a: Sparky|67/271\n|-status|p1a: Sparky|psn|[from] ability: Poison Touch|[of] p2a: Muk\n|\n|-heal|p2a: Muk|357/397|[from] item: Black Sludge\n|-damage|p1a: Sparky|34/271 psn|[from] psn\n|upkeep\n|turn|2\n|\n|t:|1747173169\n|move|p2a: Muk|Shadow Sneak|p1a: Sparky\n|-damage|p1a: Sparky|0 fnt\n|faint|p1a: Sparky\n|move|p1b: Mister Snips|Knock Off|p2b: Gengar\n|-supereffective|p2b: Gengar\n|-enditem|p2b: Gengar|Focus Sash\n|-damage|p2b: Gengar|1/262\n|move|p2b: Gengar|Trick Room|p2b: Gengar\n|-fieldstart|move: Trick Room|[of] p2b: Gengar\n|\n|-heal|p2a: Muk|381/397|[from] item: Black Sludge\n|upkeep\n|\n|t:|1747173243\n|switch|p1a: The Big Dee|Dugtrio, M|211/211\n|debug|natural status immunity\n|turn|3\n|\n|t:|1747173261\n|move|p1a: The Big Dee|Protect|p1a: The Big Dee\n|-singleturn|p1a: The Big Dee|Protect\n|move|p2a: Muk|Ice Punch|p1a: The Big Dee\n|-activate|p1a: The Big Dee|move: Protect\n|move|p2b: Gengar|Sludge Bomb|p1b: Mister Snips\n|-damage|p1b: Mister Snips|0 fnt\n|faint|p1b: Mister Snips\n|\n|-heal|p2a: Muk|397/397|[from] item: Black Sludge\n|upkeep\n|\n|t:|1747173277\n|switch|p1b: Apollo|Primeape, M|303/303\n|debug|natural status immunity\n|turn|4\n|\n|t:|1747173292\n|move|p2a: Muk|Ice Punch|p1a: The Big Dee\n|-supereffective|p1a: The Big Dee\n|-enditem|p1a: The Big Dee|Focus Sash\n|-damage|p1a: The Big Dee|1/211\n|move|p1b: Apollo|Bulk Up|p1b: Apollo\n|-boost|p1b: Apollo|atk|1\n|-boost|p1b: Apollo|def|1\n|move|p2b: Gengar|Will-O-Wisp|p1b: Apollo\n|-status|p1b: Apollo|brn\n|move|p1a: The Big Dee|Rock Slide|p2b: Gengar|[spread] p2a,p2b\n|debug|Spread modifier: 0.75\n|debug|Spread modifier: 0.75\n|-damage|p2a: Muk|329/397\n|-damage|p2b: Gengar|0 fnt\n|-start|p1a: The Big Dee|Disable|Rock Slide|[from] ability: Cursed Body|[of] p2b: Gengar\n|faint|p2b: Gengar\n|\n|-heal|p2a: Muk|353/397|[from] item: Black Sludge\n|-damage|p1b: Apollo|285/303 brn|[from] brn\n|upkeep\n|\n|t:|1747173308\n|switch|p2b: Marowak|Marowak, M|324/324\n|turn|5\n|\n|t:|1747173367\n|move|p1a: The Big Dee|Protect|p1a: The Big Dee\n|-singleturn|p1a: The Big Dee|Protect\n|move|p2a: Muk|Ice Punch|p1a: The Big Dee\n|-activate|p1a: The Big Dee|move: Protect\n|move|p2b: Marowak|Bonemerang|p1b: Apollo\n|-damage|p1b: Apollo|195/303 brn\n|-damage|p1b: Apollo|99/303 brn\n|-hitcount|p1b: Apollo|2\n|move|p1b: Apollo|Facade|p2b: Marowak\n|-damage|p2b: Marowak|106/324\n|\n|-heal|p2a: Muk|377/397|[from] item: Black Sludge\n|-damage|p1b: Apollo|81/303 brn|[from] brn\n|upkeep\n|turn|6\n|\n|t:|1747173399\n|switch|p1b: Puff Daddy|Dragonite, M|324/324\n|switch|p1a: Mimsy|Mr. Mime, M|221/221\n|move|p2a: Muk|Protect|p2a: Muk\n|-singleturn|p2a: Muk|Protect\n|move|p2b: Marowak|Earthquake|p1b: Puff Daddy|[spread] p1a\n|-activate|p2a: Muk|move: Protect\n|-immune|p1b: Puff Daddy\n|debug|Spread modifier: 0.75\n|-damage|p1a: Mimsy|25/221\n|\n|-heal|p2a: Muk|397/397|[from] item: Black Sludge\n|-heal|p1a: Mimsy|38/221|[from] item: Leftovers\n|-fieldend|move: Trick Room\n|upkeep\n|turn|7\n|\n|t:|1747173441\n|move|p1b: Puff Daddy|Scale Shot|p2b: Marowak\n|-damage|p2b: Marowak|61/324\n|-damage|p2b: Marowak|13/324\n|-damage|p2b: Marowak|0 fnt\n|faint|p2b: Marowak\n|-hitcount|p2: Marowak|3\n|-unboost|p1b: Puff Daddy|def|1\n|-boost|p1b: Puff Daddy|spe|1\n|move|p1a: Mimsy|Psychic|p2a: Muk\n|-supereffective|p2a: Muk\n|-damage|p2a: Muk|143/397\n|move|p2a: Muk|Ice Punch|p1b: Puff Daddy\n|-supereffective|p1b: Puff Daddy\n|-damage|p1b: Puff Daddy|0 fnt\n|faint|p1b: Puff Daddy\n|\n|-heal|p1a: Mimsy|51/221|[from] item: Leftovers\n|-heal|p2a: Muk|167/397|[from] item: Black Sludge\n|upkeep\n|\n|t:|1747173463\n|switch|p1b: Apollo|Primeape, M|81/303 brn\n|switch|p2b: Slowpoke|Slowpoke, F|384/384\n|turn|8\n|\n|t:|1747173502\n|switch|p1a: The Big Dee|Dugtrio, M|1/211\n|move|p2a: Muk|Shadow Sneak|p1a: The Big Dee\n|-damage|p1a: The Big Dee|0 fnt\n|faint|p1a: The Big Dee\n|move|p1b: Apollo|Rage Fist|p2b: Slowpoke\n|-supereffective|p2b: Slowpoke\n|-damage|p2b: Slowpoke|244/384\n|move|p2b: Slowpoke|Trick Room|p2b: Slowpoke\n|-fieldstart|move: Trick Room|[of] p2b: Slowpoke\n|\n|-heal|p2a: Muk|191/397|[from] item: Black Sludge\n|-damage|p1b: Apollo|63/303 brn|[from] brn\n|upkeep\n|\n|t:|1747173515\n|switch|p1a: Mimsy|Mr. Mime, M|51/221\n|turn|9\n|\n|t:|1747173540\n|move|p2a: Muk|Protect|p2a: Muk\n|-singleturn|p2a: Muk|Protect\n|move|p2b: Slowpoke|Psychic|p1b: Apollo\n|-supereffective|p1b: Apollo\n|-damage|p1b: Apollo|0 fnt\n|faint|p1b: Apollo\n|move|p1a: Mimsy|Psychic|p2a: Muk\n|-activate|p2a: Muk|move: Protect\n|\n|-heal|p2a: Muk|215/397|[from] item: Black Sludge\n|-heal|p1a: Mimsy|64/221|[from] item: Leftovers\n|upkeep\n|turn|10\n|\n|t:|1747173554\n|move|p2a: Muk|Shadow Sneak|p1a: Mimsy\n|-supereffective|p1a: Mimsy\n|debug|Filter neutralize\n|-damage|p1a: Mimsy|0 fnt\n|faint|p1a: Mimsy\n|\n|win|Mattmandaman\n|l|☆mistermoscow\n|player|p1|\n|j|☆mistermoscow\n|player|p1|mistermoscow|alder|\n","uploadtime":1747173574,"views":"11","formatid":"gen9doublescustomgame","rating":null,"private":0,"password":null}