{"id":"gen9doublescustomgame-2316882539","format":"[Gen 9] Doubles Custom Game","players":["Mango Meloetta","mistermoscow"],"log":"|j|☆Mango Meloetta\n|j|☆mistermoscow\n|t:|1741662116\n|gametype|doubles\n|player|p1|Mango Meloetta|li|\n|player|p2|mistermoscow|alder|\n|teamsize|p1|6\n|teamsize|p2|6\n|gen|9\n|tier|[Gen 9] Doubles Custom Game\n|clearpoke\n|poke|p1|Pinsir, F|\n|poke|p1|Poliwrath, F|\n|poke|p1|Electabuzz, M|\n|poke|p1|Golduck, M|\n|poke|p1|Snorlax, M|\n|poke|p1|Weezing, M|\n|poke|p2|Nidoking, M|\n|poke|p2|Clefairy, M|\n|poke|p2|Primeape, M|\n|poke|p2|Dewgong, M|\n|poke|p2|Mr. Mime, M|\n|poke|p2|Jolteon, M|\n|teampreview\n|c|☆Mango Meloetta|official? haha\n|c|☆mistermoscow|yeee\n|c|☆Mango Meloetta|yeeee\n|\n|t:|1741662206\n|start\n|switch|p1a: Snorlax|Snorlax, M|524/524\n|switch|p1b: Poliwrath|Poliwrath, F|383/383\n|switch|p2a: King Nido|Nidoking, M|304/304\n|switch|p2b: Mimsy|Mr. Mime, M|222/222\n|turn|1\n|\n|t:|1741662252\n|switch|p2a: Apollo|Primeape, M|271/271\n|move|p2b: Mimsy|Dazzling Gleam|p1b: Poliwrath|[spread] p1a,p1b\n|debug|Spread modifier: 0.75\n|debug|Spread modifier: 0.75\n|-supereffective|p1b: Poliwrath\n|-damage|p1a: Snorlax|442/524\n|-damage|p1b: Poliwrath|171/383\n|move|p1b: Poliwrath|High Horsepower|p2a: Apollo\n|-damage|p2a: Apollo|189/271\n|move|p1a: Snorlax|Double-Edge|p2a: Apollo\n|-damage|p2a: Apollo|0 fnt\n|faint|p2a: Apollo\n|-damage|p1a: Snorlax|380/524|[from] Recoil\n|\n|upkeep\n|\n|t:|1741662265\n|switch|p2a: Clifford|Clefairy, M|282/282\n|turn|2\n|\n|t:|1741662305\n|switch|p1b: Weezing|Weezing, M|334/334\n|move|p2b: Mimsy|Follow Me|p2b: Mimsy\n|-singleturn|p2b: Mimsy|move: Follow Me\n|move|p2a: Clifford|Cosmic Power|p2a: Clifford\n|-boost|p2a: Clifford|def|1\n|-boost|p2a: Clifford|spd|1\n|move|p1a: Snorlax|Double-Edge|p2b: Mimsy\n|debug|Follow Me redirected target of move\n|debug|Friend Guard weaken\n|-damage|p2b: Mimsy|68/222\n|-damage|p1a: Snorlax|329/524|[from] Recoil\n|\n|upkeep\n|turn|3\n|\n|t:|1741662332\n|move|p2b: Mimsy|Follow Me|p2b: Mimsy\n|-singleturn|p2b: Mimsy|move: Follow Me\n|move|p1b: Weezing|Toxic|p2b: Mimsy\n|debug|Follow Me redirected target of move\n|-status|p2b: Mimsy|tox\n|move|p2a: Clifford|Cosmic Power|p2a: Clifford\n|-boost|p2a: Clifford|def|1\n|-boost|p2a: Clifford|spd|1\n|move|p1a: Snorlax|Body Slam|p2b: Mimsy\n|debug|Follow Me redirected target of move\n|debug|Friend Guard weaken\n|-damage|p2b: Mimsy|0 fnt\n|faint|p2b: Mimsy\n|\n|upkeep\n|\n|t:|1741662351\n|switch|p2b: Dewey|Dewgong, M|384/384\n|turn|4\n|\n|t:|1741662407\n|move|p2b: Dewey|Fake Out|p1b: Weezing\n|-damage|p1b: Weezing|312/334\n|cant|p1b: Weezing|flinch\n|move|p2a: Clifford|Substitute|p2a: Clifford\n|-start|p2a: Clifford|Substitute\n|-damage|p2a: Clifford|212/282\n|move|p1a: Snorlax|Body Slam|p2a: Clifford\n|-activate|p2a: Clifford|move: Substitute|[damage]\n|\n|-heal|p1b: Weezing|332/334|[from] item: Leftovers\n|upkeep\n|turn|5\n|\n|t:|1741662439\n|move|p2b: Dewey|Knock Off|p1b: Weezing\n|-damage|p1b: Weezing|277/334\n|-enditem|p1b: Weezing|Leftovers|[from] move: Knock Off|[of] p2b: Dewey\n|move|p1b: Weezing|Taunt|p2a: Clifford\n|-start|p2a: Clifford|move: Taunt\n|cant|p2a: Clifford|move: Taunt|Wish\n|move|p1a: Snorlax|Body Slam|p2b: Dewey\n|debug|Friend Guard weaken\n|-damage|p2b: Dewey|242/384\n|-status|p2b: Dewey|par\n|\n|-heal|p2b: Dewey|266/384 par|[from] item: Leftovers\n|upkeep\n|turn|6\n|\n|t:|1741662461\n|move|p1b: Weezing|Sludge Bomb|p2a: Clifford\n|-supereffective|p2a: Clifford\n|-end|p2a: Clifford|Substitute\n|-activate|p2a: Clifford|move: Struggle\n|move|p2a: Clifford|Struggle|p1a: Snorlax\n|-damage|p1a: Snorlax|308/524\n|-damage|p2a: Clifford|141/282|[from] recoil\n|move|p1a: Snorlax|Double-Edge|p2a: Clifford\n|-damage|p2a: Clifford|66/282\n|-damage|p1a: Snorlax|283/524|[from] Recoil\n|cant|p2b: Dewey|par\n|\n|-heal|p2b: Dewey|290/384 par|[from] item: Leftovers\n|upkeep\n|turn|7\n|\n|t:|1741662480\n|switch|p2b: Sparky|Jolteon, M|271/271\n|move|p1b: Weezing|Toxic|p2a: Clifford\n|-status|p2a: Clifford|tox\n|-activate|p2a: Clifford|move: Struggle\n|move|p2a: Clifford|Struggle|p1a: Snorlax\n|-damage|p1a: Snorlax|262/524\n|-enditem|p1a: Snorlax|Aguav Berry|[eat]\n|-heal|p1a: Snorlax|436/524|[from] item: Aguav Berry\n|-damage|p2a: Clifford|0 fnt|[from] recoil\n|faint|p2a: Clifford\n|move|p1a: Snorlax|Body Slam|p2b: Sparky\n|-damage|p2b: Sparky|61/271\n|debug|natural status immunity\n|debug|immune to status\n|debug|move failed because it did nothing\n|\n|upkeep\n|\n|t:|1741662496\n|switch|p2a: King Nido|Nidoking, M|304/304\n|turn|8\n|\n|t:|1741662515\n|move|p2a: King Nido|Earth Power|p1a: Snorlax\n|-damage|p1a: Snorlax|265/524\n|move|p2b: Sparky|Electroweb|p1a: Snorlax|[spread] p1a,p1b\n|debug|Spread modifier: 0.75\n|debug|Spread modifier: 0.75\n|-damage|p1a: Snorlax|186/524\n|-damage|p1b: Weezing|159/334\n|-unboost|p1a: Snorlax|spe|1\n|-unboost|p1b: Weezing|spe|1\n|-damage|p2b: Sparky|34/271|[from] item: Life Orb\n|move|p1b: Weezing|Sludge Bomb|p2b: Sparky\n|-damage|p2b: Sparky|0 fnt\n|faint|p2b: Sparky\n|move|p1a: Snorlax|Double-Edge|p2a: King Nido\n|-damage|p2a: King Nido|64/304\n|-damage|p1a: Snorlax|107/524|[from] Recoil\n|\n|upkeep\n|\n|t:|1741662530\n|switch|p2b: Dewey|Dewgong, M|290/384 par\n|turn|9\n|\n|t:|1741662539\n|move|p2b: Dewey|Fake Out|p1a: Snorlax\n|-damage|p1a: Snorlax|55/524\n|move|p2a: King Nido|Earth Power|p1b: Weezing\n|-immune|p1b: Weezing|[from] ability: Levitate\n|move|p1b: Weezing|Taunt|p2b: Dewey\n|-start|p2b: Dewey|move: Taunt\n|cant|p1a: Snorlax|flinch\n|\n|-heal|p2b: Dewey|314/384 par|[from] item: Leftovers\n|upkeep\n|turn|10\n|\n|t:|1741662585\n|move|p2a: King Nido|Earth Power|p1a: Snorlax\n|-damage|p1a: Snorlax|0 fnt\n|faint|p1a: Snorlax\n|move|p1b: Weezing|Sludge Bomb|p2b: Dewey\n|-damage|p2b: Dewey|226/384 par\n|move|p2b: Dewey|Ice Spinner|p1b: Weezing\n|-damage|p1b: Weezing|86/334\n|\n|-heal|p2b: Dewey|250/384 par|[from] item: Leftovers\n|upkeep\n|\n|t:|1741662592\n|switch|p1a: Poliwrath|Poliwrath, F|171/383\n|turn|11\n|\n|t:|1741662601\n|move|p2a: King Nido|Earth Power|p1a: Poliwrath\n|-damage|p1a: Poliwrath|0 fnt\n|faint|p1a: Poliwrath\n|move|p1b: Weezing|Sludge Bomb|p2b: Dewey\n|-damage|p2b: Dewey|147/384 par\n|move|p2b: Dewey|Ice Spinner|p1b: Weezing\n|-damage|p1b: Weezing|10/334\n|\n|-heal|p2b: Dewey|171/384 par|[from] item: Leftovers\n|upkeep\n|\n|t:|1741662613\n|switch|p1a: Pinsir|Pinsir, F|271/271\n|turn|12\n|\n|t:|1741662623\n|move|p2a: King Nido|Earth Power|p1a: Pinsir\n|-resisted|p1a: Pinsir\n|-damage|p1a: Pinsir|158/271\n|move|p1a: Pinsir|X-Scissor|p2a: King Nido\n|-resisted|p2a: King Nido\n|-damage|p2a: King Nido|0 fnt\n|faint|p2a: King Nido\n|move|p1b: Weezing|Sludge Bomb|p2b: Dewey\n|-damage|p2b: Dewey|80/384 par\n|cant|p2b: Dewey|par\n|\n|-heal|p2b: Dewey|104/384 par|[from] item: Leftovers\n|-end|p2b: Dewey|move: Taunt\n|upkeep\n|turn|13\n|c|☆Mango Meloetta|gg\n|\n|t:|1741662639\n|move|p1a: Pinsir|X-Scissor|p2b: Dewey\n|-damage|p2b: Dewey|0 fnt\n|faint|p2b: Dewey\n|\n|win|Mango Meloetta\n|c|☆mistermoscow|gg\n","uploadtime":1741662666,"views":"31","formatid":"gen9doublescustomgame","rating":null,"private":0,"password":null}