{"id":"gen9doublescustomgame-2289487342","format":"[Gen 9] Doubles Custom Game","players":["mistermoscow","Mattmandaman"],"log":"|j|☆mistermoscow\n|j|☆Mattmandaman\n|t:|1738020547\n|gametype|doubles\n|player|p1|mistermoscow|alder|\n|player|p2|Mattmandaman|giovanni|\n|teamsize|p1|6\n|teamsize|p2|6\n|gen|9\n|tier|[Gen 9] Doubles Custom Game\n|clearpoke\n|poke|p1|Dragonite, M|\n|poke|p1|Fearow, M|\n|poke|p1|Poliwrath, F|\n|poke|p1|Dewgong, M|\n|poke|p1|Kingler, M|\n|poke|p1|Jolteon, M|\n|poke|p2|Machamp, F|\n|poke|p2|Starmie|\n|poke|p2|Chansey, F|\n|poke|p2|Nidoking, M|\n|poke|p2|Gengar, F|\n|poke|p2|Muk, M|\n|teampreview\n|\n|t:|1738020585\n|start\n|switch|p1a: Sparky|Jolteon, M|271/271\n|switch|p1b: Polly|Poliwrath, F|384/384\n|switch|p2a: Starmie|Starmie|262/262\n|switch|p2b: Muk|Muk, M|414/414\n|turn|1\n|\n|t:|1738020638\n|move|p1a: Sparky|Thunder|p2a: Starmie|[miss]\n|-miss|p1a: Sparky|p2a: Starmie\n|move|p2a: Starmie|Psychic|p1b: Polly\n|-supereffective|p1b: Polly\n|-damage|p1b: Polly|166/384\n|-unboost|p1b: Polly|spd|1\n|move|p1b: Polly|Bulk Up|p1b: Polly\n|-boost|p1b: Polly|atk|1\n|-boost|p1b: Polly|def|1\n|move|p2b: Muk|Poison Jab|p1a: Sparky\n|-damage|p1a: Sparky|78/271\n|debug|Covert Cloak prevent secondary\n|\n|upkeep\n|turn|2\n|\n|t:|1738020714\n|move|p2b: Muk|Shadow Sneak|p1a: Sparky\n|-crit|p1a: Sparky\n|-damage|p1a: Sparky|0 fnt\n|faint|p1a: Sparky\n|move|p2a: Starmie|Psychic|p1b: Polly\n|-supereffective|p1b: Polly\n|-damage|p1b: Polly|0 fnt\n|faint|p1b: Polly\n|\n|upkeep\n|c|☆mistermoscow|fucking forgot about shadow sneak\n|c|☆Mattmandaman|omg that crit\n|c|☆Mattmandaman|i think that crit maybe mattered\n|\n|t:|1738020762\n|switch|p1a: Big Bird|Fearow, M|271/271\n|switch|p1b: Dewey|Dewgong, M|384/384\n|turn|3\n|\n|t:|1738020807\n|move|p2a: Starmie|Ice Beam|p1a: Big Bird\n|-supereffective|p1a: Big Bird\n|-damage|p1a: Big Bird|13/271\n|move|p1a: Big Bird|Rain Dance|p1a: Big Bird\n|-weather|RainDance\n|move|p1b: Dewey|Icy Wind|p2b: Muk|[spread] p2a,p2b\n|debug|Spread modifier: 0.75\n|-resisted|p2a: Starmie\n|debug|Spread modifier: 0.75\n|-damage|p2a: Starmie|248/262\n|-damage|p2b: Muk|378/414\n|-unboost|p2a: Starmie|spe|1\n|-unboost|p2b: Muk|spe|1\n|move|p2b: Muk|Poison Jab|p1b: Dewey\n|-damage|p1b: Dewey|258/384\n|-damage|p2b: Muk|309/414|[from] item: Rocky Helmet|[of] p1b: Dewey\n|\n|-weather|RainDance|[upkeep]\n|-heal|p2b: Muk|334/414|[from] item: Black Sludge\n|upkeep\n|turn|4\n|\n|t:|1738020829\n|move|p1a: Big Bird|Tailwind|p1a: Big Bird\n|-sidestart|p1: mistermoscow|move: Tailwind\n|move|p1b: Dewey|Muddy Water|p2b: Muk|[spread] p2a,p2b\n|debug|Spread modifier: 0.75\n|debug|rain water boost\n|-resisted|p2a: Starmie\n|debug|Spread modifier: 0.75\n|debug|rain water boost\n|-damage|p2a: Starmie|212/262\n|-damage|p2b: Muk|244/414\n|-unboost|p2b: Muk|accuracy|1\n|move|p2a: Starmie|Icy Wind|p1a: Big Bird|[spread] p1a,p1b\n|debug|Spread modifier: 0.75\n|-supereffective|p1a: Big Bird\n|debug|Spread modifier: 0.75\n|-resisted|p1b: Dewey\n|-damage|p1a: Big Bird|0 fnt\n|-damage|p1b: Dewey|248/384\n|-unboost|p1b: Dewey|spe|1\n|faint|p1a: Big Bird\n|move|p2b: Muk|Poison Jab|p1b: Dewey|[miss]\n|-miss|p2b: Muk|p1b: Dewey\n|\n|-weather|RainDance|[upkeep]\n|-heal|p2b: Muk|269/414|[from] item: Black Sludge\n|upkeep\n|c|☆Mattmandaman|rng going wild anywhere it can this game\n|\n|t:|1738020860\n|switch|p1a: Puff Daddy|Dragonite, M|324/324\n|turn|5\n|c|☆Mattmandaman|def more my favor so far tho\n|\n|t:|1738020880\n|move|p1a: Puff Daddy|Dragon Claw|p2a: Starmie\n|-damage|p2a: Starmie|35/262\n|move|p1b: Dewey|Muddy Water|p2b: Muk|[spread] p2a\n|-miss|p1b: Dewey|p2b: Muk\n|debug|Spread modifier: 0.75\n|debug|rain water boost\n|-resisted|p2a: Starmie\n|-damage|p2a: Starmie|1/262\n|debug|move failed because it did nothing\n|move|p2a: Starmie|Icy Wind|p1a: Puff Daddy|[spread] p1a,p1b\n|debug|Spread modifier: 0.75\n|-supereffective|p1a: Puff Daddy\n|debug|Spread modifier: 0.75\n|-resisted|p1b: Dewey\n|-damage|p1a: Puff Daddy|148/324\n|-damage|p1b: Dewey|238/384\n|-unboost|p1a: Puff Daddy|spe|1\n|-unboost|p1b: Dewey|spe|1\n|move|p2b: Muk|Ice Punch|p1a: Puff Daddy\n|-supereffective|p1a: Puff Daddy\n|-damage|p1a: Puff Daddy|0 fnt\n|faint|p1a: Puff Daddy\n|\n|-weather|RainDance|[upkeep]\n|-heal|p2b: Muk|294/414|[from] item: Black Sludge\n|upkeep\n|\n|t:|1738020898\n|switch|p1a: King Snips|Kingler, M|251/251\n|turn|6\n|\n|t:|1738020917\n|switch|p2a: Chansey|Chansey, F|704/704\n|move|p1a: King Snips|Wide Guard|p1a: King Snips\n|-singleturn|p1a: King Snips|Wide Guard\n|move|p1b: Dewey|Icy Wind|p2b: Muk|[spread] p2a,p2b\n|debug|Spread modifier: 0.75\n|debug|Spread modifier: 0.75\n|-damage|p2a: Chansey|685/704\n|-damage|p2b: Muk|255/414\n|-unboost|p2a: Chansey|spe|1\n|-unboost|p2b: Muk|spe|1\n|move|p2b: Muk|Poison Jab|p1a: King Snips\n|-damage|p1a: King Snips|122/251\n|-status|p1a: King Snips|psn\n|\n|-weather|RainDance|[upkeep]\n|-heal|p2b: Muk|280/414|[from] item: Black Sludge\n|-damage|p1a: King Snips|91/251 psn|[from] psn\n|upkeep\n|turn|7\n|\n|t:|1738020938\n|move|p1a: King Snips|Rock Slide|p2a: Chansey|[spread] p2b\n|-miss|p1a: King Snips|p2a: Chansey\n|debug|Spread modifier: 0.75\n|-damage|p2b: Muk|132/414\n|move|p1b: Dewey|Muddy Water|p2a: Chansey|[spread] p2a,p2b\n|debug|Spread modifier: 0.75\n|debug|rain water boost\n|debug|Spread modifier: 0.75\n|debug|rain water boost\n|-damage|p2a: Chansey|639/704\n|-damage|p2b: Muk|47/414\n|-unboost|p2b: Muk|accuracy|1\n|move|p2a: Chansey|Seismic Toss|p1a: King Snips\n|-damage|p1a: King Snips|0 fnt\n|faint|p1a: King Snips\n|move|p2b: Muk|Poison Jab|p1b: Dewey\n|-damage|p1b: Dewey|108/384\n|-damage|p2b: Muk|0 fnt|[from] item: Rocky Helmet|[of] p1b: Dewey\n|faint|p2b: Muk\n|\n|-weather|none\n|-sideend|p1: mistermoscow|move: Tailwind\n|upkeep\n|\n|t:|1738020952\n|switch|p2b: Gengar|Gengar, F|262/262\n|turn|8\n|-message|mistermoscow forfeited.\n|\n|win|Mattmandaman\n|c|☆mistermoscow|lamer\n|c|☆mistermoscow|*lame\n|c|☆Mattmandaman|yea muk super good against this team\n|c|☆mistermoscow|i hate pokemon\\\n|c|☆mistermoscow|gonna hop off for a bit, might be down to battle again later\n|c|☆Mattmandaman|alright dude sounds good to me\n|c|☆mistermoscow|later homie\n|c|☆Mattmandaman|ill ttyl\n","uploadtime":1738020960,"views":"20","formatid":"gen9doublescustomgame","rating":null,"private":0,"password":null}