{"id":"gen9doublescustomgame-2289482891","format":"[Gen 9] Doubles Custom Game","players":["mistermoscow","Mattmandaman"],"log":"|j|☆mistermoscow\n|j|☆Mattmandaman\n|t:|1738020018\n|gametype|doubles\n|player|p1|mistermoscow|alder|\n|player|p2|Mattmandaman|giovanni|\n|teamsize|p1|6\n|teamsize|p2|6\n|gen|9\n|tier|[Gen 9] Doubles Custom Game\n|clearpoke\n|poke|p1|Flareon, M|\n|poke|p1|Gengar, M|\n|poke|p1|Victreebel, M|\n|poke|p1|Jolteon, M|\n|poke|p1|Dragonite, M|\n|poke|p1|Snorlax, M|\n|poke|p2|Electrode|\n|poke|p2|Rhydon, F|\n|poke|p2|Machamp, M|\n|poke|p2|Dodrio, F|\n|poke|p2|Starmie|\n|poke|p2|Chansey, F|\n|teampreview\n|\n|t:|1738020132\n|start\n|switch|p1a: Sparky|Jolteon, M|271/271\n|switch|p1b: Snax|Snorlax, M|462/462\n|switch|p2a: Chansey|Chansey, F|648/648\n|switch|p2b: Electrode|Electrode|299/299\n|turn|1\n|\n|t:|1738020167\n|move|p2b: Electrode|Signal Beam|p1a: Sparky\n|-crit|p1a: Sparky\n|-damage|p1a: Sparky|175/271\n|debug|Covert Cloak prevent secondary\n|move|p1a: Sparky|Electroweb|p2b: Electrode|[spread] p2a,p2b\n|debug|Spread modifier: 0.75\n|debug|Spread modifier: 0.75\n|-resisted|p2b: Electrode\n|-damage|p2a: Chansey|617/648\n|-damage|p2b: Electrode|260/299\n|-unboost|p2a: Chansey|spe|1\n|-unboost|p2b: Electrode|spe|1\n|move|p1b: Snax|Double-Edge|p2b: Electrode\n|-damage|p2b: Electrode|0 fnt\n|faint|p2b: Electrode\n|-damage|p1b: Snax|376/462|[from] Recoil\n|move|p2a: Chansey|Seismic Toss|p1a: Sparky\n|-damage|p1a: Sparky|75/271\n|\n|-heal|p1b: Snax|404/462|[from] item: Leftovers\n|upkeep\n|\n|t:|1738020183\n|switch|p2b: Machamp|Machamp, M|371/371\n|turn|2\n|\n|t:|1738020212\n|switch|p1b: Gang Gang|Gengar, M|262/262\n|move|p1a: Sparky|Thunder Wave|p2b: Machamp\n|-status|p2b: Machamp|par\n|move|p2a: Chansey|Seismic Toss|p1a: Sparky\n|-damage|p1a: Sparky|0 fnt\n|faint|p1a: Sparky\n|move|p2b: Machamp|Stone Edge|p1b: Gang Gang\n|-damage|p1b: Gang Gang|70/262\n|\n|upkeep\n|\n|t:|1738020226\n|switch|p1a: Puff Daddy|Dragonite, M|386/386\n|turn|3\n|\n|t:|1738020269\n|move|p1b: Gang Gang|Icy Wind|p2a: Chansey|[spread] p2a,p2b\n|debug|Spread modifier: 0.75\n|debug|Spread modifier: 0.75\n|-damage|p2a: Chansey|592/648\n|-damage|p2b: Machamp|317/371 par\n|-unboost|p2a: Chansey|spe|1\n|-unboost|p2b: Machamp|spe|1\n|move|p1a: Puff Daddy|Dual Wingbeat|p2b: Machamp\n|-supereffective|p2b: Machamp\n|-damage|p2b: Machamp|83/371 par\n|-supereffective|p2b: Machamp\n|-damage|p2b: Machamp|0 fnt\n|faint|p2b: Machamp\n|-hitcount|p2: Machamp|2\n|-damage|p1a: Puff Daddy|348/386|[from] item: Life Orb\n|move|p2a: Chansey|Thunder Wave|p1b: Gang Gang\n|-status|p1b: Gang Gang|par\n|\n|upkeep\n|\n|t:|1738020285\n|switch|p2b: Starmie|Starmie|262/262\n|turn|4\n|\n|t:|1738020306\n|cant|p1b: Gang Gang|par\n|move|p2b: Starmie|Icy Wind|p1b: Gang Gang|[spread] p1a,p1b\n|debug|Spread modifier: 0.75\n|-supereffective|p1a: Puff Daddy\n|debug|Spread modifier: 0.75\n|-damage|p1a: Puff Daddy|150/386\n|-damage|p1b: Gang Gang|8/262 par\n|-unboost|p1a: Puff Daddy|spe|1\n|-unboost|p1b: Gang Gang|spe|1\n|-start|p2b: Starmie|Disable|Icy Wind|[from] ability: Cursed Body|[of] p1b: Gang Gang\n|-damage|p2b: Starmie|236/262|[from] item: Life Orb\n|move|p1a: Puff Daddy|Dragon Dance|p1a: Puff Daddy\n|-boost|p1a: Puff Daddy|atk|1\n|-boost|p1a: Puff Daddy|spe|1\n|move|p2a: Chansey|Teleport|p2a: Chansey\n|\n|t:|1738020325\n|switch|p2a: Rhydon|Rhydon, F|352/352|[from] Teleport\n|\n|upkeep\n|turn|5\n|\n|t:|1738020348\n|move|p1a: Puff Daddy|Extreme Speed|p2b: Starmie\n|-damage|p2b: Starmie|0 fnt\n|faint|p2b: Starmie\n|-damage|p1a: Puff Daddy|112/386|[from] item: Life Orb\n|move|p2a: Rhydon|Rock Polish|p2a: Rhydon\n|-boost|p2a: Rhydon|spe|2\n|move|p1b: Gang Gang|Icy Wind|p2a: Rhydon\n|-supereffective|p2a: Rhydon\n|-damage|p2a: Rhydon|94/352\n|-unboost|p2a: Rhydon|spe|1\n|-enditem|p2a: Rhydon|Weakness Policy\n|-boost|p2a: Rhydon|atk|2|[from] item: Weakness Policy\n|-boost|p2a: Rhydon|spa|2|[from] item: Weakness Policy\n|\n|upkeep\n|\n|t:|1738020360\n|switch|p2b: Dodrio|Dodrio, F|262/262\n|turn|6\n|\n|t:|1738020376\n|cant|p1b: Gang Gang|par\n|move|p1a: Puff Daddy|Extreme Speed|p2a: Rhydon\n|-resisted|p2a: Rhydon\n|-damage|p2a: Rhydon|11/352\n|-damage|p1a: Puff Daddy|74/386|[from] item: Life Orb\n|move|p2b: Dodrio|Tailwind|p2b: Dodrio\n|-sidestart|p2: Mattmandaman|move: Tailwind\n|move|p2a: Rhydon|Rock Slide|p1b: Gang Gang|[spread] p1a\n|-miss|p2a: Rhydon|p1b: Gang Gang\n|debug|Spread modifier: 0.75\n|-supereffective|p1a: Puff Daddy\n|-damage|p1a: Puff Daddy|0 fnt\n|debug|move failed because it did nothing\n|faint|p1a: Puff Daddy\n|\n|upkeep\n|\n|t:|1738020403\n|switch|p1a: Snax|Snorlax, M|404/462\n|turn|7\n|\n|t:|1738020420\n|cant|p1b: Gang Gang|par\n|move|p2b: Dodrio|Frustration|p1a: Snax\n|-damage|p1a: Snax|226/462\n|move|p2a: Rhydon|Earthquake|p1b: Gang Gang|[spread] p1a,p1b\n|-immune|p2b: Dodrio\n|debug|Spread modifier: 0.75\n|debug|Spread modifier: 0.75\n|-supereffective|p1b: Gang Gang\n|-damage|p1a: Snax|0 fnt\n|-damage|p1b: Gang Gang|0 fnt\n|faint|p1a: Snax\n|faint|p1b: Gang Gang\n|\n|upkeep\n|\n|t:|1738020430\n|switch|p1b: Victor|Victreebel, M|333/333\n|switch|p1a: Bernie|Flareon, M|271/271\n|turn|8\n|c|☆Mattmandaman|every protect you para wild\n|c|☆mistermoscow|yep lol\n|\n|t:|1738020465\n|move|p2a: Rhydon|Protect|p2a: Rhydon\n|-singleturn|p2a: Rhydon|Protect\n|move|p1a: Bernie|Protect|p1a: Bernie\n|-singleturn|p1a: Bernie|Protect\n|move|p2b: Dodrio|Frustration|p1a: Bernie\n|-activate|p1a: Bernie|move: Protect\n|move|p1b: Victor|Sleep Powder|p2a: Rhydon\n|-activate|p2a: Rhydon|move: Protect\n|\n|-status|p1a: Bernie|tox|[from] item: Toxic Orb\n|upkeep\n|turn|9\n|\n|t:|1738020482\n|move|p1b: Victor|Protect|p1b: Victor\n|-singleturn|p1b: Victor|Protect\n|move|p2b: Dodrio|Frustration|p1a: Bernie\n|-damage|p1a: Bernie|85/271 tox\n|move|p2a: Rhydon|Earthquake|p1b: Victor|[spread] p1a\n|-activate|p1b: Victor|move: Protect\n|-immune|p2b: Dodrio\n|debug|Spread modifier: 0.75\n|-supereffective|p1a: Bernie\n|-damage|p1a: Bernie|0 fnt\n|faint|p1a: Bernie\n|\n|-sideend|p2: Mattmandaman|move: Tailwind\n|upkeep\n|turn|10\n|\n|t:|1738020501\n|move|p2b: Dodrio|Frustration|p1b: Victor\n|-damage|p1b: Victor|92/333\n|move|p2a: Rhydon|Earthquake|p1b: Victor|[spread] p1b\n|-immune|p2b: Dodrio\n|debug|Spread modifier: 0.75\n|-damage|p1b: Victor|0 fnt\n|faint|p1b: Victor\n|\n|win|Mattmandaman\n|c|☆mistermoscow|gg\n|c|☆Mattmandaman|gg\n","uploadtime":1738020511,"views":"17","formatid":"gen9doublescustomgame","rating":null,"private":0,"password":null}