{"id":"gen9doublescustomgame-2116681786","format":"[Gen 9] Doubles Custom Game","players":["mattmandaman","smokeydabearrr"],"log":"|j|☆mattmandaman\n|j|☆smokeydabearrr\n|t:|1714701908\n|gametype|doubles\n|player|p1|mattmandaman|giovanni|\n|player|p2|smokeydabearrr|265|\n|teamsize|p1|6\n|teamsize|p2|6\n|gen|9\n|tier|[Gen 9] Doubles Custom Game\n|clearpoke\n|poke|p1|Kommo-o, F|\n|poke|p1|Grimmsnarl, M|\n|poke|p1|Marshadow|\n|poke|p1|Ting-Lu|\n|poke|p1|Volcanion|\n|poke|p1|Kangaskhan, F|\n|poke|p2|Charizard, F|\n|poke|p2|Blastoise, F|\n|poke|p2|Cresselia, F|\n|poke|p2|Rillaboom, F|\n|poke|p2|Raging Bolt|\n|poke|p2|Walking Wake|\n|teampreview\n|j| Mango Meloetta\n|j| mistermoscow\n|j| noli_cannoli10\n|\n|t:|1714702032\n|start\n|switch|p1a: Ting-Lu|Ting-Lu|497/497\n|switch|p1b: Kangaskhan|Kangaskhan, F|414/414\n|switch|p2a: Charizard|Charizard, F|297/297\n|switch|p2b: Walking Wake|Walking Wake|339/339\n|-ability|p1a: Ting-Lu|Vessel of Ruin\n|turn|1\n|\n|t:|1714702099\n|detailschange|p2a: Charizard|Charizard-Mega-Y, F\n|-mega|p2a: Charizard|Charizard|Charizardite Y\n|-weather|SunnyDay|[from] ability: Drought|[of] p2a: Charizard\n|-activate|p2b: Walking Wake|ability: Protosynthesis\n|-start|p2b: Walking Wake|protosynthesisspe\n|detailschange|p1b: Kangaskhan|Kangaskhan-Mega, F\n|-mega|p1b: Kangaskhan|Kangaskhan|Kangaskhanite\n|debug|Protosynthesis spe boost\n|debug|Protosynthesis spe boost\n|move|p2a: Charizard|Protect|p2a: Charizard\n|-singleturn|p2a: Charizard|Protect\n|debug|Protosynthesis spe boost\n|debug|Protosynthesis spe boost\n|move|p1b: Kangaskhan|Fake Out|p2b: Walking Wake\n|-damage|p2b: Walking Wake|254/339\n|debug|Parental Bond modifier: 0.25\n|-damage|p2b: Walking Wake|235/339\n|debug|move failed because it did nothing\n|-hitcount|p2b: Walking Wake|2\n|debug|Protosynthesis spe boost\n|debug|Protosynthesis spe boost\n|cant|p2b: Walking Wake|flinch\n|debug|Protosynthesis spe boost\n|move|p1a: Ting-Lu|Stealth Rock|p2b: Walking Wake\n|-sidestart|p2: smokeydabearrr|move: Stealth Rock\n|\n|debug|Protosynthesis spe boost\n|-weather|SunnyDay|[upkeep]\n|upkeep\n|turn|2\n|c| Mango Meloetta|FUCK HIM UP\n|c| mistermoscow|LETS GO ROD!\n|debug|Protosynthesis spe boost\n|debug|Protosynthesis spe boost\n|\n|t:|1714702186\n|switch|p1b: Volcanion|Volcanion|364/364\n|-item|p1b: Volcanion|Air Balloon\n|debug|Protosynthesis spe boost\n|debug|Protosynthesis spe boost\n|move|p2b: Walking Wake|Hydro Steam|p1a: Ting-Lu\n|debug|Vessel of Ruin SpA drop\n|debug|Sunny Day Hydro Steam boost\n|-supereffective|p1a: Ting-Lu\n|-crit|p1a: Ting-Lu\n|-damage|p1a: Ting-Lu|0 fnt\n|faint|p1a: Ting-Lu\n|-damage|p2b: Walking Wake|202/339|[from] item: Life Orb\n|debug|Protosynthesis spe boost\n|move|p2a: Charizard|Solar Beam||[still]\n|-prepare|p2a: Charizard|Solar Beam\n|-anim|p2a: Charizard|Solar Beam|p1b: Volcanion\n|-damage|p1b: Volcanion|179/364\n|-enditem|p1b: Volcanion|Air Balloon\n|debug|Protosynthesis spe boost\n|\n|debug|Protosynthesis spe boost\n|-weather|SunnyDay|[upkeep]\n|upkeep\n|c| noli_cannoli10|YOU CAN DO IT!\n|c|☆smokeydabearrr|!!!\n|debug|Protosynthesis spe boost\n|\n|t:|1714702202\n|switch|p1a: Grimmsnarl|Grimmsnarl, M|394/394\n|turn|3\n|c| noli_cannoli10|KICK HIS WATER LOVING ASS\n|c| noli_cannoli10|....matt;s\n|debug|Protosynthesis spe boost\n|debug|Protosynthesis spe boost\n|\n|t:|1714702277\n|debug|Protosynthesis spe boost\n|debug|Protosynthesis spe boost\n|move|p1a: Grimmsnarl|Light Screen|p1a: Grimmsnarl\n|-sidestart|p1: mattmandaman|move: Light Screen\n|debug|Protosynthesis spe boost\n|debug|Protosynthesis spe boost\n|move|p2b: Walking Wake|Hydro Steam|p1a: Grimmsnarl\n|debug|Sunny Day Hydro Steam boost\n|debug|Light Screen weaken\n|-damage|p1a: Grimmsnarl|220/394\n|-damage|p2b: Walking Wake|169/339|[from] item: Life Orb\n|debug|Protosynthesis spe boost\n|move|p2a: Charizard|Solar Beam||[still]\n|-prepare|p2a: Charizard|Solar Beam\n|-anim|p2a: Charizard|Solar Beam|p1b: Volcanion\n|debug|Light Screen weaken\n|-damage|p1b: Volcanion|53/364\n|debug|Protosynthesis spe boost\n|move|p1b: Volcanion|Steam Eruption|p2a: Charizard\n|debug|Sunny Day water suppress\n|-supereffective|p2a: Charizard\n|-damage|p2a: Charizard|91/297\n|debug|natural status immunity\n|debug|immune to status\n|debug|move failed because it did nothing\n|\n|debug|Protosynthesis spe boost\n|-weather|SunnyDay|[upkeep]\n|upkeep\n|turn|4\n|debug|Protosynthesis spe boost\n|debug|Protosynthesis spe boost\n|\n|t:|1714702316\n|debug|Protosynthesis spe boost\n|debug|Protosynthesis spe boost\n|move|p1a: Grimmsnarl|Parting Shot|p2b: Walking Wake\n|-unboost|p2b: Walking Wake|atk|1\n|-unboost|p2b: Walking Wake|spa|1\n|debug|Protosynthesis spe boost\n|\n|t:|1714702320\n|switch|p1a: Kommo-o|Kommo-o, F|354/354|[from] Parting Shot\n|debug|Protosynthesis spe boost\n|debug|Protosynthesis spe boost\n|move|p2b: Walking Wake|Hydro Steam|p1a: Kommo-o\n|debug|Sunny Day Hydro Steam boost\n|-resisted|p1a: Kommo-o\n|debug|Light Screen weaken\n|-damage|p1a: Kommo-o|311/354\n|-damage|p2b: Walking Wake|136/339|[from] item: Life Orb\n|debug|Protosynthesis spe boost\n|move|p2a: Charizard|Heat Wave|p1b: Volcanion|[spread] p1a,p1b\n|debug|Spread modifier: 0.75\n|debug|Sunny Day fire boost\n|-resisted|p1a: Kommo-o\n|debug|Light Screen weaken\n|debug|Spread modifier: 0.75\n|debug|Sunny Day fire boost\n|-resisted|p1b: Volcanion\n|debug|Light Screen weaken\n|-damage|p1a: Kommo-o|259/354\n|-damage|p1b: Volcanion|11/364\n|debug|Protosynthesis spe boost\n|move|p1b: Volcanion|Steam Eruption|p2a: Charizard\n|debug|Sunny Day water suppress\n|-supereffective|p2a: Charizard\n|-damage|p2a: Charizard|0 fnt\n|faint|p2a: Charizard\n|\n|debug|Protosynthesis spe boost\n|-weather|SunnyDay|[upkeep]\n|upkeep\n|c|☆smokeydabearrr|damnnn\n|debug|Protosynthesis spe boost\n|\n|t:|1714702352\n|switch|p2a: Raging Bolt|Raging Bolt|454/454\n|-damage|p2a: Raging Bolt|398/454|[from] Stealth Rock\n|-activate|p2a: Raging Bolt|ability: Protosynthesis\n|-start|p2a: Raging Bolt|protosynthesisspa\n|turn|5\n|debug|Protosynthesis spe boost\n|debug|Protosynthesis spe boost\n|\n|t:|1714702426\n|-terastallize|p1a: Kommo-o|Steel\n|debug|Protosynthesis spe boost\n|debug|Protosynthesis spe boost\n|move|p2b: Walking Wake|Draco Meteor|p1a: Kommo-o\n|-resisted|p1a: Kommo-o\n|debug|Light Screen weaken\n|-damage|p1a: Kommo-o|214/354\n|-unboost|p2b: Walking Wake|spa|2\n|-damage|p2b: Walking Wake|103/339|[from] item: Life Orb\n|debug|Protosynthesis spe boost\n|move|p1a: Kommo-o|Iron Defense|p1a: Kommo-o\n|-boost|p1a: Kommo-o|def|2\n|debug|Protosynthesis spe boost\n|move|p2a: Raging Bolt|Electroweb|p1b: Volcanion|[spread] p1a,p1b\n|debug|Protosynthesis spa boost\n|debug|Spread modifier: 0.75\n|-crit|p1a: Kommo-o\n|debug|Protosynthesis spa boost\n|debug|Spread modifier: 0.75\n|-supereffective|p1b: Volcanion\n|debug|Light Screen weaken\n|-damage|p1a: Kommo-o|18/354\n|-damage|p1b: Volcanion|0 fnt\n|-unboost|p1a: Kommo-o|spe|1\n|-enditem|p1a: Kommo-o|Sitrus Berry|[eat]\n|-heal|p1a: Kommo-o|106/354|[from] item: Sitrus Berry\n|faint|p1b: Volcanion\n|debug|Protosynthesis spe boost\n|\n|debug|Protosynthesis spe boost\n|-weather|none\n|-end|p2b: Walking Wake|Protosynthesis\n|-end|p2a: Raging Bolt|Protosynthesis\n|upkeep\n|\n|t:|1714702451\n|switch|p1b: Kangaskhan|Kangaskhan-Mega, F|414/414\n|turn|6\n|\n|t:|1714702474\n|-end|p2a: Raging Bolt|Protosynthesis|[silent]\n|switch|p2a: Blastoise|Blastoise, F|362/362\n|-damage|p2a: Blastoise|317/362|[from] Stealth Rock\n|move|p2b: Walking Wake|Protect|p2b: Walking Wake\n|-singleturn|p2b: Walking Wake|Protect\n|move|p1b: Kangaskhan|Fake Out|p2a: Blastoise\n|-damage|p2a: Blastoise|260/362\n|debug|Parental Bond modifier: 0.25\n|-damage|p2a: Blastoise|248/362\n|debug|move failed because it did nothing\n|-hitcount|p2a: Blastoise|2\n|move|p1a: Kommo-o|Body Press|p2a: Blastoise\n|-damage|p2a: Blastoise|68/362\n|-enditem|p2a: Blastoise|Aguav Berry|[eat]\n|-heal|p2a: Blastoise|188/362|[from] item: Aguav Berry\n|\n|upkeep\n|turn|7\n|\n|t:|1714702514\n|move|p2a: Blastoise|Fake Out|p1b: Kangaskhan\n|-damage|p1b: Kangaskhan|389/414\n|move|p2b: Walking Wake|Flamethrower|p1a: Kommo-o\n|-supereffective|p1a: Kommo-o\n|debug|Light Screen weaken\n|-damage|p1a: Kommo-o|52/354\n|-damage|p2b: Walking Wake|70/339|[from] item: Life Orb\n|cant|p1b: Kangaskhan|flinch\n|move|p1a: Kommo-o|Body Press|p2b: Walking Wake\n|-crit|p2b: Walking Wake\n|-damage|p2b: Walking Wake|0 fnt\n|faint|p2b: Walking Wake\n|-end|p2b: Walking Wake|Protosynthesis|[silent]\n|\n|upkeep\n|c|☆smokeydabearrr|too weak:(\n|c| mistermoscow|aww jeezee\n|\n|t:|1714702556\n|switch|p2b: Rillaboom|Rillaboom, F|404/404\n|-damage|p2b: Rillaboom|354/404|[from] Stealth Rock\n|-fieldstart|move: Grassy Terrain|[from] ability: Grassy Surge|[of] p2b: Rillaboom\n|turn|8\n|c| mistermoscow|you got this rod! Fuck him up!\n|\n|t:|1714702588\n|-terastallize|p2a: Blastoise|Ghost\n|move|p2b: Rillaboom|Fake Out|p1b: Kangaskhan\n|-damage|p1b: Kangaskhan|333/414\n|move|p2a: Blastoise|Follow Me|p2a: Blastoise\n|-singleturn|p2a: Blastoise|move: Follow Me\n|cant|p1b: Kangaskhan|flinch\n|move|p1a: Kommo-o|Body Press|p2a: Blastoise\n|debug|Follow Me redirected target of move\n|-immune|p2a: Blastoise\n|\n|-heal|p1b: Kangaskhan|358/414|[from] Grassy Terrain\n|-heal|p2b: Rillaboom|379/404|[from] Grassy Terrain\n|-heal|p2a: Blastoise|210/362|[from] Grassy Terrain\n|-heal|p1a: Kommo-o|74/354|[from] Grassy Terrain\n|upkeep\n|turn|9\n|\n|t:|1714702629\n|switch|p1b: Marshadow|Marshadow|384/384\n|move|p1a: Kommo-o|Protect|p1a: Kommo-o\n|-singleturn|p1a: Kommo-o|Protect\n|move|p2a: Blastoise|Follow Me|p2a: Blastoise\n|-singleturn|p2a: Blastoise|move: Follow Me\n|move|p2b: Rillaboom|Grassy Glide|p1a: Kommo-o\n|-activate|p1a: Kommo-o|move: Protect\n|\n|-heal|p2b: Rillaboom|404/404|[from] Grassy Terrain\n|-heal|p2a: Blastoise|232/362|[from] Grassy Terrain\n|-heal|p1a: Kommo-o|96/354|[from] Grassy Terrain\n|upkeep\n|turn|10\n|\n|t:|1714702659\n|move|p2b: Rillaboom|Grassy Glide|p1a: Kommo-o\n|debug|grassy terrain boost\n|-resisted|p1a: Kommo-o\n|-damage|p1a: Kommo-o|69/354\n|move|p1b: Marshadow|Spectral Thief|p2a: Blastoise\n|debug|Base Power: 90\n|-supereffective|p2a: Blastoise\n|-damage|p2a: Blastoise|0 fnt\n|faint|p2a: Blastoise\n|move|p1a: Kommo-o|Body Press|p2b: Rillaboom\n|-damage|p2b: Rillaboom|152/404\n|\n|-heal|p2b: Rillaboom|177/404|[from] Grassy Terrain\n|-heal|p1a: Kommo-o|91/354|[from] Grassy Terrain\n|-sideend|p1: mattmandaman|move: Light Screen\n|upkeep\n|c| mistermoscow|uh oh\n|\n|t:|1714702692\n|switch|p2a: Raging Bolt|Raging Bolt|398/454\n|-damage|p2a: Raging Bolt|342/454|[from] Stealth Rock\n|turn|11\n|c| noli_cannoli10|he's cheating again\n|c| mistermoscow|^^^\n|\n|t:|1714702727\n|move|p1b: Marshadow|Spectral Thief|p2a: Raging Bolt\n|debug|Base Power: 90\n|-damage|p2a: Raging Bolt|155/454\n|move|p2b: Rillaboom|Drain Punch|p1a: Kommo-o\n|debug|Negating (sp)def boost/penalty.\n|-supereffective|p1a: Kommo-o\n|-crit|p1a: Kommo-o\n|-damage|p1a: Kommo-o|0 fnt\n|-heal|p2b: Rillaboom|223/404|[from] drain|[of] p1a: Kommo-o\n|faint|p1a: Kommo-o\n|move|p2a: Raging Bolt|Draco Meteor|p1b: Marshadow\n|-damage|p1b: Marshadow|107/384\n|-unboost|p2a: Raging Bolt|spa|2\n|\n|-heal|p1b: Marshadow|131/384|[from] Grassy Terrain\n|-heal|p2b: Rillaboom|248/404|[from] Grassy Terrain\n|-heal|p2a: Raging Bolt|183/454|[from] Grassy Terrain\n|upkeep\n|\n|t:|1714702752\n|switch|p1a: Kangaskhan|Kangaskhan-Mega, F|358/414\n|turn|12\n|\n|t:|1714702778\n|-end|p2a: Raging Bolt|Protosynthesis|[silent]\n|switch|p2a: Cresselia|Cresselia, F|444/444\n|-damage|p2a: Cresselia|389/444|[from] Stealth Rock\n|move|p1a: Kangaskhan|Fake Out|p2b: Rillaboom\n|-damage|p2b: Rillaboom|163/404\n|debug|Parental Bond modifier: 0.25\n|-crit|p2b: Rillaboom\n|-damage|p2b: Rillaboom|132/404\n|debug|move failed because it did nothing\n|-hitcount|p2b: Rillaboom|2\n|move|p1b: Marshadow|Spectral Thief|p2a: Cresselia\n|debug|Base Power: 90\n|-supereffective|p2a: Cresselia\n|-damage|p2a: Cresselia|143/444\n|cant|p2b: Rillaboom|flinch\n|\n|-heal|p1b: Marshadow|155/384|[from] Grassy Terrain\n|-heal|p1a: Kangaskhan|383/414|[from] Grassy Terrain\n|-heal|p2b: Rillaboom|157/404|[from] Grassy Terrain\n|debug|Pokemon semi-invuln or not grounded; Grassy Terrain skipped\n|-heal|p2a: Cresselia|170/444|[from] item: Leftovers\n|-fieldend|move: Grassy Terrain\n|upkeep\n|turn|13\n|\n|t:|1714702812\n|move|p1b: Marshadow|Spectral Thief|p2a: Cresselia\n|debug|Base Power: 90\n|-supereffective|p2a: Cresselia\n|-damage|p2a: Cresselia|0 fnt\n|faint|p2a: Cresselia\n|move|p1a: Kangaskhan|Return|p2b: Rillaboom\n|-damage|p2b: Rillaboom|0 fnt\n|faint|p2b: Rillaboom\n|-hitcount|p2: Rillaboom|1\n|\n|upkeep\n|c|☆smokeydabearrr|i didnt realize there was no grassy terrain noooo\n|\n|t:|1714702827\n|switch|p2b: Raging Bolt|Raging Bolt|183/454\n|-damage|p2b: Raging Bolt|127/454|[from] Stealth Rock\n|turn|14\n|c| mistermoscow|ooooohhhhhh\n|\n|t:|1714702834\n|move|p2b: Raging Bolt|Thunderclap|p1b: Marshadow\n|-damage|p1b: Marshadow|0 fnt\n|faint|p1b: Marshadow\n|move|p1a: Kangaskhan|Return|p2b: Raging Bolt\n|-damage|p2b: Raging Bolt|0 fnt\n|faint|p2b: Raging Bolt\n|-end|p2b: Raging Bolt|Protosynthesis|[silent]\n|-hitcount|p2: Raging Bolt|1\n|\n|win|mattmandaman\n|c|☆smokeydabearrr|gg:(\n","uploadtime":1714702845,"views":"19","formatid":"gen9doublescustomgame","rating":null,"private":0,"password":null}