{"id":"gen9doublescustomgame-2314071783","format":"[Gen 9] Doubles Custom Game","players":["je64","mistermoscow"],"log":"|j|☆je64\n|j|☆mistermoscow\n|t:|1741303591\n|gametype|doubles\n|player|p1|je64|1|\n|player|p2|mistermoscow|alder|\n|teamsize|p1|6\n|teamsize|p2|6\n|gen|9\n|tier|[Gen 9] Doubles Custom Game\n|clearpoke\n|poke|p1|Dugtrio, F|\n|poke|p1|Dewgong, F|\n|poke|p1|Electabuzz, M|\n|poke|p1|Magmar, F|\n|poke|p1|Venomoth, F|\n|poke|p1|Kadabra, M|\n|poke|p2|Primeape, M|\n|poke|p2|Dewgong, M|\n|poke|p2|Exeggutor, M|\n|poke|p2|Mr. Mime, F|\n|poke|p2|Jolteon, M|\n|poke|p2|Dragonite, M|\n|teampreview\n|\n|t:|1741303731\n|start\n|switch|p1a: Myagmar|Magmar, F|334/334\n|switch|p1b: Venomoth|Venomoth, F|281/281\n|switch|p2a: Apollo|Primeape, M|271/271\n|switch|p2b: Dewey|Dewgong, M|353/353\n|turn|1\n|\n|t:|1741303803\n|move|p1b: Venomoth|Protect|p1b: Venomoth\n|-singleturn|p1b: Venomoth|Protect\n|move|p2b: Dewey|Icy Wind|p1b: Venomoth|[spread] p1a\n|-activate|p1b: Venomoth|move: Protect\n|debug|Spread modifier: 0.75\n|-resisted|p1a: Myagmar\n|-damage|p1a: Myagmar|323/334\n|-unboost|p1a: Myagmar|spe|1\n|move|p2a: Apollo|Bulk Up|p2a: Apollo\n|-boost|p2a: Apollo|atk|1\n|-boost|p2a: Apollo|def|1\n|move|p1a: Myagmar|Will-O-Wisp|p2a: Apollo\n|-status|p2a: Apollo|brn\n|\n|-damage|p2a: Apollo|255/271 brn|[from] brn\n|upkeep\n|turn|2\n|\n|t:|1741303848\n|move|p1b: Venomoth|Quiver Dance|p1b: Venomoth\n|-boost|p1b: Venomoth|spa|1\n|-boost|p1b: Venomoth|spd|1\n|-boost|p1b: Venomoth|spe|1\n|move|p2b: Dewey|Frost Breath|p2a: Apollo|[miss]\n|-miss|p2b: Dewey|p2a: Apollo\n|move|p2a: Apollo|Drain Punch|p1a: Myagmar\n|-damage|p1a: Myagmar|250/334\n|-heal|p2a: Apollo|271/271 brn|[from] drain|[of] p1a: Myagmar\n|move|p1a: Myagmar|Roar|p2a: Apollo\n|drag|p2a: Mrs. Mr. Mime|Mr. Mime, F|284/284\n|\n|upkeep\n|turn|3\n|\n|t:|1741303919\n|move|p1a: Myagmar|Follow Me|p1a: Myagmar\n|-singleturn|p1a: Myagmar|move: Follow Me\n|move|p1b: Venomoth|Quiver Dance|p1b: Venomoth\n|-boost|p1b: Venomoth|spa|1\n|-boost|p1b: Venomoth|spd|1\n|-boost|p1b: Venomoth|spe|1\n|move|p2b: Dewey|Icy Wind|p1a: Myagmar|[spread] p1a,p1b\n|debug|Spread modifier: 0.75\n|-resisted|p1a: Myagmar\n|debug|Spread modifier: 0.75\n|-damage|p1a: Myagmar|238/334\n|-damage|p1b: Venomoth|260/281\n|-unboost|p1a: Myagmar|spe|1\n|-unboost|p1b: Venomoth|spe|1\n|move|p2a: Mrs. Mr. Mime|Psychic Terrain|p2a: Mrs. Mr. Mime\n|-fieldstart|move: Psychic Terrain\n|\n|upkeep\n|turn|4\n|\n|t:|1741303979\n|move|p1b: Venomoth|Bug Buzz|p2a: Mrs. Mr. Mime\n|-damage|p2a: Mrs. Mr. Mime|77/284\n|-enditem|p1b: Venomoth|Throat Spray\n|-boost|p1b: Venomoth|spa|1|[from] item: Throat Spray\n|move|p2b: Dewey|Icy Wind|p1b: Venomoth|[spread] p1a,p1b\n|debug|Spread modifier: 0.75\n|-resisted|p1a: Myagmar\n|debug|Spread modifier: 0.75\n|-damage|p1a: Myagmar|228/334\n|-damage|p1b: Venomoth|238/281\n|-unboost|p1a: Myagmar|spe|1\n|-unboost|p1b: Venomoth|spe|1\n|move|p2a: Mrs. Mr. Mime|Expanding Force|p1b: Venomoth|[spread] p1a,p1b\n|debug|psychic terrain boost\n|debug|terrain buff\n|debug|Spread modifier: 0.75\n|debug|psychic terrain boost\n|debug|terrain buff\n|debug|Spread modifier: 0.75\n|-supereffective|p1b: Venomoth\n|-damage|p1a: Myagmar|129/334\n|-damage|p1b: Venomoth|58/281\n|move|p1a: Myagmar|Overheat|p2a: Mrs. Mr. Mime\n|-damage|p2a: Mrs. Mr. Mime|0 fnt\n|-unboost|p1a: Myagmar|spa|2\n|faint|p2a: Mrs. Mr. Mime\n|\n|upkeep\n|\n|t:|1741304013\n|switch|p2a: Sparky|Jolteon, M|271/271\n|turn|5\n|\n|t:|1741304032\n|move|p1a: Myagmar|Follow Me|p1a: Myagmar\n|-singleturn|p1a: Myagmar|move: Follow Me\n|move|p2a: Sparky|Electroweb|p1b: Venomoth|[spread] p1a,p1b\n|debug|Spread modifier: 0.75\n|debug|Spread modifier: 0.75\n|-damage|p1a: Myagmar|84/334\n|-damage|p1b: Venomoth|13/281\n|-unboost|p1a: Myagmar|spe|1\n|-unboost|p1b: Venomoth|spe|1\n|move|p2b: Dewey|Flip Turn|p1a: Myagmar\n|debug|Follow Me redirected target of move\n|-supereffective|p1a: Myagmar\n|-damage|p1a: Myagmar|0 fnt\n|faint|p1a: Myagmar\n|\n|t:|1741304042\n|switch|p2b: Eggman|Exeggutor, M|363/363|[from] Flip Turn\n|move|p1b: Venomoth|Bug Buzz|p2a: Sparky\n|-damage|p2a: Sparky|0 fnt\n|debug|Covert Cloak prevent secondary\n|faint|p2a: Sparky\n|\n|upkeep\n|\n|t:|1741304075\n|switch|p2a: Puff Daddy|Dragonite, M|355/355\n|switch|p1a: Dude Thong|Dewgong, F|384/384\n|turn|6\n|\n|t:|1741304100\n|move|p1a: Dude Thong|Fake Out|p2a: Puff Daddy\n|-hint|Psychic Terrain doesn't affect Pokémon immune to Ground.\n|-damage|p2a: Puff Daddy|331/355\n|debug|add volatile [flinch] interrupted\n|debug|move failed because it did nothing\n|move|p2a: Puff Daddy|Tailwind|p2a: Puff Daddy\n|-sidestart|p2: mistermoscow|move: Tailwind\n|move|p2b: Eggman|Expanding Force|p1b: Venomoth|[spread] p1a,p1b\n|debug|psychic terrain boost\n|debug|terrain buff\n|debug|Spread modifier: 0.75\n|debug|psychic terrain boost\n|debug|terrain buff\n|debug|Spread modifier: 0.75\n|-supereffective|p1b: Venomoth\n|-damage|p1a: Dude Thong|242/384\n|-damage|p1b: Venomoth|0 fnt\n|faint|p1b: Venomoth\n|\n|upkeep\n|\n|t:|1741304130\n|switch|p1b: Buzz Lightyear|Electabuzz, M|334/334\n|turn|7\n|\n|t:|1741304156\n|switch|p2a: Apollo|Primeape, M|271/271 brn\n|move|p2b: Eggman|Giga Drain|p1a: Dude Thong\n|-supereffective|p1a: Dude Thong\n|-damage|p1a: Dude Thong|36/384\n|move|p1b: Buzz Lightyear|Electroweb|p2b: Eggman|[spread] p2a,p2b\n|debug|Spread modifier: 0.75\n|debug|Spread modifier: 0.75\n|-resisted|p2b: Eggman\n|-damage|p2a: Apollo|238/271 brn\n|-damage|p2b: Eggman|334/363\n|-unboost|p2a: Apollo|spe|1\n|-unboost|p2b: Eggman|spe|1\n|move|p1a: Dude Thong|Triple Axel|p2b: Eggman\n|-supereffective|p2b: Eggman\n|-damage|p2b: Eggman|290/363\n|-supereffective|p2b: Eggman\n|-damage|p2b: Eggman|210/363\n|-supereffective|p2b: Eggman\n|-damage|p2b: Eggman|96/363\n|-hitcount|p2b: Eggman|3\n|\n|-heal|p2b: Eggman|118/363|[from] item: Leftovers\n|-damage|p2a: Apollo|222/271 brn|[from] brn\n|upkeep\n|turn|8\n|\n|t:|1741304223\n|switch|p2b: Puff Daddy|Dragonite, M|331/355\n|move|p1b: Buzz Lightyear|Feint|p2b: Puff Daddy\n|-hint|Psychic Terrain doesn't affect Pokémon immune to Ground.\n|-damage|p2b: Puff Daddy|311/355\n|move|p2a: Apollo|Bulk Up|p2a: Apollo\n|-boost|p2a: Apollo|atk|1\n|-boost|p2a: Apollo|def|1\n|move|p1a: Dude Thong|Triple Axel|p2b: Puff Daddy\n|-supereffective|p2b: Puff Daddy\n|-damage|p2b: Puff Daddy|227/355\n|-supereffective|p2b: Puff Daddy\n|-damage|p2b: Puff Daddy|79/355\n|-supereffective|p2b: Puff Daddy\n|-damage|p2b: Puff Daddy|0 fnt\n|faint|p2b: Puff Daddy\n|-hitcount|p2: Puff Daddy|3\n|\n|-damage|p2a: Apollo|206/271 brn|[from] brn\n|upkeep\n|\n|t:|1741304241\n|switch|p2b: Eggman|Exeggutor, M|118/363\n|turn|9\n|\n|t:|1741304271\n|move|p2b: Eggman|Expanding Force|p1a: Dude Thong|[spread] p1a,p1b\n|debug|psychic terrain boost\n|debug|terrain buff\n|debug|Spread modifier: 0.75\n|debug|psychic terrain boost\n|debug|terrain buff\n|debug|Spread modifier: 0.75\n|-damage|p1a: Dude Thong|0 fnt\n|-damage|p1b: Buzz Lightyear|189/334\n|faint|p1a: Dude Thong\n|move|p2a: Apollo|Bulk Up|p2a: Apollo\n|-boost|p2a: Apollo|atk|1\n|-boost|p2a: Apollo|def|1\n|move|p1b: Buzz Lightyear|Electroweb|p2a: Apollo|[spread] p2a,p2b\n|debug|Spread modifier: 0.75\n|debug|Spread modifier: 0.75\n|-resisted|p2b: Eggman\n|-damage|p2a: Apollo|175/271 brn\n|-damage|p2b: Eggman|86/363\n|-unboost|p2a: Apollo|spe|1\n|-unboost|p2b: Eggman|spe|1\n|\n|-heal|p2b: Eggman|108/363|[from] item: Leftovers\n|-damage|p2a: Apollo|159/271 brn|[from] brn\n|-sideend|p2: mistermoscow|move: Tailwind\n|upkeep\n|\n|t:|1741304295\n|switch|p1a: K.Dot|Kadabra, M|221/221\n|turn|10\n|\n|t:|1741304343\n|move|p2a: Apollo|Protect|p2a: Apollo\n|-singleturn|p2a: Apollo|Protect\n|move|p1a: K.Dot|Psychic|p2a: Apollo\n|-activate|p2a: Apollo|move: Protect\n|move|p1b: Buzz Lightyear|Volt Switch|p2b: Eggman\n|-resisted|p2b: Eggman\n|-damage|p2b: Eggman|56/363\n|\n|t:|1741304350\n|switch|p1b: Shai-Hulud|Dugtrio, F|212/212|[from] Volt Switch\n|move|p2b: Eggman|Expanding Force|p1b: Shai-Hulud|[spread] p1a,p1b\n|debug|psychic terrain boost\n|debug|terrain buff\n|debug|Spread modifier: 0.75\n|-resisted|p1a: K.Dot\n|debug|psychic terrain boost\n|debug|terrain buff\n|debug|Spread modifier: 0.75\n|-damage|p1a: K.Dot|65/221\n|-enditem|p1b: Shai-Hulud|Focus Sash\n|-damage|p1b: Shai-Hulud|1/212\n|\n|-heal|p2b: Eggman|78/363|[from] item: Leftovers\n|-damage|p2a: Apollo|143/271 brn|[from] brn\n|-fieldend|move: Psychic Terrain\n|upkeep\n|turn|11\n|\n|t:|1741304371\n|move|p2a: Apollo|Protect|p2a: Apollo\n|debug|Success chance: 33%\n|-singleturn|p2a: Apollo|Protect\n|move|p1b: Shai-Hulud|Sucker Punch||[still]\n|-fail|p1b: Shai-Hulud\n|move|p1a: K.Dot|Psychic|p2a: Apollo\n|-activate|p2a: Apollo|move: Protect\n|move|p2b: Eggman|Psychic Terrain|p2b: Eggman\n|-fieldstart|move: Psychic Terrain\n|\n|-heal|p2b: Eggman|100/363|[from] item: Leftovers\n|-damage|p2a: Apollo|127/271 brn|[from] brn\n|upkeep\n|turn|12\n|\n|t:|1741304488\n|move|p1a: K.Dot|Protect|p1a: K.Dot\n|-singleturn|p1a: K.Dot|Protect\n|move|p1b: Shai-Hulud|Bulldoze|p2b: Eggman|[spread] p2a,p2b\n|-activate|p1a: K.Dot|move: Protect\n|debug|Spread modifier: 0.75\n|debug|Spread modifier: 0.75\n|-resisted|p2b: Eggman\n|-damage|p2a: Apollo|91/271 brn\n|-damage|p2b: Eggman|61/363\n|-unboost|p2a: Apollo|spe|1\n|-unboost|p2b: Eggman|spe|1\n|move|p2a: Apollo|Rage Fist|p1a: K.Dot\n|-activate|p1a: K.Dot|move: Protect\n|move|p2b: Eggman|Expanding Force|p1a: K.Dot|[spread] p1b\n|-activate|p1a: K.Dot|move: Protect\n|debug|psychic terrain boost\n|debug|terrain buff\n|debug|Spread modifier: 0.75\n|-damage|p1b: Shai-Hulud|0 fnt\n|faint|p1b: Shai-Hulud\n|\n|-heal|p2b: Eggman|83/363|[from] item: Leftovers\n|-damage|p2a: Apollo|75/271 brn|[from] brn\n|upkeep\n|\n|t:|1741304504\n|switch|p1b: Buzz Lightyear|Electabuzz, M|189/334\n|turn|13\n|\n|t:|1741304569\n|move|p1a: K.Dot|Dazzling Gleam|p2a: Apollo|[spread] p2a,p2b\n|debug|Spread modifier: 0.75\n|-supereffective|p2a: Apollo\n|debug|Spread modifier: 0.75\n|-damage|p2a: Apollo|0 fnt\n|-damage|p2b: Eggman|0 fnt\n|faint|p2a: Apollo\n|faint|p2b: Eggman\n|debug|damage event failed\n|move|p1b: Buzz Lightyear|Electroweb|p2: Apollo|[notarget]\n|-fail|p1b: Buzz Lightyear\n|\n|upkeep\n|\n|t:|1741304577\n|switch|p2b: Dewey|Dewgong, M|353/353\n|turn|14\n|\n|t:|1741304590\n|move|p1a: K.Dot|Protect|p1a: K.Dot\n|-singleturn|p1a: K.Dot|Protect\n|move|p1b: Buzz Lightyear|Volt Switch|p2b: Dewey\n|-supereffective|p2b: Dewey\n|-damage|p2b: Dewey|189/353\n|move|p2b: Dewey|Flip Turn|p1a: K.Dot\n|-activate|p1a: K.Dot|move: Protect\n|\n|upkeep\n|turn|15\n|\n|t:|1741304604\n|move|p1a: K.Dot|Psychic|p2b: Dewey\n|debug|psychic terrain boost\n|-damage|p2b: Dewey|0 fnt\n|faint|p2b: Dewey\n|debug|damage event failed\n|\n|win|je64\n","uploadtime":1741304610,"views":"14","formatid":"gen9doublescustomgame","rating":null,"private":0,"password":null}