{"id":"gen9doublescustomgame-2263042311","format":"[Gen 9] Doubles Custom Game","players":["mistermoscow","mattmandaman"],"log":"|badge|p2|gold|gen9doublesou|3-3\n|uhtml|medal-msg|<div class=\"broadcast-blue\">Curious what those medals under the avatar are? PS now has Ladder Seasons! For more information, check out the <a href=\"https://www.smogon.com/forums/threads/3740067/\">thread on Smogon.</a></div>\n|j|☆mistermoscow\n|j|☆mattmandaman\n|t:|1734207175\n|gametype|doubles\n|player|p1|mistermoscow|alder|\n|player|p2|mattmandaman|giovanni|\n|teamsize|p1|6\n|teamsize|p2|6\n|gen|9\n|tier|[Gen 9] Doubles Custom Game\n|clearpoke\n|poke|p1|Fearow, M|\n|poke|p1|Butterfree, F|\n|poke|p1|Clefairy, M|\n|poke|p1|Victreebel, M|\n|poke|p1|Poliwrath, F|\n|poke|p1|Snorlax, M|\n|poke|p2|Marowak, M|\n|poke|p2|Pikachu, F|\n|poke|p2|Gengar, M|\n|poke|p2|Nidoqueen, F|\n|poke|p2|Tentacruel, F|\n|poke|p2|Dodrio, M|\n|teampreview\n|\n|t:|1734207250\n|start\n|switch|p1a: Snax|Snorlax, M|524/524\n|switch|p1b: Big Bird|Fearow, M|271/271\n|switch|p2a: Tentacruel|Tentacruel, F|364/364\n|switch|p2b: Gengar|Gengar, M|262/262\n|turn|1\n|c|☆mistermoscow|brb\n|c|☆mistermoscow|back\n|c|☆mattmandaman|nice\n|\n|t:|1734207520\n|move|p2a: Tentacruel|Acid Spray|p1a: Snax\n|-damage|p1a: Snax|499/524\n|-unboost|p1a: Snax|spd|2\n|move|p1b: Big Bird|Drill Run|p2b: Gengar\n|-supereffective|p2b: Gengar\n|-damage|p2b: Gengar|26/262\n|move|p2b: Gengar|Sludge Wave|p1a: Snax|[spread] p2a,p1a,p1b\n|debug|Spread modifier: 0.75\n|-resisted|p2a: Tentacruel\n|debug|Spread modifier: 0.75\n|debug|Spread modifier: 0.75\n|-damage|p2a: Tentacruel|289/364\n|-damage|p1a: Snax|300/524\n|-damage|p1b: Big Bird|6/271\n|move|p1a: Snax|Double-Edge|p2a: Tentacruel\n|-damage|p2a: Tentacruel|82/364\n|-damage|p1a: Snax|232/524|[from] Recoil\n|\n|upkeep\n|turn|2\n|\n|t:|1734207549\n|move|p2b: Gengar|Protect|p2b: Gengar\n|-singleturn|p2b: Gengar|Protect\n|move|p1b: Big Bird|Tailwind|p1b: Big Bird\n|-sidestart|p1: mistermoscow|move: Tailwind\n|move|p2a: Tentacruel|Icy Wind|p1a: Snax|[spread] p1a,p1b\n|debug|Spread modifier: 0.75\n|debug|Spread modifier: 0.75\n|-supereffective|p1b: Big Bird\n|-damage|p1a: Snax|198/524\n|-damage|p1b: Big Bird|0 fnt\n|-unboost|p1a: Snax|spe|1\n|faint|p1b: Big Bird\n|move|p1a: Snax|Earthquake|p2a: Tentacruel|[spread] p2a\n|-activate|p2b: Gengar|move: Protect\n|debug|Spread modifier: 0.75\n|-supereffective|p2a: Tentacruel\n|-damage|p2a: Tentacruel|0 fnt\n|faint|p2a: Tentacruel\n|\n|upkeep\n|\n|t:|1734207576\n|switch|p1b: Purple Haze|Butterfree, F|324/324\n|switch|p2a: Pikachu|Pikachu, F|211/211\n|turn|3\n|\n|t:|1734207639\n|switch|p2b: Dodrio|Dodrio, M|262/262\n|move|p2a: Pikachu|Fake Out|p1b: Purple Haze\n|-damage|p1b: Purple Haze|268/324\n|debug|Covert Cloak prevent secondary\n|move|p1b: Purple Haze|Sleep Powder|p2b: Dodrio\n|debug|compoundeyes - enhancing accuracy\n|-status|p2b: Dodrio|slp|[from] move: Sleep Powder\n|move|p1a: Snax|Earthquake|p2a: Pikachu|[spread] p2a\n|-immune|p1b: Purple Haze\n|-immune|p2b: Dodrio\n|debug|Spread modifier: 0.75\n|-supereffective|p2a: Pikachu\n|-damage|p2a: Pikachu|0 fnt\n|faint|p2a: Pikachu\n|\n|upkeep\n|\n|t:|1734207650\n|switch|p2a: Nidoqueen|Nidoqueen, F|384/384\n|turn|4\n|\n|t:|1734207675\n|switch|p1a: Clifford|Clefairy, M|344/344\n|move|p2a: Nidoqueen|Protect|p2a: Nidoqueen\n|-singleturn|p2a: Nidoqueen|Protect\n|move|p1b: Purple Haze|Sleep Powder|p2a: Nidoqueen\n|-activate|p2a: Nidoqueen|move: Protect\n|cant|p2b: Dodrio|slp\n|\n|upkeep\n|turn|5\n|\n|t:|1734207696\n|move|p1a: Clifford|Follow Me|p1a: Clifford\n|-singleturn|p1a: Clifford|move: Follow Me\n|move|p1b: Purple Haze|Sleep Powder|p2a: Nidoqueen\n|debug|compoundeyes - enhancing accuracy\n|-status|p2a: Nidoqueen|slp|[from] move: Sleep Powder\n|-curestatus|p2b: Dodrio|slp|[msg]\n|move|p2b: Dodrio|Taunt|p1a: Clifford\n|debug|Follow Me redirected target of move\n|-start|p1a: Clifford|move: Taunt\n|cant|p2a: Nidoqueen|slp\n|\n|-sideend|p1: mistermoscow|move: Tailwind\n|upkeep\n|turn|6\n|\n|t:|1734207734\n|switch|p1a: Victor|Victreebel, M|364/364\n|move|p2b: Dodrio|Drill Peck|p1b: Purple Haze\n|-supereffective|p1b: Purple Haze\n|-damage|p1b: Purple Haze|4/324\n|cant|p2a: Nidoqueen|slp\n|move|p1b: Purple Haze|Sleep Powder|p2b: Dodrio\n|debug|compoundeyes - enhancing accuracy\n|-status|p2b: Dodrio|slp|[from] move: Sleep Powder\n|\n|upkeep\n|turn|7\n|\n|t:|1734207753\n|cant|p2b: Dodrio|slp\n|-curestatus|p2a: Nidoqueen|slp|[msg]\n|move|p2a: Nidoqueen|Sludge Wave|p1b: Purple Haze|[spread] p2b,p1a,p1b\n|debug|Spread modifier: 0.75\n|debug|Spread modifier: 0.75\n|debug|Spread modifier: 0.75\n|-damage|p2b: Dodrio|62/262 slp\n|-damage|p1a: Victor|200/364\n|-damage|p1b: Purple Haze|0 fnt\n|debug|move failed because it did nothing\n|debug|Covert Cloak prevent secondary\n|faint|p1b: Purple Haze\n|-damage|p2a: Nidoqueen|346/384|[from] item: Life Orb\n|move|p1a: Victor|Swords Dance|p1a: Victor\n|-boost|p1a: Victor|atk|2\n|\n|-heal|p1a: Victor|222/364|[from] item: Black Sludge\n|upkeep\n|\n|t:|1734207769\n|switch|p1b: Clifford|Clefairy, M|344/344\n|turn|8\n|\n|t:|1734207794\n|-curestatus|p2b: Dodrio|slp|[msg]\n|move|p2b: Dodrio|Protect|p2b: Dodrio\n|-singleturn|p2b: Dodrio|Protect\n|move|p1b: Clifford|Follow Me|p1b: Clifford\n|-singleturn|p1b: Clifford|move: Follow Me\n|move|p2a: Nidoqueen|Sludge Wave|p1b: Clifford|[spread] p1a,p1b\n|-activate|p2b: Dodrio|move: Protect\n|debug|Spread modifier: 0.75\n|debug|Friend Guard weaken\n|debug|Spread modifier: 0.75\n|-supereffective|p1b: Clifford\n|-damage|p1a: Victor|99/364\n|-damage|p1b: Clifford|141/344\n|debug|natural status immunity\n|debug|immune to status\n|debug|move failed because it did nothing\n|-status|p1b: Clifford|psn\n|-damage|p2a: Nidoqueen|308/384|[from] item: Life Orb\n|move|p1a: Victor|Leaf Blade|p2a: Nidoqueen\n|-damage|p2a: Nidoqueen|0 fnt\n|debug|natural status immunity\n|debug|immune to status\n|faint|p2a: Nidoqueen\n|\n|-heal|p1a: Victor|121/364|[from] item: Black Sludge\n|-damage|p1b: Clifford|98/344 psn|[from] psn\n|upkeep\n|c|☆mattmandaman|omg no sheer force oops\n|\n|t:|1734207821\n|switch|p2a: Gengar|Gengar, M|26/262\n|turn|9\n|c|☆mistermoscow|ripppp\n|\n|t:|1734207843\n|switch|p2a: Marowak|Marowak, M|262/262\n|move|p1b: Clifford|Follow Me|p1b: Clifford\n|-singleturn|p1b: Clifford|move: Follow Me\n|move|p1a: Victor|Sucker Punch||[still]\n|-fail|p1a: Victor\n|move|p2b: Dodrio|Taunt|p1b: Clifford\n|debug|Follow Me redirected target of move\n|-start|p1b: Clifford|move: Taunt\n|\n|-heal|p1a: Victor|143/364|[from] item: Black Sludge\n|-damage|p1b: Clifford|55/344 psn|[from] psn\n|upkeep\n|turn|10\n|\n|t:|1734207913\n|switch|p1b: Polly|Poliwrath, F|384/384\n|move|p2b: Dodrio|Drill Peck|p1a: Victor\n|-supereffective|p1a: Victor\n|-damage|p1a: Victor|0 fnt\n|faint|p1a: Victor\n|move|p2a: Marowak|Earthquake|p1b: Polly|[spread] p1b\n|-immune|p2b: Dodrio\n|debug|Spread modifier: 0.75\n|-damage|p1b: Polly|150/384\n|\n|-heal|p1b: Polly|174/384|[from] item: Leftovers\n|upkeep\n|\n|t:|1734207930\n|switch|p1a: Snax|Snorlax, M|198/524\n|turn|11\n|\n|t:|1734207945\n|move|p2b: Dodrio|Drill Peck|p1b: Polly\n|-supereffective|p1b: Polly\n|-damage|p1b: Polly|0 fnt\n|faint|p1b: Polly\n|move|p2a: Marowak|Earthquake|p1a: Snax|[spread] p1a\n|-immune|p2b: Dodrio\n|debug|Spread modifier: 0.75\n|-damage|p1a: Snax|5/524\n|move|p1a: Snax|Power-Up Punch|p2b: Dodrio\n|-damage|p2b: Dodrio|16/262\n|-boost|p1a: Snax|atk|1\n|\n|upkeep\n|\n|t:|1734207955\n|switch|p1b: Clifford|Clefairy, M|55/344 psn\n|turn|12\n|\n|t:|1734207966\n|move|p2b: Dodrio|Drill Peck|p1a: Snax\n|debug|Friend Guard weaken\n|-damage|p1a: Snax|0 fnt\n|faint|p1a: Snax\n|move|p2a: Marowak|Earthquake|p1b: Clifford|[spread] p1b\n|-immune|p2b: Dodrio\n|debug|Spread modifier: 0.75\n|-damage|p1b: Clifford|0 fnt\n|faint|p1b: Clifford\n|\n|win|mattmandaman\n|c|☆mistermoscow|gg\n|c|☆mattmandaman|damn that was close\n|c|☆mattmandaman|gg\n|c|☆mistermoscow|ehh i felt like that was the worst of the three lol\n","uploadtime":1734208005,"views":"111","formatid":"gen9doublescustomgame","rating":null,"private":0,"password":null}