{"id":"gen9doublescustomgame-2309444450","format":"[Gen 9] Doubles Custom Game","players":["mistermoscow","mattmandaman"],"log":"|j|☆mistermoscow\n|j|☆mattmandaman\n|t:|1740717765\n|gametype|doubles\n|player|p1|mistermoscow|alder|\n|player|p2|mattmandaman|giovanni|\n|teamsize|p1|6\n|teamsize|p2|6\n|gen|9\n|tier|[Gen 9] Doubles Custom Game\n|clearpoke\n|poke|p1|Fearow, M|\n|poke|p1|Nidoking, M|\n|poke|p1|Primeape, M|\n|poke|p1|Dewgong, M|\n|poke|p1|Jolteon, M|\n|poke|p1|Dragonite, M|\n|poke|p2|Machamp, F|\n|poke|p2|Starmie|\n|poke|p2|Chansey, F|\n|poke|p2|Nidoking, M|\n|poke|p2|Gengar, F|\n|poke|p2|Muk, F|\n|teampreview\n|\n|t:|1740717800\n|start\n|switch|p1a: Big Bird|Fearow, M|334/334\n|switch|p1b: King Nido|Nidoking, M|304/304\n|switch|p2a: Gengar|Gengar, F|262/262\n|switch|p2b: Muk|Muk, F|414/414\n|turn|1\n|\n|t:|1740717855\n|switch|p2b: Chansey|Chansey, F|704/704\n|move|p1b: King Nido|Earthquake|p2b: Chansey|[spread] p2a,p2b\n|-immune|p1a: Big Bird\n|debug|Spread modifier: 0.75\n|-supereffective|p2a: Gengar\n|debug|Spread modifier: 0.75\n|-enditem|p2a: Gengar|Focus Sash\n|-damage|p2a: Gengar|1/262\n|-damage|p2b: Chansey|526/704\n|-start|p1b: King Nido|Disable|Earthquake|[from] ability: Cursed Body|[of] p2a: Gengar\n|move|p2a: Gengar|Psychic|p1b: King Nido\n|-supereffective|p1b: King Nido\n|-damage|p1b: King Nido|56/304\n|move|p1a: Big Bird|Tailwind|p1a: Big Bird\n|-sidestart|p1: mistermoscow|move: Tailwind\n|\n|upkeep\n|turn|2\n|\n|t:|1740717902\n|switch|p1b: Apollo|Primeape, M|334/334\n|switch|p2a: Muk|Muk, F|414/414\n|move|p1a: Big Bird|U-turn|p2a: Muk\n|-resisted|p2a: Muk\n|-damage|p2a: Muk|381/414\n|\n|t:|1740717933\n|switch|p1a: Dewey|Dewgong, M|384/384|[from] U-turn\n|move|p2b: Chansey|Thunder Wave|p1a: Dewey\n|-status|p1a: Dewey|par\n|\n|-heal|p2a: Muk|406/414|[from] item: Black Sludge\n|upkeep\n|turn|3\n|\n|t:|1740717971\n|switch|p2b: Gengar|Gengar, F|1/262\n|move|p1a: Dewey|Fake Out|p2a: Muk\n|-damage|p2a: Muk|377/414\n|move|p1b: Apollo|Bulk Up|p1b: Apollo\n|-boost|p1b: Apollo|atk|1\n|-boost|p1b: Apollo|def|1\n|cant|p2a: Muk|flinch\n|\n|-heal|p2a: Muk|402/414|[from] item: Black Sludge\n|upkeep\n|turn|4\n|\n|t:|1740717999\n|switch|p1a: Big Bird|Fearow, M|334/334\n|move|p2b: Gengar|Protect|p2b: Gengar\n|-singleturn|p2b: Gengar|Protect\n|move|p1b: Apollo|Earthquake|p2b: Gengar|[spread] p2a\n|-activate|p2b: Gengar|move: Protect\n|-immune|p1a: Big Bird\n|debug|Spread modifier: 0.75\n|-supereffective|p2a: Muk\n|-damage|p2a: Muk|102/414\n|move|p2a: Muk|Poison Jab|p1b: Apollo\n|-damage|p1b: Apollo|235/334\n|-status|p1b: Apollo|psn\n|\n|-heal|p2a: Muk|127/414|[from] item: Black Sludge\n|-damage|p1b: Apollo|194/334 psn|[from] psn\n|-sideend|p1: mistermoscow|move: Tailwind\n|upkeep\n|turn|5\n|\n|t:|1740718035\n|move|p2b: Gengar|Psychic|p1b: Apollo\n|-supereffective|p1b: Apollo\n|-damage|p1b: Apollo|0 fnt\n|faint|p1b: Apollo\n|move|p1a: Big Bird|Tailwind|p1a: Big Bird\n|-sidestart|p1: mistermoscow|move: Tailwind\n|move|p2a: Muk|Ice Punch|p1a: Big Bird\n|-supereffective|p1a: Big Bird\n|-damage|p1a: Big Bird|90/334\n|debug|Covert Cloak prevent secondary\n|\n|-heal|p2a: Muk|152/414|[from] item: Black Sludge\n|upkeep\n|\n|t:|1740718053\n|switch|p1b: King Nido|Nidoking, M|56/304\n|turn|6\n|\n|t:|1740718078\n|move|p2b: Gengar|Protect|p2b: Gengar\n|-singleturn|p2b: Gengar|Protect\n|move|p2a: Muk|Shadow Sneak|p1b: King Nido\n|-damage|p1b: King Nido|4/304\n|move|p1b: King Nido|Earthquake|p2a: Muk|[spread] p2a\n|-activate|p2b: Gengar|move: Protect\n|-immune|p1a: Big Bird\n|debug|Spread modifier: 0.75\n|-supereffective|p2a: Muk\n|-damage|p2a: Muk|0 fnt\n|faint|p2a: Muk\n|move|p1a: Big Bird|U-turn|p2b: Gengar\n|-activate|p2b: Gengar|move: Protect\n|\n|upkeep\n|\n|t:|1740718099\n|switch|p2a: Machamp|Machamp, F|384/384\n|turn|7\n|\n|t:|1740718149\n|switch|p1b: Dewey|Dewgong, M|384/384 par\n|switch|p2b: Chansey|Chansey, F|526/704\n|move|p2a: Machamp|Bullet Punch|p1b: Dewey\n|debug|Punching Glove boost\n|-damage|p1b: Dewey|325/384 par\n|move|p1a: Big Bird|Whirlwind|p2a: Machamp\n|drag|p2a: Starmie|Starmie|262/262\n|\n|-heal|p1b: Dewey|349/384 par|[from] item: Leftovers\n|upkeep\n|turn|8\n|\n|t:|1740718175\n|move|p1b: Dewey|Fake Out|p2a: Starmie\n|-damage|p2a: Starmie|233/262\n|move|p1a: Big Bird|U-turn|p2a: Starmie\n|-supereffective|p2a: Starmie\n|-damage|p2a: Starmie|115/262\n|\n|t:|1740718191\n|switch|p1a: Puff Daddy|Dragonite, M|324/324|[from] U-turn\n|cant|p2a: Starmie|flinch\n|move|p2b: Chansey|Teleport|p2b: Chansey\n|\n|t:|1740718210\n|switch|p2b: Nidoking|Nidoking, M|304/304|[from] Teleport\n|\n|-heal|p1b: Dewey|373/384 par|[from] item: Leftovers\n|-sideend|p1: mistermoscow|move: Tailwind\n|upkeep\n|turn|9\n|\n|t:|1740718244\n|move|p1a: Puff Daddy|Extreme Speed|p2a: Starmie\n|-damage|p2a: Starmie|0 fnt\n|faint|p2a: Starmie\n|move|p2b: Nidoking|Earth Power|p1b: Dewey\n|-damage|p1b: Dewey|205/384 par\n|move|p1b: Dewey|Icy Wind|p2b: Nidoking|[miss]\n|-miss|p1b: Dewey|p2b: Nidoking\n|\n|-heal|p1b: Dewey|229/384 par|[from] item: Leftovers\n|upkeep\n|\n|t:|1740718263\n|switch|p2a: Gengar|Gengar, F|1/262\n|turn|10\n|\n|t:|1740718304\n|move|p1a: Puff Daddy|Extreme Speed|p2b: Nidoking\n|-crit|p2b: Nidoking\n|-damage|p2b: Nidoking|2/304\n|move|p2b: Nidoking|Earth Power|p1b: Dewey\n|-crit|p1b: Dewey\n|-damage|p1b: Dewey|0 fnt\n|faint|p1b: Dewey\n|move|p2a: Gengar|Icy Wind|p1a: Puff Daddy\n|-supereffective|p1a: Puff Daddy\n|-damage|p1a: Puff Daddy|60/324\n|-unboost|p1a: Puff Daddy|spe|1\n|\n|upkeep\n|\n|t:|1740718324\n|switch|p1b: King Nido|Nidoking, M|4/304\n|turn|11\n|\n|t:|1740718343\n|switch|p2b: Chansey|Chansey, F|526/704\n|move|p2a: Gengar|Protect|p2a: Gengar\n|-singleturn|p2a: Gengar|Protect\n|move|p1a: Puff Daddy|Extreme Speed|p2b: Chansey\n|-crit|p2b: Chansey\n|-damage|p2b: Chansey|158/704\n|move|p1b: King Nido|Earthquake|p2a: Gengar|[spread] p2b\n|-activate|p2a: Gengar|move: Protect\n|-immune|p1a: Puff Daddy\n|debug|Spread modifier: 0.75\n|-damage|p2b: Chansey|0 fnt\n|faint|p2b: Chansey\n|\n|upkeep\n|\n|t:|1740718355\n|switch|p2b: Machamp|Machamp, F|384/384\n|turn|12\n|\n|t:|1740718369\n|move|p1a: Puff Daddy|Extreme Speed|p2b: Machamp\n|-damage|p2b: Machamp|197/384\n|move|p2b: Machamp|Bullet Punch|p1b: King Nido\n|debug|Punching Glove boost\n|-damage|p1b: King Nido|0 fnt\n|faint|p1b: King Nido\n|move|p2a: Gengar|Icy Wind|p1a: Puff Daddy\n|-supereffective|p1a: Puff Daddy\n|-damage|p1a: Puff Daddy|0 fnt\n|faint|p1a: Puff Daddy\n|\n|upkeep\n|\n|t:|1740718379\n|switch|p1b: Big Bird|Fearow, M|90/334\n|switch|p1a: Sparky|Jolteon, M|272/272\n|-item|p1a: Sparky|Air Balloon\n|turn|13\n|\n|t:|1740718400\n|move|p1b: Big Bird|Quick Attack|p2b: Machamp\n|-damage|p2b: Machamp|142/384\n|move|p2b: Machamp|Bullet Punch|p1b: Big Bird\n|debug|Punching Glove boost\n|-damage|p1b: Big Bird|14/334\n|move|p1a: Sparky|Electroweb|p2b: Machamp|[spread] p2a,p2b\n|debug|Spread modifier: 0.75\n|debug|Spread modifier: 0.75\n|-damage|p2a: Gengar|0 fnt\n|-damage|p2b: Machamp|67/384\n|-unboost|p2b: Machamp|spe|1\n|faint|p2a: Gengar\n|\n|upkeep\n|\n|t:|1740718418\n|switch|p2a: Nidoking|Nidoking, M|2/304\n|turn|14\n|\n|t:|1740718473\n|move|p1b: Big Bird|Quick Attack|p2a: Nidoking\n|-damage|p2a: Nidoking|0 fnt\n|faint|p2a: Nidoking\n|move|p1a: Sparky|Electroweb|p2b: Machamp\n|-damage|p2b: Machamp|0 fnt\n|faint|p2b: Machamp\n|\n|win|mistermoscow\n","uploadtime":1740718481,"views":"16","formatid":"gen9doublescustomgame","rating":null,"private":0,"password":null}