{"id":"gen9doublescustomgame-2254042748","format":"[Gen 9] Doubles Custom Game","players":["je64","smokeydabearrr"],"log":"|j|☆je64\n|j|☆smokeydabearrr\n|t:|1732984011\n|gametype|doubles\n|player|p1|je64|170|\n|player|p2|smokeydabearrr|101|\n|teamsize|p1|6\n|teamsize|p2|6\n|gen|9\n|tier|[Gen 9] Doubles Custom Game\n|clearpoke\n|poke|p1|Zeraora|\n|poke|p1|Salamence, M|\n|poke|p1|Jirachi|\n|poke|p1|Tapu Fini|\n|poke|p1|Flutter Mane|\n|poke|p1|Chi-Yu|\n|poke|p2|Cresselia, F|\n|poke|p2|Dudunsparce-*, M|\n|poke|p2|Rillaboom, F|\n|poke|p2|Raging Bolt|\n|poke|p2|Charizard, F|\n|poke|p2|Darkrai|\n|teampreview\n|j| mistermoscow\n|\n|t:|1732984167\n|start\n|switch|p1a: Gucci Mane|Flutter Mane|284/284\n|switch|p1b: TapuFina kickUrAss|Tapu Fini|344/344\n|switch|p2a: vajayjayyy|Cresselia, F|444/444\n|switch|p2b: GRASS MONKEY|Rillaboom, F|404/404\n|-fieldstart|move: Grassy Terrain|[from] ability: Grassy Surge|[of] p2b: GRASS MONKEY\n|-fieldstart|move: Misty Terrain|[from] ability: Misty Surge|[of] p1b: TapuFina kickUrAss\n|-enditem|p1a: Gucci Mane|Booster Energy\n|-activate|p1a: Gucci Mane|ability: Protosynthesis|[fromitem]\n|-start|p1a: Gucci Mane|protosynthesisspe\n|turn|1\n|j| Mango Meloetta\n|j| Mattmandaman\n|debug|Protosynthesis spe boost\n|debug|Protosynthesis spe boost\n|\n|t:|1732984411\n|-end|p1a: Gucci Mane|Protosynthesis|[silent]\n|switch|p1a: M as in Mancy|Salamence, M|331/331\n|-ability|p1a: M as in Mancy|Intimidate|boost\n|-unboost|p2a: vajayjayyy|atk|1\n|-unboost|p2b: GRASS MONKEY|atk|1\n|move|p2b: GRASS MONKEY|Fake Out|p1b: TapuFina kickUrAss\n|-damage|p1b: TapuFina kickUrAss|315/344\n|cant|p1b: TapuFina kickUrAss|flinch\n|move|p2a: vajayjayyy|Gravity|p2a: vajayjayyy\n|-fieldstart|move: Gravity\n|\n|-heal|p1b: TapuFina kickUrAss|336/344|[from] item: Leftovers\n|upkeep\n|turn|2\n|\n|t:|1732984452\n|switch|p2b: Dun Dun DUNNN|Dudunsparce-Three-Segment, M|445/445\n|detailschange|p1a: M as in Mancy|Salamence-Mega, M\n|-mega|p1a: M as in Mancy|Salamence|Salamencite\n|-terastallize|p1b: TapuFina kickUrAss|Steel\n|move|p1a: M as in Mancy|Tailwind|p1a: M as in Mancy\n|-sidestart|p1: je64|move: Tailwind\n|move|p1b: TapuFina kickUrAss|Calm Mind|p1b: TapuFina kickUrAss\n|-boost|p1b: TapuFina kickUrAss|spa|1\n|-boost|p1b: TapuFina kickUrAss|spd|1\n|move|p2a: vajayjayyy|Trick Room|p2a: vajayjayyy\n|-fieldstart|move: Trick Room|[of] p2a: vajayjayyy\n|\n|-heal|p1b: TapuFina kickUrAss|344/344|[from] item: Leftovers\n|upkeep\n|turn|3\n|\n|t:|1732984486\n|switch|p2a: Dark Cries|Darkrai|281/281\n|switch|p1a: Steve's Star|Jirachi|404/404\n|debug|doubling secondary chance\n|move|p2b: Dun Dun DUNNN|Rock Slide|p1b: TapuFina kickUrAss|[spread] p1a,p1b\n|debug|Spread modifier: 0.75\n|-resisted|p1a: Steve's Star\n|debug|Spread modifier: 0.75\n|-resisted|p1b: TapuFina kickUrAss\n|-damage|p1a: Steve's Star|379/404\n|-damage|p1b: TapuFina kickUrAss|317/344\n|cant|p1b: TapuFina kickUrAss|flinch\n|\n|-heal|p1b: TapuFina kickUrAss|338/344|[from] item: Leftovers\n|upkeep\n|turn|4\n|\n|t:|1732984565\n|switch|p2b: GRASS MONKEY|Rillaboom, F|404/404\n|-fieldstart|move: Grassy Terrain|[from] ability: Grassy Surge|[of] p2b: GRASS MONKEY\n|move|p2a: Dark Cries|Dark Void|p1b: TapuFina kickUrAss|[spread] p1a,p1b\n|-status|p1a: Steve's Star|slp|[from] move: Dark Void\n|-status|p1b: TapuFina kickUrAss|slp|[from] move: Dark Void\n|cant|p1b: TapuFina kickUrAss|slp\n|cant|p1a: Steve's Star|slp\n|\n|-heal|p1b: TapuFina kickUrAss|344/344 slp|[from] Grassy Terrain\n|-heal|p1a: Steve's Star|404/404 slp|[from] Grassy Terrain\n|-damage|p1a: Steve's Star|354/404 slp|[from] ability: Bad Dreams|[of] p2a: Dark Cries\n|-damage|p1b: TapuFina kickUrAss|301/344 slp|[from] ability: Bad Dreams|[of] p2a: Dark Cries\n|upkeep\n|turn|5\n|\n|t:|1732984623\n|move|p2b: GRASS MONKEY|Drain Punch|p1a: Steve's Star\n|-damage|p1a: Steve's Star|282/404 slp\n|move|p2a: Dark Cries|Spacial Rend|p1b: TapuFina kickUrAss\n|-resisted|p1b: TapuFina kickUrAss\n|-damage|p1b: TapuFina kickUrAss|269/344 slp\n|cant|p1b: TapuFina kickUrAss|slp\n|cant|p1a: Steve's Star|slp\n|\n|-heal|p1b: TapuFina kickUrAss|290/344 slp|[from] Grassy Terrain\n|-heal|p1b: TapuFina kickUrAss|311/344 slp|[from] item: Leftovers\n|-heal|p1a: Steve's Star|307/404 slp|[from] Grassy Terrain\n|-sideend|p1: je64|move: Tailwind\n|-fieldend|move: Gravity\n|-damage|p1a: Steve's Star|257/404 slp|[from] ability: Bad Dreams|[of] p2a: Dark Cries\n|-damage|p1b: TapuFina kickUrAss|268/344 slp|[from] ability: Bad Dreams|[of] p2a: Dark Cries\n|upkeep\n|turn|6\n|\n|t:|1732984703\n|switch|p2b: vajayjayyy|Cresselia, F|444/444\n|cant|p1b: TapuFina kickUrAss|slp\n|cant|p1a: Steve's Star|slp\n|move|p2a: Dark Cries|Spacial Rend|p1a: Steve's Star\n|-resisted|p1a: Steve's Star\n|-damage|p1a: Steve's Star|208/404 slp\n|\n|debug|Pokemon semi-invuln or not grounded; Grassy Terrain skipped\n|-heal|p1b: TapuFina kickUrAss|289/344 slp|[from] Grassy Terrain\n|-heal|p1b: TapuFina kickUrAss|310/344 slp|[from] item: Leftovers\n|-heal|p1a: Steve's Star|233/404 slp|[from] Grassy Terrain\n|-fieldend|move: Trick Room\n|-damage|p1a: Steve's Star|183/404 slp|[from] ability: Bad Dreams|[of] p2a: Dark Cries\n|-damage|p1b: TapuFina kickUrAss|267/344 slp|[from] ability: Bad Dreams|[of] p2a: Dark Cries\n|upkeep\n|-enditem|p1a: Steve's Star|Sitrus Berry|[eat]\n|-heal|p1a: Steve's Star|284/404 slp|[from] item: Sitrus Berry\n|turn|7\n|\n|t:|1732984754\n|move|p2a: Dark Cries|Protect|p2a: Dark Cries\n|-singleturn|p2a: Dark Cries|Protect\n|-curestatus|p1a: Steve's Star|slp|[msg]\n|debug|doubling secondary chance\n|move|p1a: Steve's Star|Iron Head|p2b: vajayjayyy\n|-damage|p2b: vajayjayyy|363/444\n|move|p2b: vajayjayyy|Gravity|p2b: vajayjayyy\n|-fieldstart|move: Gravity\n|-curestatus|p1b: TapuFina kickUrAss|slp|[msg]\n|move|p1b: TapuFina kickUrAss|Moonblast|p2a: Dark Cries\n|-activate|p2a: Dark Cries|move: Protect\n|\n|-heal|p1a: Steve's Star|309/404|[from] Grassy Terrain\n|-heal|p2b: vajayjayyy|390/444|[from] Grassy Terrain\n|-heal|p1b: TapuFina kickUrAss|288/344|[from] Grassy Terrain\n|-heal|p1b: TapuFina kickUrAss|309/344|[from] item: Leftovers\n|upkeep\n|turn|8\n|\n|t:|1732984809\n|switch|p2b: STILL not a drag|Charizard, F|298/298\n|move|p2a: Dark Cries|Dark Void|p1a: Steve's Star|[spread] p1a,p1b\n|-status|p1a: Steve's Star|slp|[from] move: Dark Void\n|-status|p1b: TapuFina kickUrAss|slp|[from] move: Dark Void\n|cant|p1a: Steve's Star|slp\n|cant|p1b: TapuFina kickUrAss|slp\n|\n|-heal|p1a: Steve's Star|334/404 slp|[from] Grassy Terrain\n|-heal|p1b: TapuFina kickUrAss|330/344 slp|[from] Grassy Terrain\n|-heal|p1b: TapuFina kickUrAss|344/344 slp|[from] item: Leftovers\n|-fieldend|move: Grassy Terrain\n|-damage|p1a: Steve's Star|284/404 slp|[from] ability: Bad Dreams|[of] p2a: Dark Cries\n|-damage|p1b: TapuFina kickUrAss|301/344 slp|[from] ability: Bad Dreams|[of] p2a: Dark Cries\n|upkeep\n|turn|9\n|\n|t:|1732984863\n|switch|p1a: Gucci Mane|Flutter Mane|284/284\n|detailschange|p2b: STILL not a drag|Charizard-Mega-Y, F\n|-mega|p2b: STILL not a drag|Charizard|Charizardite Y\n|-weather|SunnyDay|[from] ability: Drought|[of] p2b: STILL not a drag\n|-activate|p1a: Gucci Mane|ability: Protosynthesis\n|-start|p1a: Gucci Mane|protosynthesisspe\n|debug|Protosynthesis spe boost\n|move|p2a: Dark Cries|Spacial Rend|p1a: Gucci Mane\n|-immune|p1a: Gucci Mane\n|debug|Protosynthesis spe boost\n|move|p2b: STILL not a drag|Heat Wave|p1a: Gucci Mane|[spread] p1a,p1b\n|debug|Spread modifier: 0.75\n|debug|Sunny Day fire boost\n|debug|Spread modifier: 0.75\n|debug|Sunny Day fire boost\n|-supereffective|p1b: TapuFina kickUrAss\n|-damage|p1a: Gucci Mane|110/284\n|-damage|p1b: TapuFina kickUrAss|53/344 slp\n|debug|Protosynthesis spe boost\n|cant|p1b: TapuFina kickUrAss|slp\n|\n|debug|Protosynthesis spe boost\n|-weather|SunnyDay|[upkeep]\n|-heal|p1b: TapuFina kickUrAss|74/344 slp|[from] item: Leftovers\n|-damage|p1b: TapuFina kickUrAss|31/344 slp|[from] ability: Bad Dreams|[of] p2a: Dark Cries\n|upkeep\n|turn|10\n|debug|Protosynthesis spe boost\n|debug|Protosynthesis spe boost\n|\n|t:|1732984912\n|switch|p1b: M as in Mancy|Salamence-Mega, M|331/331\n|debug|Protosynthesis spe boost\n|debug|Protosynthesis spe boost\n|move|p2a: Dark Cries|Protect|p2a: Dark Cries\n|-singleturn|p2a: Dark Cries|Protect\n|debug|Protosynthesis spe boost\n|debug|Protosynthesis spe boost\n|move|p1a: Gucci Mane|Moonblast|p2a: Dark Cries\n|-activate|p2a: Dark Cries|move: Protect\n|debug|Protosynthesis spe boost\n|move|p2b: STILL not a drag|Heat Wave|p1a: Gucci Mane|[spread] p1a,p1b\n|debug|Spread modifier: 0.75\n|debug|Sunny Day fire boost\n|debug|Spread modifier: 0.75\n|debug|Sunny Day fire boost\n|-resisted|p1b: M as in Mancy\n|-damage|p1a: Gucci Mane|0 fnt\n|-damage|p1b: M as in Mancy|203/331\n|-status|p1b: M as in Mancy|brn\n|faint|p1a: Gucci Mane\n|-end|p1a: Gucci Mane|Protosynthesis|[silent]\n|\n|-weather|SunnyDay|[upkeep]\n|-damage|p1b: M as in Mancy|183/331 brn|[from] brn\n|upkeep\n|\n|t:|1732984930\n|switch|p1a: Dragonball Dewrag|Zeraora|318/318\n|turn|11\n|\n|t:|1732984989\n|move|p2b: STILL not a drag|Protect|p2b: STILL not a drag\n|-singleturn|p2b: STILL not a drag|Protect\n|move|p1a: Dragonball Dewrag|Fake Out|p2a: Dark Cries\n|-damage|p2a: Dark Cries|231/281\n|cant|p2a: Dark Cries|flinch\n|move|p1b: M as in Mancy|Hyper Voice|p2b: STILL not a drag|[spread] p2a\n|-activate|p2b: STILL not a drag|move: Protect\n|debug|Spread modifier: 0.75\n|-damage|p2a: Dark Cries|86/281\n|\n|-weather|SunnyDay|[upkeep]\n|-damage|p1b: M as in Mancy|163/331 brn|[from] brn\n|-fieldend|move: Gravity\n|upkeep\n|turn|12\n|\n|t:|1732985083\n|switch|p2b: Raging B0ner|Raging Bolt|454/454\n|-activate|p2b: Raging B0ner|ability: Protosynthesis\n|-start|p2b: Raging B0ner|protosynthesisspa\n|move|p1a: Dragonball Dewrag|Plasma Fists|p2b: Raging B0ner\n|-resisted|p2b: Raging B0ner\n|-damage|p2b: Raging B0ner|411/454\n|-fieldactivate|move: Ion Deluge\n|-hint|Normal-type moves become Electric-type after using Plasma Fists.\n|move|p2a: Dark Cries|Sludge Bomb|p1b: M as in Mancy\n|-damage|p1b: M as in Mancy|34/331 brn\n|move|p1b: M as in Mancy|Hyper Voice|p2a: Dark Cries|[spread] p2a,p2b\n|debug|Spread modifier: 0.75\n|debug|Spread modifier: 0.75\n|-resisted|p2b: Raging B0ner\n|-damage|p2a: Dark Cries|0 fnt\n|-damage|p2b: Raging B0ner|350/454\n|faint|p2a: Dark Cries\n|\n|-weather|SunnyDay|[upkeep]\n|-damage|p1b: M as in Mancy|14/331 brn|[from] brn\n|upkeep\n|\n|t:|1732985179\n|switch|p2a: vajayjayyy|Cresselia, F|390/444\n|turn|13\n|\n|t:|1732985198\n|switch|p1b: Steve's Star|Jirachi|284/404 slp\n|move|p2b: Raging B0ner|Thunderclap||[still]\n|-fail|p2b: Raging B0ner\n|move|p1a: Dragonball Dewrag|Volt Switch|p2a: vajayjayyy\n|-damage|p2a: vajayjayyy|338/444\n|\n|t:|1732985213\n|switch|p1a: TapuFina kickUrAss|Tapu Fini, tera:Steel|31/344 slp|[from] Volt Switch\n|-fieldstart|move: Misty Terrain|[from] ability: Misty Surge|[of] p1a: TapuFina kickUrAss\n|move|p2a: vajayjayyy|Trick Room|p2a: vajayjayyy\n|-fieldstart|move: Trick Room|[of] p2a: vajayjayyy\n|\n|-weather|none\n|-end|p2b: Raging B0ner|Protosynthesis\n|-heal|p1a: TapuFina kickUrAss|52/344 slp|[from] item: Leftovers\n|upkeep\n|turn|14\n|\n|t:|1732985283\n|switch|p2a: Dun Dun DUNNN|Dudunsparce-Three-Segment, M|445/445\n|switch|p1b: M as in Mancy|Salamence-Mega, M|14/331 brn\n|move|p2b: Raging B0ner|Volt Switch|p1a: TapuFina kickUrAss\n|-damage|p1a: TapuFina kickUrAss|0 fnt\n|faint|p1a: TapuFina kickUrAss\n|-damage|p2b: Raging B0ner|305/454|[from] item: Life Orb\n|\n|t:|1732985300\n|-end|p2b: Raging B0ner|Protosynthesis|[silent]\n|switch|p2b: GRASS MONKEY|Rillaboom, F|404/404|[from] Volt Switch\n|-fieldstart|move: Grassy Terrain|[from] ability: Grassy Surge|[of] p2b: GRASS MONKEY\n|\n|debug|Pokemon semi-invuln or not grounded; Grassy Terrain skipped\n|-damage|p1b: M as in Mancy|0 fnt|[from] brn\n|faint|p1b: M as in Mancy\n|upkeep\n|\n|t:|1732985310\n|switch|p1a: Dragonball Dewrag|Zeraora|318/318\n|switch|p1b: Steve's Star|Jirachi|284/404 slp\n|turn|15\n|\n|t:|1732985343\n|move|p2b: GRASS MONKEY|Fake Out|p1a: Dragonball Dewrag\n|-damage|p1a: Dragonball Dewrag|249/318\n|cant|p1a: Dragonball Dewrag|flinch\n|debug|doubling secondary chance\n|move|p2a: Dun Dun DUNNN|Rock Slide|p1a: Dragonball Dewrag|[spread] p1a,p1b\n|debug|Spread modifier: 0.75\n|debug|Spread modifier: 0.75\n|-resisted|p1b: Steve's Star\n|-damage|p1a: Dragonball Dewrag|171/318\n|-damage|p1b: Steve's Star|259/404 slp\n|cant|p1b: Steve's Star|slp\n|\n|-heal|p1b: Steve's Star|284/404 slp|[from] Grassy Terrain\n|-heal|p1a: Dragonball Dewrag|190/318|[from] Grassy Terrain\n|upkeep\n|turn|16\n|\n|t:|1732985370\n|move|p2b: GRASS MONKEY|Grassy Glide|p1b: Steve's Star\n|debug|grassy terrain boost\n|-resisted|p1b: Steve's Star\n|-damage|p1b: Steve's Star|226/404 slp\n|debug|doubling secondary chance\n|move|p2a: Dun Dun DUNNN|Rock Slide|p1a: Dragonball Dewrag|[spread] p1a,p1b\n|debug|Spread modifier: 0.75\n|-crit|p1a: Dragonball Dewrag\n|debug|Spread modifier: 0.75\n|-resisted|p1b: Steve's Star\n|-damage|p1a: Dragonball Dewrag|85/318\n|-damage|p1b: Steve's Star|202/404 slp\n|cant|p1b: Steve's Star|slp\n|move|p1a: Dragonball Dewrag|Plasma Fists|p2a: Dun Dun DUNNN\n|-damage|p2a: Dun Dun DUNNN|259/445\n|-fieldactivate|move: Ion Deluge\n|-hint|Normal-type moves become Electric-type after using Plasma Fists.\n|\n|-heal|p2a: Dun Dun DUNNN|286/445|[from] Grassy Terrain\n|-heal|p2a: Dun Dun DUNNN|313/445|[from] item: Leftovers\n|-heal|p1b: Steve's Star|227/404 slp|[from] Grassy Terrain\n|-heal|p1a: Dragonball Dewrag|104/318|[from] Grassy Terrain\n|upkeep\n|turn|17\n|\n|t:|1732985403\n|move|p2b: GRASS MONKEY|Grassy Glide|p1a: Dragonball Dewrag\n|debug|grassy terrain boost\n|-damage|p1a: Dragonball Dewrag|0 fnt\n|faint|p1a: Dragonball Dewrag\n|debug|doubling secondary chance\n|move|p2a: Dun Dun DUNNN|Rock Slide|p1b: Steve's Star\n|-resisted|p1b: Steve's Star\n|-damage|p1b: Steve's Star|196/404 slp\n|-curestatus|p1b: Steve's Star|slp|[msg]\n|cant|p1b: Steve's Star|flinch\n|\n|-heal|p2a: Dun Dun DUNNN|340/445|[from] Grassy Terrain\n|-heal|p2a: Dun Dun DUNNN|367/445|[from] item: Leftovers\n|-heal|p1b: Steve's Star|221/404|[from] Grassy Terrain\n|-fieldend|move: Trick Room\n|upkeep\n|\n|t:|1732985417\n|switch|p1a: Shi-Yu In Hell|Chi-Yu|252/252\n|-ability|p1a: Shi-Yu In Hell|Beads of Ruin\n|turn|18\n|\n|t:|1732985446\n|switch|p2b: STILL not a drag|Charizard-Mega-Y, F|298/298\n|-weather|SunnyDay|[from] ability: Drought|[of] p2b: STILL not a drag\n|move|p1b: Steve's Star|Helping Hand|p1a: Shi-Yu In Hell\n|-singleturn|p1a: Shi-Yu In Hell|Helping Hand|[of] p1b: Steve's Star\n|move|p1a: Shi-Yu In Hell|Heat Wave|p2b: STILL not a drag|[spread] p2a,p2b\n|debug|Boosting from Helping Hand: 1.5\n|debug|Beads of Ruin SpD drop\n|debug|Spread modifier: 0.75\n|debug|Sunny Day fire boost\n|debug|Boosting from Helping Hand: 1.5\n|debug|Beads of Ruin SpD drop\n|debug|Spread modifier: 0.75\n|debug|Sunny Day fire boost\n|-resisted|p2b: STILL not a drag\n|-damage|p2a: Dun Dun DUNNN|0 fnt\n|-damage|p2b: STILL not a drag|74/298\n|faint|p2a: Dun Dun DUNNN\n|-damage|p1a: Shi-Yu In Hell|227/252|[from] item: Life Orb\n|\n|-weather|SunnyDay|[upkeep]\n|debug|Pokemon semi-invuln or not grounded; Grassy Terrain skipped\n|-heal|p1a: Shi-Yu In Hell|242/252|[from] Grassy Terrain\n|-heal|p1b: Steve's Star|246/404|[from] Grassy Terrain\n|-fieldend|move: Grassy Terrain\n|upkeep\n|\n|t:|1732985511\n|switch|p2a: GRASS MONKEY|Rillaboom, F|404/404\n|-fieldstart|move: Grassy Terrain|[from] ability: Grassy Surge|[of] p2a: GRASS MONKEY\n|turn|19\n|\n|t:|1732985565\n|move|p1a: Shi-Yu In Hell|Protect|p1a: Shi-Yu In Hell\n|-singleturn|p1a: Shi-Yu In Hell|Protect\n|move|p2a: GRASS MONKEY|Fake Out|p1a: Shi-Yu In Hell\n|-activate|p1a: Shi-Yu In Hell|move: Protect\n|move|p2b: STILL not a drag|Tailwind|p2b: STILL not a drag\n|-sidestart|p2: smokeydabearrr|move: Tailwind\n|move|p1b: Steve's Star|Thunder Wave|p2b: STILL not a drag\n|-status|p2b: STILL not a drag|par\n|\n|-weather|SunnyDay|[upkeep]\n|-heal|p1a: Shi-Yu In Hell|252/252|[from] Grassy Terrain\n|debug|Pokemon semi-invuln or not grounded; Grassy Terrain skipped\n|-heal|p1b: Steve's Star|271/404|[from] Grassy Terrain\n|upkeep\n|turn|20\n|\n|t:|1732985600\n|switch|p2a: vajayjayyy|Cresselia, F|338/444\n|move|p1b: Steve's Star|Helping Hand|p1a: Shi-Yu In Hell\n|-singleturn|p1a: Shi-Yu In Hell|Helping Hand|[of] p1b: Steve's Star\n|move|p2b: STILL not a drag|Protect|p2b: STILL not a drag\n|-singleturn|p2b: STILL not a drag|Protect\n|move|p1a: Shi-Yu In Hell|Heat Wave|p2a: vajayjayyy|[spread] p2a\n|-activate|p2b: STILL not a drag|move: Protect\n|debug|Boosting from Helping Hand: 1.5\n|debug|Beads of Ruin SpD drop\n|debug|Spread modifier: 0.75\n|debug|Sunny Day fire boost\n|-damage|p2a: vajayjayyy|0 fnt\n|debug|move failed because it did nothing\n|faint|p2a: vajayjayyy\n|-damage|p1a: Shi-Yu In Hell|227/252|[from] item: Life Orb\n|\n|-weather|SunnyDay|[upkeep]\n|debug|Pokemon semi-invuln or not grounded; Grassy Terrain skipped\n|-heal|p1a: Shi-Yu In Hell|242/252|[from] Grassy Terrain\n|-heal|p1b: Steve's Star|296/404|[from] Grassy Terrain\n|upkeep\n|\n|t:|1732985634\n|switch|p2a: GRASS MONKEY|Rillaboom, F|404/404\n|turn|21\n|\n|t:|1732985669\n|move|p2a: GRASS MONKEY|Fake Out|p1a: Shi-Yu In Hell\n|-damage|p1a: Shi-Yu In Hell|181/252\n|cant|p1a: Shi-Yu In Hell|flinch\n|move|p2b: STILL not a drag|Heat Wave|p1a: Shi-Yu In Hell|[spread] p1a,p1b\n|debug|Spread modifier: 0.75\n|debug|Sunny Day fire boost\n|-resisted|p1a: Shi-Yu In Hell\n|-crit|p1a: Shi-Yu In Hell\n|debug|Beads of Ruin SpD drop\n|debug|Spread modifier: 0.75\n|debug|Sunny Day fire boost\n|-supereffective|p1b: Steve's Star\n|-damage|p1a: Shi-Yu In Hell|46/252\n|-damage|p1b: Steve's Star|0 fnt\n|faint|p1b: Steve's Star\n|\n|-weather|SunnyDay|[upkeep]\n|-heal|p1a: Shi-Yu In Hell|61/252|[from] Grassy Terrain\n|debug|Pokemon semi-invuln or not grounded; Grassy Terrain skipped\n|upkeep\n|turn|22\n|\n|t:|1732985711\n|move|p2a: GRASS MONKEY|Solar Blade||[still]\n|-prepare|p2a: GRASS MONKEY|Solar Blade\n|-anim|p2a: GRASS MONKEY|Solar Blade|p1a: Shi-Yu In Hell\n|debug|grassy terrain boost\n|-resisted|p1a: Shi-Yu In Hell\n|-damage|p1a: Shi-Yu In Hell|0 fnt\n|faint|p1a: Shi-Yu In Hell\n|\n|win|smokeydabearrr\n","uploadtime":1732985717,"views":"33","formatid":"gen9doublescustomgame","rating":null,"private":0,"password":null}