{"id":"gen9doublescustomgame-2386335973","format":"[Gen 9] Doubles Custom Game","players":["mistermoscow","je64"],"log":"|j|☆mistermoscow\n|j|☆je64\n|t:|1750133525\n|gametype|doubles\n|player|p1|mistermoscow|alder|\n|player|p2|je64|1|\n|teamsize|p1|6\n|teamsize|p2|6\n|gen|9\n|tier|[Gen 9] Doubles Custom Game\n|clearpoke\n|poke|p1|Clefairy, M|\n|poke|p1|Dugtrio, M|\n|poke|p1|Primeape, M|\n|poke|p1|Dewgong, M|\n|poke|p1|Mr. Mime, M|\n|poke|p1|Jolteon, M|\n|poke|p2|Golbat|\n|poke|p2|Chansey, F|\n|poke|p2|Electabuzz|\n|poke|p2|Articuno|\n|poke|p2|Kadabra|\n|poke|p2|Gengar|\n|teampreview\n|\n|t:|1750133665\n|start\n|switch|p1a: Apollo|Primeape, M|271/271\n|switch|p1b: Sparky|Jolteon, M|271/271\n|switch|p2a: Ms. Peters|Golbat|354/354\n|switch|p2b: Joys hot assistnt|Chansey, F|704/704\n|turn|1\n|\n|t:|1750133698\n|switch|p1a: Dewey|Dewgong, M|384/384\n|switch|p2b: Frank the Tank|Electabuzz|334/334\n|move|p1b: Sparky|Thunder Wave|p2a: Ms. Peters\n|-status|p2a: Ms. Peters|par\n|cant|p2a: Ms. Peters|par\n|\n|upkeep\n|turn|2\n|\n|t:|1750133744\n|switch|p2a: Stranger|Gengar|262/262\n|move|p1a: Dewey|Fake Out|p2b: Frank the Tank\n|-damage|p2b: Frank the Tank|311/334\n|move|p1b: Sparky|Reflect|p1b: Sparky\n|-sidestart|p1: mistermoscow|Reflect\n|cant|p2b: Frank the Tank|flinch\n|\n|upkeep\n|turn|3\n|\n|t:|1750133770\n|move|p2a: Stranger|Sludge Bomb|p1b: Sparky\n|-damage|p1b: Sparky|90/271\n|move|p1b: Sparky|Thunder Wave|p2a: Stranger\n|-status|p2a: Stranger|par\n|move|p2b: Frank the Tank|Light Screen|p2b: Frank the Tank\n|-sidestart|p2: je64|move: Light Screen\n|move|p1a: Dewey|Icy Wind|p2a: Stranger|[spread] p2a,p2b\n|debug|Spread modifier: 0.75\n|debug|Light Screen weaken\n|debug|Spread modifier: 0.75\n|debug|Light Screen weaken\n|-damage|p2a: Stranger|232/262 par\n|-damage|p2b: Frank the Tank|293/334\n|-unboost|p2a: Stranger|spe|1\n|-unboost|p2b: Frank the Tank|spe|1\n|\n|upkeep\n|turn|4\n|\n|t:|1750133790\n|move|p1b: Sparky|Light Screen|p1b: Sparky\n|-sidestart|p1: mistermoscow|move: Light Screen\n|move|p1a: Dewey|Knock Off|p2a: Stranger\n|-supereffective|p2a: Stranger\n|-damage|p2a: Stranger|0 fnt\n|-start|p1a: Dewey|Disable|Knock Off|[from] ability: Cursed Body|[of] p2a: Stranger\n|-enditem|p2a: Stranger|Choice Scarf|[from] move: Knock Off|[of] p1a: Dewey\n|faint|p2a: Stranger\n|move|p2b: Frank the Tank|Volt Switch|p1a: Dewey\n|-supereffective|p1a: Dewey\n|debug|Light Screen weaken\n|-damage|p1a: Dewey|268/384\n|\n|t:|1750133807\n|switch|p2b: Joys hot assistnt|Chansey, F|704/704|[from] Volt Switch\n|\n|-heal|p1a: Dewey|292/384|[from] item: Leftovers\n|upkeep\n|\n|t:|1750133821\n|switch|p2a: Frank the Tank|Electabuzz|293/334\n|turn|5\n|\n|t:|1750133839\n|switch|p1a: Douggie|Dugtrio, M|212/212\n|move|p1b: Sparky|Thunder Wave|p2b: Joys hot assistnt\n|-status|p2b: Joys hot assistnt|par\n|move|p2a: Frank the Tank|Volt Switch|p1a: Douggie\n|-immune|p1a: Douggie\n|move|p2b: Joys hot assistnt|Toxic|p1a: Douggie\n|-status|p1a: Douggie|tox\n|\n|-damage|p1a: Douggie|199/212 tox|[from] psn\n|upkeep\n|turn|6\n|\n|t:|1750133869\n|switch|p1b: Clifford|Clefairy, M|281/281\n|move|p2a: Frank the Tank|Follow Me|p2a: Frank the Tank\n|-singleturn|p2a: Frank the Tank|move: Follow Me\n|move|p1a: Douggie|Stealth Rock|p2b: Joys hot assistnt\n|-sidestart|p2: je64|move: Stealth Rock\n|move|p2b: Joys hot assistnt|Toxic|p1b: Clifford\n|-status|p1b: Clifford|tox\n|\n|-damage|p1a: Douggie|173/212 tox|[from] psn\n|-damage|p1b: Clifford|264/281 tox|[from] psn\n|upkeep\n|turn|7\n|\n|t:|1750133924\n|move|p2a: Frank the Tank|Follow Me|p2a: Frank the Tank\n|-singleturn|p2a: Frank the Tank|move: Follow Me\n|move|p1a: Douggie|Rock Slide|p2a: Frank the Tank|[spread] p2a,p2b\n|debug|Spread modifier: 0.75\n|debug|Spread modifier: 0.75\n|-damage|p2a: Frank the Tank|252/334\n|-damage|p2b: Joys hot assistnt|628/704 par\n|move|p1b: Clifford|Belly Drum|p1b: Clifford\n|-damage|p1b: Clifford|124/281 tox\n|-setboost|p1b: Clifford|atk|6|[from] move: Belly Drum\n|cant|p2b: Joys hot assistnt|flinch\n|\n|-damage|p1a: Douggie|134/212 tox|[from] psn\n|-damage|p1b: Clifford|90/281 tox|[from] psn\n|-sideend|p2: je64|move: Light Screen\n|upkeep\n|turn|8\n|\n|t:|1750133947\n|move|p2a: Frank the Tank|Follow Me|p2a: Frank the Tank\n|-singleturn|p2a: Frank the Tank|move: Follow Me\n|move|p1a: Douggie|High Horsepower|p2a: Frank the Tank\n|debug|Follow Me redirected target of move\n|-supereffective|p2a: Frank the Tank\n|-damage|p2a: Frank the Tank|54/334\n|move|p1b: Clifford|Baton Pass|p1b: Clifford\n|\n|t:|1750133953\n|switch|p1b: Apollo|Primeape, M|271/271|[from] Baton Pass\n|cant|p2b: Joys hot assistnt|par\n|\n|-damage|p1a: Douggie|82/212 tox|[from] psn\n|upkeep\n|turn|9\n|\n|t:|1750133967\n|move|p2a: Frank the Tank|Follow Me|p2a: Frank the Tank\n|-singleturn|p2a: Frank the Tank|move: Follow Me\n|move|p1a: Douggie|High Horsepower|p2a: Frank the Tank\n|debug|Follow Me redirected target of move\n|-supereffective|p2a: Frank the Tank\n|-damage|p2a: Frank the Tank|0 fnt\n|faint|p2a: Frank the Tank\n|move|p1b: Apollo|Drain Punch|p2b: Joys hot assistnt\n|-supereffective|p2b: Joys hot assistnt\n|-damage|p2b: Joys hot assistnt|0 fnt\n|faint|p2b: Joys hot assistnt\n|\n|-damage|p1a: Douggie|17/212 tox|[from] psn\n|-sideend|p1: mistermoscow|Reflect\n|upkeep\n|\n|t:|1750134033\n|switch|p2a: Ms. Peters|Golbat|354/354 par\n|switch|p2b: Articu-no-hit-me|Articuno|384/384\n|-damage|p2b: Articu-no-hit-me|192/384|[from] Stealth Rock\n|-damage|p2a: Ms. Peters|266/354 par|[from] Stealth Rock\n|turn|10\n|\n|t:|1750134105\n|move|p1b: Apollo|Protect|p1b: Apollo\n|-singleturn|p1b: Apollo|Protect\n|move|p1a: Douggie|Rock Slide|p2a: Ms. Peters|[spread] p2a,p2b\n|debug|Spread modifier: 0.75\n|-supereffective|p2a: Ms. Peters\n|debug|Spread modifier: 0.75\n|-supereffective|p2b: Articu-no-hit-me\n|-damage|p2a: Ms. Peters|186/354 par\n|-damage|p2b: Articu-no-hit-me|0 fnt\n|debug|move failed because it did nothing\n|faint|p2b: Articu-no-hit-me\n|move|p2a: Ms. Peters|Roost|p2a: Ms. Peters\n|-heal|p2a: Ms. Peters|354/354 par\n|-singleturn|p2a: Ms. Peters|move: Roost\n|\n|-damage|p1a: Douggie|0 fnt|[from] psn\n|faint|p1a: Douggie\n|upkeep\n|\n|t:|1750134131\n|switch|p1a: Sparky|Jolteon, M|90/271\n|switch|p2b: K.Dot|Kadabra|221/221\n|debug|damage event failed\n|turn|11\n|\n|t:|1750134182\n|move|p1a: Sparky|Thunder|p2b: K.Dot\n|-enditem|p2b: K.Dot|Focus Sash\n|-damage|p2b: K.Dot|1/221\n|-status|p2b: K.Dot|par\n|move|p1b: Apollo|Drain Punch|p2b: K.Dot\n|-resisted|p2b: K.Dot\n|-damage|p2b: K.Dot|0 fnt\n|faint|p2b: K.Dot\n|move|p2a: Ms. Peters|Toxic|p1b: Apollo\n|-status|p1b: Apollo|tox\n|\n|-damage|p1b: Apollo|255/271 tox|[from] psn\n|-sideend|p1: mistermoscow|move: Light Screen\n|upkeep\n|turn|12\n|\n|t:|1750134230\n|move|p1a: Sparky|Thunder|p2a: Ms. Peters|[miss]\n|-miss|p1a: Sparky|p2a: Ms. Peters\n|move|p1b: Apollo|Drain Punch|p2a: Ms. Peters\n|-resisted|p2a: Ms. Peters\n|-damage|p2a: Ms. Peters|256/354 par\n|-heal|p1b: Apollo|271/271 tox|[from] drain|[of] p2a: Ms. Peters\n|move|p2a: Ms. Peters|Toxic|p1a: Sparky\n|-status|p1a: Sparky|tox\n|\n|-damage|p1a: Sparky|74/271 tox|[from] psn\n|-damage|p1b: Apollo|239/271 tox|[from] psn\n|upkeep\n|turn|13\n|\n|t:|1750134249\n|move|p1a: Sparky|Thunder|p2a: Ms. Peters|[miss]\n|-miss|p1a: Sparky|p2a: Ms. Peters\n|move|p1b: Apollo|Drain Punch|p2a: Ms. Peters\n|-resisted|p2a: Ms. Peters\n|-damage|p2a: Ms. Peters|161/354 par\n|-heal|p1b: Apollo|271/271 tox|[from] drain|[of] p2a: Ms. Peters\n|cant|p2a: Ms. Peters|par\n|\n|-damage|p1a: Sparky|42/271 tox|[from] psn\n|-damage|p1b: Apollo|223/271 tox|[from] psn\n|upkeep\n|turn|14\n|\n|t:|1750134265\n|move|p1a: Sparky|Thunder|p2a: Ms. Peters|[miss]\n|-miss|p1a: Sparky|p2a: Ms. Peters\n|move|p1b: Apollo|Drain Punch|p2a: Ms. Peters\n|-resisted|p2a: Ms. Peters\n|-damage|p2a: Ms. Peters|69/354 par\n|-heal|p1b: Apollo|269/271 tox|[from] drain|[of] p2a: Ms. Peters\n|cant|p2a: Ms. Peters|par\n|\n|-damage|p1a: Sparky|0 fnt|[from] psn\n|faint|p1a: Sparky\n|-damage|p1b: Apollo|205/271 tox|[from] psn\n|upkeep\n|\n|t:|1750134281\n|switch|p1a: Mimsy|Mr. Mime, M|222/222\n|turn|15\n|\n|t:|1750134290\n|move|p1a: Mimsy|Fake Out|p2a: Ms. Peters\n|-damage|p2a: Ms. Peters|57/354 par\n|move|p1b: Apollo|Drain Punch|p2a: Ms. Peters\n|-resisted|p2a: Ms. Peters\n|-crit|p2a: Ms. Peters\n|-damage|p2a: Ms. Peters|0 fnt\n|-heal|p1b: Apollo|234/271 tox|[from] drain|[of] p2a: Ms. Peters\n|faint|p2a: Ms. Peters\n|\n|win|mistermoscow\n","uploadtime":1750134299,"views":"11","formatid":"gen9doublescustomgame","rating":null,"private":0,"password":null}