{"id":"gen9doublescustomgame-2254019574","format":"[Gen 9] Doubles Custom Game","players":["mistermoscow","Mango Meloetta"],"log":"|j|☆mistermoscow\n|j|☆Mango Meloetta\n|t:|1732980861\n|gametype|doubles\n|player|p1|mistermoscow|alder|\n|player|p2|Mango Meloetta|li|\n|teamsize|p1|6\n|teamsize|p2|6\n|gen|9\n|tier|[Gen 9] Doubles Custom Game\n|clearpoke\n|poke|p1|Murkrow, M|\n|poke|p1|Landorus, M|\n|poke|p1|Incineroar, F|\n|poke|p1|Iron Hands|\n|poke|p1|Gholdengo|\n|poke|p1|Ogerpon-Wellspring, F|\n|poke|p2|Zygarde|\n|poke|p2|Chien-Pao|\n|poke|p2|Hitmontop, M|\n|poke|p2|Klefki, F|\n|poke|p2|Gengar, M|\n|poke|p2|Dragonite, M|\n|teampreview\n|j| Mattmandaman\n|\n|t:|1732980919\n|start\n|switch|p1a: Krowbar|Murkrow, M|293/293\n|switch|p1b: God|Landorus, M|319/319\n|switch|p2a: Gengar|Gengar, M|261/261\n|switch|p2b: Hitmontop|Hitmontop, M|303/303\n|-ability|p2b: Hitmontop|Intimidate|boost\n|-unboost|p1a: Krowbar|atk|1\n|-unboost|p1b: God|atk|1\n|turn|1\n|\n|t:|1732980983\n|switch|p2a: Dragonite|Dragonite, M|386/386\n|move|p1b: God|Protect|p1b: God\n|-singleturn|p1b: God|Protect\n|move|p1a: Krowbar|Taunt|p2b: Hitmontop\n|-start|p2b: Hitmontop|move: Taunt\n|cant|p2b: Hitmontop|move: Taunt|Bulk Up\n|\n|upkeep\n|turn|2\n|\n|t:|1732981017\n|switch|p2b: Klefki|Klefki, F|318/318\n|-terastallize|p1b: God|Steel\n|move|p1a: Krowbar|Tailwind|p1a: Krowbar\n|-sidestart|p1: mistermoscow|move: Tailwind\n|move|p1b: God|Earth Power|p2b: Klefki\n|-supereffective|p2b: Klefki\n|-damage|p2b: Klefki|0 fnt\n|faint|p2b: Klefki\n|move|p2a: Dragonite|Tailwind|p2a: Dragonite\n|-sidestart|p2: Mango Meloetta|move: Tailwind\n|\n|upkeep\n|\n|t:|1732981056\n|switch|p2b: Chien-Pao|Chien-Pao|301/301\n|-ability|p2b: Chien-Pao|Sword of Ruin\n|turn|3\n|\n|t:|1732981076\n|switch|p2b: Hitmontop|Hitmontop, M|303/303\n|-ability|p2b: Hitmontop|Intimidate|boost\n|-unboost|p1a: Krowbar|atk|1\n|-unboost|p1b: God|atk|1\n|switch|p1a: Cindy|Incineroar, F|394/394\n|-ability|p1a: Cindy|Intimidate|boost\n|-fail|p2a: Dragonite|unboost|Attack|[from] ability: Inner Focus|[of] p2a: Dragonite\n|-unboost|p2b: Hitmontop|atk|1\n|move|p1b: God|Earth Power|p2b: Hitmontop\n|-damage|p2b: Hitmontop|107/303\n|move|p2a: Dragonite|Rock Slide|p1b: God|[spread] p1a,p1b\n|debug|Spread modifier: 0.75\n|-supereffective|p1a: Cindy\n|debug|Spread modifier: 0.75\n|-resisted|p1b: God\n|-damage|p1a: Cindy|280/394\n|-damage|p1b: God|291/319\n|\n|upkeep\n|turn|4\n|\n|t:|1732981121\n|move|p2b: Hitmontop|Fake Out|p1b: God\n|-resisted|p1b: God\n|-damage|p1b: God|281/319\n|cant|p1b: God|flinch\n|move|p2a: Dragonite|Rock Slide|p1b: God|[spread] p1a,p1b\n|debug|Spread modifier: 0.75\n|-supereffective|p1a: Cindy\n|debug|Spread modifier: 0.75\n|-resisted|p1b: God\n|-damage|p1a: Cindy|150/394\n|-damage|p1b: God|251/319\n|move|p1a: Cindy|Knock Off|p2a: Dragonite\n|-damage|p2a: Dragonite|221/386\n|-damage|p1a: Cindy|85/394|[from] item: Rocky Helmet|[of] p2a: Dragonite\n|-enditem|p2a: Dragonite|Rocky Helmet|[from] move: Knock Off|[of] p1a: Cindy\n|\n|upkeep\n|turn|5\n|\n|t:|1732981204\n|move|p2b: Hitmontop|Wide Guard|p2b: Hitmontop\n|-singleturn|p2b: Hitmontop|Wide Guard\n|move|p1b: God|Earth Power|p2b: Hitmontop\n|-damage|p2b: Hitmontop|0 fnt\n|faint|p2b: Hitmontop\n|move|p2a: Dragonite|Rock Slide|p1b: God|[spread] p1a,p1b\n|debug|Spread modifier: 0.75\n|-supereffective|p1a: Cindy\n|debug|Spread modifier: 0.75\n|-resisted|p1b: God\n|-damage|p1a: Cindy|0 fnt\n|-damage|p1b: God|220/319\n|faint|p1a: Cindy\n|\n|-sideend|p1: mistermoscow|move: Tailwind\n|-sideend|p2: Mango Meloetta|move: Tailwind\n|upkeep\n|\n|t:|1732981300\n|switch|p2b: Chien-Pao|Chien-Pao|301/301\n|switch|p1a: Handiman|Iron Hands|450/450\n|-ability|p2b: Chien-Pao|Sword of Ruin\n|turn|6\n|\n|t:|1732981310\n|move|p2b: Chien-Pao|Protect|p2b: Chien-Pao\n|-singleturn|p2b: Chien-Pao|Protect\n|move|p1a: Handiman|Fake Out|p2b: Chien-Pao\n|-activate|p2b: Chien-Pao|move: Protect\n|move|p1b: God|Earth Power|p2b: Chien-Pao\n|-activate|p2b: Chien-Pao|move: Protect\n|move|p2a: Dragonite|Tailwind|p2a: Dragonite\n|-sidestart|p2: Mango Meloetta|move: Tailwind\n|\n|upkeep\n|turn|7\n|\n|t:|1732981333\n|move|p1b: God|Protect|p1b: God\n|-singleturn|p1b: God|Protect\n|move|p2b: Chien-Pao|Sacred Sword|p1b: God\n|-activate|p1b: God|move: Protect\n|move|p2a: Dragonite|Rock Slide|p1b: God|[spread] p1a\n|-activate|p1b: God|move: Protect\n|debug|Sword of Ruin Def drop\n|debug|Spread modifier: 0.75\n|-resisted|p1a: Handiman\n|-damage|p1a: Handiman|413/450\n|move|p1a: Handiman|Drain Punch|p2b: Chien-Pao\n|-supereffective|p2b: Chien-Pao\n|-damage|p2b: Chien-Pao|0 fnt\n|-heal|p1a: Handiman|450/450|[from] drain|[of] p2b: Chien-Pao\n|faint|p2b: Chien-Pao\n|\n|upkeep\n|\n|t:|1732981347\n|switch|p2b: Zygarde|Zygarde|396/396\n|-ability|p2b: Zygarde|Aura Break\n|turn|8\n|\n|t:|1732981362\n|switch|p1b: Zora|Ogerpon-Wellspring, F|301/301\n|move|p2b: Zygarde|Thousand Arrows|p1a: Handiman|[spread] p1a,p1b\n|debug|Spread modifier: 0.75\n|-supereffective|p1a: Handiman\n|debug|Spread modifier: 0.75\n|-resisted|p1b: Zora\n|-damage|p1a: Handiman|292/450\n|-damage|p1b: Zora|250/301\n|move|p2a: Dragonite|Rock Slide|p1b: Zora|[spread] p1a,p1b\n|debug|Spread modifier: 0.75\n|-resisted|p1a: Handiman\n|-crit|p1a: Handiman\n|debug|Spread modifier: 0.75\n|-damage|p1a: Handiman|255/450\n|-damage|p1b: Zora|184/301\n|move|p1a: Handiman|Drain Punch|p2b: Zygarde\n|-damage|p2b: Zygarde|270/396\n|-heal|p1a: Handiman|318/450|[from] drain|[of] p2b: Zygarde\n|\n|-heal|p2b: Zygarde|294/396|[from] item: Leftovers\n|upkeep\n|turn|9\n|j| je64\n|\n|t:|1732981398\n|move|p2b: Zygarde|Dragon Dance|p2b: Zygarde\n|-boost|p2b: Zygarde|atk|1\n|-boost|p2b: Zygarde|spe|1\n|move|p2a: Dragonite|Rock Slide|p1b: Zora|[spread] p1a,p1b\n|debug|Spread modifier: 0.75\n|-resisted|p1a: Handiman\n|debug|Spread modifier: 0.75\n|-damage|p1a: Handiman|290/450\n|-damage|p1b: Zora|116/301\n|move|p1b: Zora|Play Rough|p2a: Dragonite\n|-supereffective|p2a: Dragonite\n|-damage|p2a: Dragonite|0 fnt\n|faint|p2a: Dragonite\n|move|p1a: Handiman|Drain Punch|p2b: Zygarde\n|-damage|p2b: Zygarde|176/396\n|-heal|p1a: Handiman|349/450|[from] drain|[of] p2b: Zygarde\n|\n|-heal|p2b: Zygarde|200/396|[from] item: Leftovers\n|-sideend|p2: Mango Meloetta|move: Tailwind\n|upkeep\n|\n|t:|1732981411\n|switch|p2a: Gengar|Gengar, M|261/261\n|turn|10\n|\n|t:|1732981432\n|detailschange|p2a: Gengar|Gengar-Mega, M\n|-mega|p2a: Gengar|Gengar|Gengarite\n|move|p2b: Zygarde|Thousand Arrows|p1a: Handiman|[spread] p1a,p1b\n|debug|Spread modifier: 0.75\n|-supereffective|p1a: Handiman\n|debug|Spread modifier: 0.75\n|-resisted|p1b: Zora\n|-damage|p1a: Handiman|71/450\n|-damage|p1b: Zora|44/301\n|move|p2a: Gengar|Sludge Bomb|p1b: Zora\n|-supereffective|p1b: Zora\n|-damage|p1b: Zora|0 fnt\n|debug|move failed because it did nothing\n|faint|p1b: Zora\n|move|p1a: Handiman|Wild Charge|p2a: Gengar\n|-damage|p2a: Gengar|18/261\n|-damage|p1a: Handiman|10/450|[from] Recoil\n|\n|-heal|p2b: Zygarde|224/396|[from] item: Leftovers\n|upkeep\n|\n|t:|1732981446\n|switch|p1b: Krowbar|Murkrow, M|293/293\n|turn|11\n|\n|t:|1732981477\n|move|p1b: Krowbar|Sucker Punch|p2a: Gengar\n|-supereffective|p2a: Gengar\n|-damage|p2a: Gengar|0 fnt\n|faint|p2a: Gengar\n|move|p2b: Zygarde|Dragon Dance|p2b: Zygarde\n|-boost|p2b: Zygarde|atk|1\n|-boost|p2b: Zygarde|spe|1\n|move|p1a: Handiman|Drain Punch|p2b: Zygarde\n|-damage|p2b: Zygarde|98/396\n|-heal|p1a: Handiman|73/450|[from] drain|[of] p2b: Zygarde\n|\n|-heal|p2b: Zygarde|122/396|[from] item: Leftovers\n|upkeep\n|turn|12\n|\n|t:|1732981492\n|move|p1b: Krowbar|Haze|p1b: Krowbar\n|-clearallboost\n|move|p2b: Zygarde|Thousand Arrows|p1b: Krowbar|[spread] p1a,p1b\n|debug|Spread modifier: 0.75\n|-supereffective|p1a: Handiman\n|debug|Spread modifier: 0.75\n|-damage|p1a: Handiman|0 fnt\n|-damage|p1b: Krowbar|170/293\n|-start|p1b: Krowbar|Smack Down\n|faint|p1a: Handiman\n|-end|p1a: Handiman|Quark Drive|[silent]\n|\n|-heal|p2b: Zygarde|146/396|[from] item: Leftovers\n|upkeep\n|\n|t:|1732981505\n|switch|p1a: God|Landorus, M, tera:Steel|220/319\n|turn|13\n|\n|t:|1732981516\n|move|p1b: Krowbar|Tailwind|p1b: Krowbar\n|-sidestart|p1: mistermoscow|move: Tailwind\n|move|p1a: God|Earth Power|p2b: Zygarde\n|-damage|p2b: Zygarde|0 fnt\n|faint|p2b: Zygarde\n|\n|win|mistermoscow\n|l|☆Mango Meloetta\n|player|p2|\n","uploadtime":1732981558,"views":"24","formatid":"gen9doublescustomgame","rating":null,"private":0,"password":null}