{"id":"gen9doublescustomgame-2399258825","format":"[Gen 9] Doubles Custom Game","players":["mistermoscow","mattmandaman"],"log":"|badge|p2|bronze|gen9doublesou|100-6\n|uhtml|medal-msg|<div class=\"broadcast-blue\">Curious what those medals under the avatar are? PS now has Ladder Seasons! For more information, check out the <a href=\"https://www.smogon.com/forums/threads/3740067/\">thread on Smogon.</a></div>\n|j|☆mistermoscow\n|j|☆mattmandaman\n|t:|1752005365\n|gametype|doubles\n|player|p1|mistermoscow|alder|\n|player|p2|mattmandaman|giovanni|\n|gen|9\n|tier|[Gen 9] Doubles Custom Game\n|clearpoke\n|poke|p1|Dugtrio, M|\n|poke|p1|Primeape, M|\n|poke|p1|Kingler, M|\n|poke|p1|Mr. Mime, M|\n|poke|p1|Jolteon, M|\n|poke|p1|Dragonite, M|\n|poke|p2|Rhydon|\n|poke|p2|Starmie|\n|poke|p2|Gengar|\n|poke|p2|Nidoking, M|\n|poke|p2|Muk|\n|poke|p2|Cloyster|\n|teampreview\n|\n|t:|1752005417\n|teamsize|p1|6\n|teamsize|p2|6\n|start\n|switch|p1a: Mister Snips|Kingler, M|251/251\n|switch|p1b: Mimsy|Mr. Mime, M|221/221\n|switch|p2a: Rhydon|Rhydon|414/414\n|switch|p2b: Gengar|Gengar|262/262\n|turn|1\n|\n|t:|1752005444\n|switch|p2a: Cloyster|Cloyster|242/242\n|move|p1b: Mimsy|Fake Out|p2a: Cloyster\n|-damage|p2a: Cloyster|233/242\n|move|p1a: Mister Snips|Knock Off|p2b: Gengar\n|-supereffective|p2b: Gengar\n|-enditem|p2b: Gengar|Focus Sash\n|-damage|p2b: Gengar|1/262\n|-start|p1a: Mister Snips|Disable|Knock Off|[from] ability: Cursed Body|[of] p2b: Gengar\n|move|p2b: Gengar|Icy Wind|p1a: Mister Snips|[spread] p1a,p1b\n|debug|Spread modifier: 0.75\n|-resisted|p1a: Mister Snips\n|debug|Spread modifier: 0.75\n|-damage|p1a: Mister Snips|211/251\n|-damage|p1b: Mimsy|175/221\n|-unboost|p1a: Mister Snips|spe|1\n|-unboost|p1b: Mimsy|spe|1\n|\n|-heal|p1b: Mimsy|188/221|[from] item: Leftovers\n|upkeep\n|turn|2\n|\n|t:|1752005484\n|move|p2a: Cloyster|Icicle Spear|p1b: Mimsy\n|-crit|p1b: Mimsy\n|-damage|p1b: Mimsy|127/221\n|-damage|p1b: Mimsy|88/221\n|-damage|p1b: Mimsy|49/221\n|-damage|p1b: Mimsy|9/221\n|-damage|p1b: Mimsy|0 fnt\n|faint|p1b: Mimsy\n|-hitcount|p1: Mimsy|5\n|move|p2b: Gengar|Psychic|p1a: Mister Snips\n|-damage|p1a: Mister Snips|21/251\n|-activate|p1a: Mister Snips|move: Struggle\n|move|p1a: Mister Snips|Struggle|p2a: Cloyster\n|-damage|p2a: Cloyster|195/242\n|-damage|p1a: Mister Snips|0 fnt|[from] recoil\n|faint|p1a: Mister Snips\n|\n|upkeep\n|\n|t:|1752005545\n|switch|p1a: Apollo|Primeape, M|303/303\n|switch|p1b: Sparky|Jolteon, M|271/271\n|turn|3\n|\n|t:|1752005591\n|switch|p2a: Rhydon|Rhydon|414/414\n|switch|p2b: Muk|Muk|414/414\n|move|p1b: Sparky|Electroweb|p2b: Muk|[spread] p2b\n|-ability|p2a: Rhydon|Lightning Rod|boost\n|-boost|p2a: Rhydon|spa|1\n|debug|Spread modifier: 0.75\n|-damage|p2b: Muk|353/414\n|-unboost|p2b: Muk|spe|1\n|move|p1a: Apollo|Bulk Up|p1a: Apollo\n|-boost|p1a: Apollo|atk|1\n|-boost|p1a: Apollo|def|1\n|\n|-heal|p2b: Muk|378/414|[from] item: Black Sludge\n|upkeep\n|turn|4\n|\n|t:|1752005643\n|move|p1b: Sparky|Reflect|p1b: Sparky\n|-sidestart|p1: mistermoscow|Reflect\n|move|p1a: Apollo|Drain Punch|p2a: Rhydon\n|-supereffective|p2a: Rhydon\n|-damage|p2a: Rhydon|196/414\n|move|p2a: Rhydon|Stealth Rock|p1b: Sparky\n|-sidestart|p1: mistermoscow|move: Stealth Rock\n|move|p2b: Muk|Poison Jab|p1a: Apollo\n|debug|Reflect weaken\n|-damage|p1a: Apollo|245/303\n|\n|-heal|p2b: Muk|403/414|[from] item: Black Sludge\n|upkeep\n|turn|5\n|\n|t:|1752005695\n|move|p1b: Sparky|Light Screen|p1b: Sparky\n|-sidestart|p1: mistermoscow|move: Light Screen\n|move|p1a: Apollo|Drain Punch|p2a: Rhydon\n|-supereffective|p2a: Rhydon\n|-damage|p2a: Rhydon|0 fnt\n|-heal|p1a: Apollo|303/303|[from] drain|[of] p2a: Rhydon\n|faint|p2a: Rhydon\n|move|p2b: Muk|Poison Jab|p1a: Apollo\n|debug|Reflect weaken\n|-damage|p1a: Apollo|241/303\n|-status|p1a: Apollo|psn|[from] ability: Poison Touch|[of] p2b: Muk\n|\n|-heal|p2b: Muk|414/414|[from] item: Black Sludge\n|-damage|p1a: Apollo|204/303 psn|[from] psn\n|upkeep\n|\n|t:|1752005722\n|switch|p2a: Nidoking|Nidoking, M|304/304\n|turn|6\n|\n|t:|1752005758\n|switch|p1b: Puff Daddy|Dragonite, M|324/324\n|-damage|p1b: Puff Daddy|243/324|[from] Stealth Rock\n|move|p2a: Nidoking|Ice Beam|p1b: Puff Daddy\n|-supereffective|p1b: Puff Daddy\n|debug|Light Screen weaken\n|-damage|p1b: Puff Daddy|0 fnt\n|faint|p1b: Puff Daddy\n|move|p1a: Apollo|Rage Fist|p2a: Nidoking\n|-damage|p2a: Nidoking|14/304\n|move|p2b: Muk|Poison Jab|p1a: Apollo\n|debug|Reflect weaken\n|-damage|p1a: Apollo|147/303 psn\n|\n|-damage|p1a: Apollo|110/303 psn|[from] psn\n|upkeep\n|\n|t:|1752005775\n|switch|p1b: The Big Dee|Dugtrio, M|211/211\n|-damage|p1b: The Big Dee|198/211|[from] Stealth Rock\n|turn|7\n|\n|t:|1752005802\n|switch|p1b: Sparky|Jolteon, M|271/271\n|-damage|p1b: Sparky|238/271|[from] Stealth Rock\n|move|p2a: Nidoking|Protect|p2a: Nidoking\n|-singleturn|p2a: Nidoking|Protect\n|move|p1a: Apollo|Rage Fist|p2a: Nidoking\n|-activate|p2a: Nidoking|move: Protect\n|move|p2b: Muk|Ice Punch|p1b: Sparky\n|debug|Reflect weaken\n|-damage|p1b: Sparky|153/271\n|\n|-damage|p1a: Apollo|73/303 psn|[from] psn\n|upkeep\n|turn|8\n|\n|t:|1752005822\n|switch|p2b: Gengar|Gengar|1/262\n|move|p1b: Sparky|Signal Beam|p2a: Nidoking\n|-resisted|p2a: Nidoking\n|-damage|p2a: Nidoking|0 fnt\n|faint|p2a: Nidoking\n|move|p1a: Apollo|Bulk Up|p1a: Apollo\n|-boost|p1a: Apollo|atk|1\n|-boost|p1a: Apollo|def|1\n|\n|-damage|p1a: Apollo|36/303 psn|[from] psn\n|upkeep\n|\n|t:|1752005845\n|switch|p2a: Muk|Muk|414/414\n|turn|9\n|\n|t:|1752005907\n|move|p2b: Gengar|Protect|p2b: Gengar\n|-singleturn|p2b: Gengar|Protect\n|move|p2a: Muk|Protect|p2a: Muk\n|-singleturn|p2a: Muk|Protect\n|move|p1b: Sparky|Electroweb|p2b: Gengar|[spread] \n|-activate|p2a: Muk|move: Protect\n|-activate|p2b: Gengar|move: Protect\n|move|p1a: Apollo|Rage Fist|p2a: Muk\n|-activate|p2a: Muk|move: Protect\n|\n|-damage|p1a: Apollo|0 fnt|[from] psn\n|faint|p1a: Apollo\n|upkeep\n|\n|t:|1752005919\n|switch|p1a: The Big Dee|Dugtrio, M|198/211\n|-damage|p1a: The Big Dee|185/211|[from] Stealth Rock\n|debug|natural status immunity\n|turn|10\n|\n|t:|1752005939\n|move|p1b: Sparky|Electroweb|p2a: Muk|[spread] p2a,p2b\n|debug|Spread modifier: 0.75\n|debug|Spread modifier: 0.75\n|-damage|p2a: Muk|354/414\n|-damage|p2b: Gengar|0 fnt\n|-unboost|p2a: Muk|spe|1\n|faint|p2b: Gengar\n|move|p1a: The Big Dee|High Horsepower|p2a: Muk\n|-supereffective|p2a: Muk\n|-damage|p2a: Muk|10/414\n|move|p2a: Muk|Poison Jab|p1b: Sparky\n|debug|Reflect weaken\n|-damage|p1b: Sparky|11/271\n|-status|p1b: Sparky|psn|[from] ability: Poison Touch|[of] p2a: Muk\n|\n|-heal|p2a: Muk|35/414|[from] item: Black Sludge\n|-damage|p1b: Sparky|0 fnt|[from] psn\n|faint|p1b: Sparky\n|upkeep\n|\n|t:|1752005955\n|switch|p2b: Starmie|Starmie|262/262\n|turn|11\n|\n|t:|1752005965\n|move|p2a: Muk|Shadow Sneak|p1a: The Big Dee\n|debug|Reflect weaken\n|-damage|p1a: The Big Dee|134/211\n|-status|p1a: The Big Dee|psn|[from] ability: Poison Touch|[of] p2a: Muk\n|move|p1a: The Big Dee|Rock Slide|p2b: Starmie|[spread] p2a,p2b\n|debug|Spread modifier: 0.75\n|debug|Spread modifier: 0.75\n|-damage|p2a: Muk|0 fnt\n|-damage|p2b: Starmie|203/262\n|faint|p2a: Muk\n|move|p2b: Starmie|Scald|p1a: The Big Dee\n|-supereffective|p1a: The Big Dee\n|debug|Light Screen weaken\n|-damage|p1a: The Big Dee|0 fnt\n|faint|p1a: The Big Dee\n|\n|win|mattmandaman\n","uploadtime":1752005977,"views":"16","formatid":"gen9doublescustomgame","rating":null,"private":0,"password":null}