{"id":"gen9doublescustomgame-2284173832","format":"[Gen 9] Doubles Custom Game","players":["mistermoscow","Mattmandaman"],"log":"|j|☆mistermoscow\n|j|☆Mattmandaman\n|t:|1737314550\n|gametype|doubles\n|player|p1|mistermoscow|alder|\n|player|p2|Mattmandaman|giovanni|\n|teamsize|p1|6\n|teamsize|p2|6\n|gen|9\n|tier|[Gen 9] Doubles Custom Game\n|clearpoke\n|poke|p1|Clefairy, M|\n|poke|p1|Gengar, M|\n|poke|p1|Kingler, M|\n|poke|p1|Ditto|\n|poke|p1|Jolteon, M|\n|poke|p1|Dragonite, M|\n|poke|p2|Starmie|\n|poke|p2|Gengar, M|\n|poke|p2|Electrode|\n|poke|p2|Dodrio, F|\n|poke|p2|Nidoking, M|\n|poke|p2|Marowak, F|\n|teampreview\n|\n|t:|1737314610\n|start\n|switch|p1a: Clifford|Clefairy, M|344/344\n|switch|p1b: Sparky|Jolteon, M|271/271\n|switch|p2a: Gengar|Gengar, M|262/262\n|switch|p2b: Nidoking|Nidoking, M|304/304\n|-item|p1b: Sparky|Air Balloon\n|turn|1\n|\n|t:|1737314638\n|move|p1b: Sparky|Protect|p1b: Sparky\n|-singleturn|p1b: Sparky|Protect\n|move|p2a: Gengar|Icy Wind|p1b: Sparky|[spread] p1a\n|-activate|p1b: Sparky|move: Protect\n|debug|Spread modifier: 0.75\n|-damage|p1a: Clifford|278/344\n|-unboost|p1a: Clifford|spe|1\n|move|p2b: Nidoking|Sludge Wave|p1a: Clifford|[spread] p2a,p1a\n|-activate|p1b: Sparky|move: Protect\n|debug|Spread modifier: 0.75\n|-resisted|p2a: Gengar\n|debug|Spread modifier: 0.75\n|-supereffective|p1a: Clifford\n|-damage|p2a: Gengar|209/262\n|-damage|p1a: Clifford|0 fnt\n|faint|p1a: Clifford\n|\n|upkeep\n|\n|t:|1737314655\n|switch|p1a: Imp|Ditto|300/300\n|-transform|p1a: Imp|p2b: Nidoking|[from] ability: Imposter\n|turn|2\n|\n|t:|1737314673\n|switch|p2b: Dodrio|Dodrio, F|262/262\n|move|p2a: Gengar|Protect|p2a: Gengar\n|-singleturn|p2a: Gengar|Protect\n|move|p1b: Sparky|Volt Switch|p2a: Gengar\n|-activate|p2a: Gengar|move: Protect\n|move|p1a: Imp|Sludge Wave|p2a: Gengar|[spread] p1b,p2b\n|-activate|p2a: Gengar|move: Protect\n|debug|Spread modifier: 0.75\n|debug|Spread modifier: 0.75\n|-damage|p1b: Sparky|129/271\n|-damage|p2b: Dodrio|70/262\n|-enditem|p1b: Sparky|Air Balloon\n|\n|upkeep\n|turn|3\n|\n|t:|1737314702\n|move|p2b: Dodrio|Protect|p2b: Dodrio\n|-singleturn|p2b: Dodrio|Protect\n|move|p1b: Sparky|Volt Switch|p2a: Gengar\n|-damage|p2a: Gengar|73/262\n|-start|p1b: Sparky|Disable|Volt Switch|[from] ability: Cursed Body|[of] p2a: Gengar\n|\n|t:|1737314710\n|switch|p1b: Spook|Gengar, M|261/261|[from] Volt Switch\n|move|p2a: Gengar|Icy Wind|p1a: Imp|[spread] p1a\n|-miss|p2a: Gengar|p1b: Spook\n|debug|Spread modifier: 0.75\n|-supereffective|p1a: Imp\n|-damage|p1a: Imp|180/300\n|debug|Covert Cloak prevent secondary\n|move|p1a: Imp|Sludge Wave|p2b: Dodrio|[spread] p1b,p2a\n|-activate|p2b: Dodrio|move: Protect\n|debug|Spread modifier: 0.75\n|-resisted|p1b: Spook\n|debug|Spread modifier: 0.75\n|-resisted|p2a: Gengar\n|-damage|p1b: Spook|218/261\n|-damage|p2a: Gengar|28/262\n|-start|p1a: Imp|Disable|Sludge Wave|[from] ability: Cursed Body|[of] p2a: Gengar\n|\n|upkeep\n|turn|4\n|\n|t:|1737314751\n|move|p1b: Spook|Sludge Bomb|p2b: Dodrio\n|-damage|p2b: Dodrio|0 fnt\n|debug|Covert Cloak prevent secondary\n|faint|p2b: Dodrio\n|move|p2a: Gengar|Shadow Ball|p1b: Spook\n|-supereffective|p1b: Spook\n|-damage|p1b: Spook|0 fnt\n|faint|p1b: Spook\n|move|p1a: Imp|Earth Power|p2a: Gengar\n|-supereffective|p2a: Gengar\n|-damage|p2a: Gengar|0 fnt\n|faint|p2a: Gengar\n|\n|upkeep\n|\n|t:|1737314799\n|switch|p2b: Nidoking|Nidoking, M|304/304\n|switch|p1b: Puff|Dragonite, M|355/355\n|switch|p2a: Starmie|Starmie|262/262\n|turn|5\n|\n|t:|1737314841\n|switch|p1b: Mister Snips|Kingler, M|252/252\n|move|p2a: Starmie|Psychic|p1a: Imp\n|-supereffective|p1a: Imp\n|-damage|p1a: Imp|0 fnt\n|debug|Covert Cloak prevent secondary\n|faint|p1a: Imp\n|-damage|p2a: Starmie|236/262|[from] item: Life Orb\n|move|p2b: Nidoking|Ice Beam|p1b: Mister Snips\n|-resisted|p1b: Mister Snips\n|-damage|p1b: Mister Snips|164/252\n|\n|upkeep\n|\n|t:|1737314856\n|switch|p1a: Sparky|Jolteon, M|129/271\n|turn|6\n|\n|t:|1737314888\n|move|p1a: Sparky|Shadow Ball|p2a: Starmie\n|-supereffective|p2a: Starmie\n|-damage|p2a: Starmie|48/262\n|-unboost|p2a: Starmie|spd|1\n|move|p2a: Starmie|Psychic|p1b: Mister Snips\n|-damage|p1b: Mister Snips|0 fnt\n|faint|p1b: Mister Snips\n|-damage|p2a: Starmie|22/262|[from] item: Life Orb\n|move|p2b: Nidoking|Sludge Wave|p1a: Sparky|[spread] p2a,p1a\n|debug|Spread modifier: 0.75\n|debug|Spread modifier: 0.75\n|-damage|p2a: Starmie|0 fnt\n|-damage|p1a: Sparky|0 fnt\n|faint|p2a: Starmie\n|faint|p1a: Sparky\n|\n|upkeep\n|\n|t:|1737314901\n|switch|p2a: Electrode|Electrode|324/324\n|switch|p1b: Puff|Dragonite, M|355/355\n|turn|7\n|\n|t:|1737314910\n|move|p2a: Electrode|Electroweb|p1b: Puff\n|-damage|p1b: Puff|288/355\n|-unboost|p1b: Puff|spe|1\n|move|p2b: Nidoking|Ice Beam|p1b: Puff\n|-supereffective|p1b: Puff\n|-damage|p1b: Puff|0 fnt\n|faint|p1b: Puff\n|\n|win|Mattmandaman\n","uploadtime":1737314918,"views":"14","formatid":"gen9doublescustomgame","rating":null,"private":0,"password":null}