{"id":"gen9doublescustomgame-2242749419","format":"[Gen 9] Doubles Custom Game","players":["mattmandaman","noli_cannoli10"],"log":"|badge|p1|silver|gen9doublesou|30-3\n|uhtml|medal-msg|<div class=\"broadcast-blue\">Curious what those medals under the avatar are? PS now has Ladder Seasons! For more information, check out the <a href=\"https://www.smogon.com/forums/threads/3740067/\">thread on Smogon.</a></div>\n|j|☆mattmandaman\n|j|☆noli_cannoli10\n|t:|1731459283\n|gametype|doubles\n|player|p1|mattmandaman|giovanni|\n|player|p2|noli_cannoli10|102|\n|teamsize|p1|6\n|teamsize|p2|6\n|gen|9\n|tier|[Gen 9] Doubles Custom Game\n|clearpoke\n|poke|p1|Deoxys-Attack|\n|poke|p1|Indeedee-F, F|\n|poke|p1|Diancie|\n|poke|p1|Volcanion|\n|poke|p1|Grimmsnarl, M|\n|poke|p1|Venusaur, F|\n|poke|p2|Smeargle, M|\n|poke|p2|Metagross|\n|poke|p2|Volcarona, M|\n|poke|p2|Magearna|\n|poke|p2|Urshifu-*, M|\n|poke|p2|Annihilape, F|\n|teampreview\n|j| mistermoscow\n|j| je64\n|j| Mango Meloetta\n|\n|t:|1731459349\n|start\n|switch|p1a: Venusaur|Venusaur, F|364/364\n|switch|p1b: Grimmsnarl|Grimmsnarl, M|394/394\n|switch|p2a: smearin' deez|Smeargle, M|314/314\n|switch|p2b: Usher Foo|Urshifu-Rapid-Strike, M|341/341\n|turn|1\n|\n|t:|1731459410\n|detailschange|p1a: Venusaur|Venusaur-Mega, F\n|-mega|p1a: Venusaur|Venusaur|Venusaurite\n|move|p2a: smearin' deez|Fake Out|p1b: Grimmsnarl\n|-damage|p1b: Grimmsnarl|378/394\n|move|p2b: Usher Foo|Close Combat|p1a: Venusaur\n|-resisted|p1a: Venusaur\n|-damage|p1a: Venusaur|274/364\n|-unboost|p2b: Usher Foo|def|1\n|-unboost|p2b: Usher Foo|spd|1\n|move|p1a: Venusaur|Sludge Bomb|p2a: smearin' deez\n|-damage|p2a: smearin' deez|10/314\n|-status|p2a: smearin' deez|psn\n|cant|p1b: Grimmsnarl|flinch\n|\n|-damage|p2a: smearin' deez|0 fnt|[from] psn\n|faint|p2a: smearin' deez\n|upkeep\n|\n|t:|1731459431\n|switch|p2a: Facebook Eww|Metagross|301/301\n|turn|2\n|\n|t:|1731459502\n|detailschange|p2a: Facebook Eww|Metagross-Mega\n|-mega|p2a: Facebook Eww|Metagross|Metagrossite\n|move|p1b: Grimmsnarl|Reflect|p1b: Grimmsnarl\n|-sidestart|p1: mattmandaman|Reflect\n|move|p2b: Usher Foo|Close Combat|p1a: Venusaur\n|-resisted|p1a: Venusaur\n|debug|Reflect weaken\n|-damage|p1a: Venusaur|211/364\n|-unboost|p2b: Usher Foo|def|1\n|-unboost|p2b: Usher Foo|spd|1\n|move|p2a: Facebook Eww|Zen Headbutt|p1a: Venusaur\n|-supereffective|p1a: Venusaur\n|-crit|p1a: Venusaur\n|-damage|p1a: Venusaur|0 fnt\n|faint|p1a: Venusaur\n|\n|upkeep\n|c|☆mattmandaman|!dt megavenusaur\n|raw|<div class=\"message\"><ul class=\"utilichart\"><li class=\"result\"><span class=\"col numcol\">Illegal</span> <span class=\"col iconcol\"><psicon pokemon=\"venusaurmega\"/></span> <span class=\"col pokemonnamecol\" style=\"white-space:nowrap\"><a href=\"https://dex.pokemonshowdown.com/pokemon/venusaurmega\" target=\"_blank\">Venusaur-Mega</a></span> <span class=\"col typecol\"><img src=\"https://play.pokemonshowdown.com/sprites/types/Grass.png\" alt=\"Grass\" height=\"14\" width=\"32\"><img src=\"https://play.pokemonshowdown.com/sprites/types/Poison.png\" alt=\"Poison\" height=\"14\" width=\"32\"></span> <span style=\"float:left;min-height:26px\"><span class=\"col abilitycol\">Thick Fat</span><span class=\"col abilitycol\"></span></span><span style=\"float:left;min-height:26px\"><span class=\"col statcol\"><em>HP</em><br />80</span> <span class=\"col statcol\"><em>Atk</em><br />100</span> <span class=\"col statcol\"><em>Def</em><br />123</span> <span class=\"col statcol\"><em>SpA</em><br />122</span> <span class=\"col statcol\"><em>SpD</em><br />120</span> <span class=\"col statcol\"><em>Spe</em><br />80</span> <span class=\"col bstcol\"><em>BST<br />625</em></span> </span></li><li style=\"clear:both\"></li></ul></div>\n|raw|<font size=\"1\"><font color=\"#686868\">Dex#:</font> 3&nbsp;|&ThickSpace;<font color=\"#686868\">Gen:</font> 6&nbsp;|&ThickSpace;<font color=\"#686868\">Height:</font> 2.4 m&nbsp;|&ThickSpace;<font color=\"#686868\">Weight:</font> 155.5 kg <em>(100 BP)</em>&nbsp;|&ThickSpace;<font color=\"#686868\">G-Max Move:</font> G-Max Vine Lash&nbsp;|&ThickSpace;<font color=\"#686868\">Dex Colour:</font> Green&nbsp;|&ThickSpace;<font color=\"#686868\">Egg Group(s):</font> Monster, Grass&nbsp;|&ThickSpace;<font color=\"#686868\">Does Not Evolve</font></font>\n\n|\n|t:|1731459526\n|switch|p1a: Volcanion|Volcanion|364/364\n|turn|3\n|\n|t:|1731459551\n|switch|p2a: Butterfree?!|Volcarona, M|374/374\n|move|p1b: Grimmsnarl|Parting Shot|p2a: Butterfree?!\n|-unboost|p2a: Butterfree?!|atk|1\n|-unboost|p2a: Butterfree?!|spa|1\n|\n|t:|1731459563\n|switch|p1b: Diancie|Diancie|304/304|[from] Parting Shot\n|move|p2b: Usher Foo|Close Combat|p1a: Volcanion\n|debug|Reflect weaken\n|-damage|p1a: Volcanion|231/364\n|-unboost|p2b: Usher Foo|def|1\n|-unboost|p2b: Usher Foo|spd|1\n|move|p1a: Volcanion|Steam Eruption|p2a: Butterfree?!\n|-supereffective|p2a: Butterfree?!\n|-damage|p2a: Butterfree?!|0 fnt\n|faint|p2a: Butterfree?!\n|\n|upkeep\n|\n|t:|1731459583\n|switch|p2a: Metal Gyatt|Magearna|364/364\n|turn|4\n|\n|t:|1731459592\n|switch|p2b: Facebook Eww|Metagross-Mega|301/301\n|-terastallize|p1b: Diancie|Fire\n|move|p2a: Metal Gyatt|Dazzling Gleam|p1b: Diancie|[spread] p1a,p1b\n|debug|Spread modifier: 0.75\n|-resisted|p1a: Volcanion\n|debug|Spread modifier: 0.75\n|-resisted|p1b: Diancie\n|-damage|p1a: Volcanion|178/364\n|-damage|p1b: Diancie|267/304\n|move|p1a: Volcanion|Steam Eruption|p2a: Metal Gyatt\n|-damage|p2a: Metal Gyatt|178/364\n|move|p1b: Diancie|Diamond Storm|p2a: Metal Gyatt|[spread] p2a,p2b\n|debug|Spread modifier: 0.75\n|-resisted|p2a: Metal Gyatt\n|debug|Spread modifier: 0.75\n|-resisted|p2b: Facebook Eww\n|-damage|p2a: Metal Gyatt|127/364\n|-damage|p2b: Facebook Eww|255/301\n|-boost|p1b: Diancie|def|2\n|\n|-heal|p1b: Diancie|286/304|[from] item: Leftovers\n|upkeep\n|turn|5\n|\n|t:|1731459625\n|move|p2b: Facebook Eww|Zen Headbutt|p1a: Volcanion\n|debug|Reflect weaken\n|-damage|p1a: Volcanion|56/364\n|move|p2a: Metal Gyatt|Dazzling Gleam|p1b: Diancie|[spread] p1a,p1b\n|debug|Spread modifier: 0.75\n|-resisted|p1a: Volcanion\n|debug|Spread modifier: 0.75\n|-resisted|p1b: Diancie\n|-damage|p1a: Volcanion|0 fnt\n|-damage|p1b: Diancie|248/304\n|faint|p1a: Volcanion\n|-ability|p2a: Metal Gyatt|Soul-Heart|boost\n|-boost|p2a: Metal Gyatt|spa|1\n|move|p1b: Diancie|Body Press|p2a: Metal Gyatt\n|-damage|p2a: Metal Gyatt|0 fnt\n|faint|p2a: Metal Gyatt\n|\n|-heal|p1b: Diancie|267/304|[from] item: Leftovers\n|upkeep\n|\n|t:|1731459647\n|switch|p2a: Usher Foo|Urshifu-Rapid-Strike, M|341/341\n|switch|p1a: Grimmsnarl|Grimmsnarl, M|378/394\n|turn|6\n|\n|t:|1731459706\n|switch|p1b: Indeedee|Indeedee-F, F|344/344\n|-fieldstart|move: Psychic Terrain|[from] ability: Psychic Surge|[of] p1b: Indeedee\n|move|p2a: Usher Foo|Surging Strikes|p1b: Indeedee\n|-crit|p1b: Indeedee\n|-damage|p1b: Indeedee|262/344\n|-crit|p1b: Indeedee\n|-damage|p1b: Indeedee|187/344\n|-crit|p1b: Indeedee\n|-damage|p1b: Indeedee|114/344\n|-hitcount|p1b: Indeedee|3\n|move|p2b: Facebook Eww|Iron Head|p1a: Grimmsnarl\n|-supereffective|p1a: Grimmsnarl\n|debug|Reflect weaken\n|-damage|p1a: Grimmsnarl|73/394\n|move|p1a: Grimmsnarl|Spirit Break|p2a: Usher Foo\n|-supereffective|p2a: Usher Foo\n|-damage|p2a: Usher Foo|119/341\n|-unboost|p2a: Usher Foo|spa|1\n|\n|upkeep\n|turn|7\n|\n|t:|1731459729\n|move|p2a: Usher Foo|Surging Strikes|p1b: Indeedee\n|-crit|p1b: Indeedee\n|-damage|p1b: Indeedee|42/344\n|-crit|p1b: Indeedee\n|-damage|p1b: Indeedee|0 fnt\n|faint|p1b: Indeedee\n|-hitcount|p1: Indeedee|2\n|move|p2b: Facebook Eww|Iron Head|p1a: Grimmsnarl\n|-supereffective|p1a: Grimmsnarl\n|debug|Reflect weaken\n|-damage|p1a: Grimmsnarl|0 fnt\n|faint|p1a: Grimmsnarl\n|\n|upkeep\n|\n|t:|1731459733\n|switch|p1b: Diancie|Diancie, tera:Fire|267/304\n|switch|p1a: Deoxys|Deoxys-Attack|241/241\n|-ability|p1a: Deoxys|Pressure\n|turn|8\n|\n|t:|1731459770\n|move|p2a: Usher Foo|Surging Strikes|p1b: Diancie\n|-supereffective|p1b: Diancie\n|-crit|p1b: Diancie\n|-damage|p1b: Diancie|159/304\n|-supereffective|p1b: Diancie\n|-crit|p1b: Diancie\n|-damage|p1b: Diancie|61/304\n|-supereffective|p1b: Diancie\n|-crit|p1b: Diancie\n|-damage|p1b: Diancie|0 fnt\n|faint|p1b: Diancie\n|-hitcount|p1: Diancie|3\n|move|p1a: Deoxys|Expanding Force|p2b: Facebook Eww|[spread] p2a,p2b\n|debug|psychic terrain boost\n|debug|terrain buff\n|debug|Spread modifier: 0.75\n|-supereffective|p2a: Usher Foo\n|debug|psychic terrain boost\n|debug|terrain buff\n|debug|Spread modifier: 0.75\n|-resisted|p2b: Facebook Eww\n|-damage|p2a: Usher Foo|0 fnt\n|-damage|p2b: Facebook Eww|198/301\n|faint|p2a: Usher Foo\n|move|p2b: Facebook Eww|Iron Head|p1a: Deoxys\n|debug|Reflect weaken\n|-enditem|p1a: Deoxys|Focus Sash\n|-damage|p1a: Deoxys|1/241\n|\n|upkeep\n|\n|t:|1731459787\n|switch|p2a: Tickle Me Elmo|Annihilape, F|423/423\n|turn|9\n|\n|t:|1731459797\n|move|p1a: Deoxys|Expanding Force|p2b: Facebook Eww|[spread] p2a,p2b\n|debug|psychic terrain boost\n|debug|terrain buff\n|debug|Spread modifier: 0.75\n|-supereffective|p2a: Tickle Me Elmo\n|debug|psychic terrain boost\n|debug|terrain buff\n|debug|Spread modifier: 0.75\n|-resisted|p2b: Facebook Eww\n|-damage|p2a: Tickle Me Elmo|0 fnt\n|-damage|p2b: Facebook Eww|136/301\n|faint|p2a: Tickle Me Elmo\n|move|p2b: Facebook Eww|Iron Head|p1a: Deoxys\n|debug|Reflect weaken\n|-damage|p1a: Deoxys|0 fnt\n|faint|p1a: Deoxys\n|\n|win|noli_cannoli10\n|l| je64\n|l|☆noli_cannoli10\n|player|p2|\n","uploadtime":1731459806,"views":"39","formatid":"gen9doublescustomgame","rating":null,"private":0,"password":null}