{"id":"gen9doublescustomgame-2403438339","format":"[Gen 9] Doubles Custom Game","players":["je64","mistermoscow"],"log":"|j|☆je64\n|j|☆mistermoscow\n|t:|1752625173\n|gametype|doubles\n|player|p1|je64|102|\n|player|p2|mistermoscow|alder|\n|gen|9\n|tier|[Gen 9] Doubles Custom Game\n|clearpoke\n|poke|p1|Kadabra|\n|poke|p1|Gengar|\n|poke|p1|Chansey, F|\n|poke|p1|Electabuzz|\n|poke|p1|Articuno|\n|poke|p1|Magmar|\n|poke|p2|Nidoking, M|\n|poke|p2|Primeape, M|\n|poke|p2|Dewgong, M|\n|poke|p2|Mr. Mime, M|\n|poke|p2|Jolteon, M|\n|poke|p2|Dragonite|\n|teampreview\n|j| Mattmandaman\n|\n|t:|1752625217\n|teamsize|p1|6\n|teamsize|p2|6\n|start\n|switch|p1a: K.Dot|Kadabra|221/221\n|switch|p1b: Frank the Tank|Electabuzz|334/334\n|switch|p2a: King Nido|Nidoking, M|303/303\n|switch|p2b: Apollo|Primeape, M|334/334\n|turn|1\n|\n|t:|1752625240\n|switch|p2b: Mimsy|Mr. Mime, M|284/284\n|move|p2a: King Nido|Earth Power|p1b: Frank the Tank\n|-supereffective|p1b: Frank the Tank\n|-damage|p1b: Frank the Tank|62/334\n|move|p1a: K.Dot|Psychic|p2a: King Nido\n|-supereffective|p2a: King Nido\n|-damage|p2a: King Nido|0 fnt\n|faint|p2a: King Nido\n|move|p1b: Frank the Tank|Light Screen|p1b: Frank the Tank\n|-sidestart|p1: je64|move: Light Screen\n|\n|upkeep\n|\n|t:|1752625260\n|switch|p2a: Puff Daddy|Dragonite|386/386\n|turn|2\n|\n|t:|1752625280\n|move|p2b: Mimsy|Fake Out|p1a: K.Dot\n|-damage|p1a: K.Dot|185/221\n|move|p1b: Frank the Tank|Follow Me|p1b: Frank the Tank\n|-singleturn|p1b: Frank the Tank|move: Follow Me\n|cant|p1a: K.Dot|flinch\n|move|p2a: Puff Daddy|Tailwind|p2a: Puff Daddy\n|-sidestart|p2: mistermoscow|move: Tailwind\n|\n|upkeep\n|turn|3\n|\n|t:|1752625316\n|move|p1b: Frank the Tank|Follow Me|p1b: Frank the Tank\n|-singleturn|p1b: Frank the Tank|move: Follow Me\n|move|p2b: Mimsy|Dazzling Gleam|p1b: Frank the Tank|[spread] p1a,p1b\n|debug|Spread modifier: 0.75\n|debug|Light Screen weaken\n|debug|Spread modifier: 0.75\n|debug|Light Screen weaken\n|-damage|p1a: K.Dot|92/221\n|-damage|p1b: Frank the Tank|16/334\n|move|p2a: Puff Daddy|Dragon Dance|p2a: Puff Daddy\n|-boost|p2a: Puff Daddy|atk|1\n|-boost|p2a: Puff Daddy|spe|1\n|move|p1a: K.Dot|Dazzling Gleam|p2a: Puff Daddy|[spread] p2a,p2b\n|debug|Spread modifier: 0.75\n|-supereffective|p2a: Puff Daddy\n|debug|Multiscale weaken\n|debug|Spread modifier: 0.75\n|-damage|p2a: Puff Daddy|321/386\n|-damage|p2b: Mimsy|230/284\n|\n|-heal|p2b: Mimsy|247/284|[from] item: Leftovers\n|upkeep\n|turn|4\n|\n|t:|1752625354\n|switch|p1a: Myagmar|Magmar|303/303\n|move|p2a: Puff Daddy|Extreme Speed|p1a: Myagmar\n|-damage|p1a: Myagmar|171/303\n|move|p1b: Frank the Tank|Electroweb|p2a: Puff Daddy|[spread] p2a,p2b\n|debug|Spread modifier: 0.75\n|debug|Spread modifier: 0.75\n|-damage|p2a: Puff Daddy|279/386\n|-damage|p2b: Mimsy|208/284\n|debug|move failed because it did nothing\n|-unboost|p2b: Mimsy|spe|1\n|move|p2b: Mimsy|Teleport|p2b: Mimsy\n|\n|t:|1752625365\n|switch|p2b: Sparky|Jolteon, M|272/272|[from] Teleport\n|\n|upkeep\n|turn|5\n|\n|t:|1752625396\n|switch|p1b: Articu-no-hit-me|Articuno|384/384\n|move|p2b: Sparky|Reflect|p2b: Sparky\n|-sidestart|p2: mistermoscow|Reflect\n|move|p2a: Puff Daddy|Dual Wingbeat|p1a: Myagmar\n|-damage|p1a: Myagmar|72/303\n|-status|p2a: Puff Daddy|brn|[from] ability: Flame Body|[of] p1a: Myagmar\n|-damage|p1a: Myagmar|26/303\n|-hitcount|p1a: Myagmar|2\n|move|p1a: Myagmar|Will-O-Wisp|p2a: Puff Daddy\n|-fail|p2a: Puff Daddy|brn\n|debug|move failed because it did nothing\n|\n|-damage|p2a: Puff Daddy|255/386 brn|[from] brn\n|-sideend|p1: je64|move: Light Screen\n|-sideend|p2: mistermoscow|move: Tailwind\n|upkeep\n|turn|6\n|\n|t:|1752625421\n|move|p1a: Myagmar|Follow Me|p1a: Myagmar\n|-singleturn|p1a: Myagmar|move: Follow Me\n|move|p2b: Sparky|Electroweb|p1a: Myagmar|[spread] p1a,p1b\n|debug|Spread modifier: 0.75\n|debug|Spread modifier: 0.75\n|-supereffective|p1b: Articu-no-hit-me\n|-damage|p1a: Myagmar|0 fnt\n|-damage|p1b: Articu-no-hit-me|304/384\n|-unboost|p1b: Articu-no-hit-me|spe|1\n|faint|p1a: Myagmar\n|move|p2a: Puff Daddy|Tailwind|p2a: Puff Daddy\n|-sidestart|p2: mistermoscow|move: Tailwind\n|move|p1b: Articu-no-hit-me|Snowscape|p1b: Articu-no-hit-me\n|-weather|Snowscape\n|\n|-weather|Snowscape|[upkeep]\n|-heal|p1b: Articu-no-hit-me|328/384|[from] item: Leftovers\n|-damage|p2a: Puff Daddy|231/386 brn|[from] brn\n|upkeep\n|\n|t:|1752625472\n|switch|p1a: Joys hot assistnt|Chansey, F|704/704\n|turn|7\n|\n|t:|1752625486\n|switch|p2a: Apollo|Primeape, M|334/334\n|move|p2b: Sparky|Light Screen|p2b: Sparky\n|-sidestart|p2: mistermoscow|move: Light Screen\n|move|p1b: Articu-no-hit-me|Aurora Veil|p1b: Articu-no-hit-me\n|-sidestart|p1: je64|move: Aurora Veil\n|move|p1a: Joys hot assistnt|Seismic Toss|p2b: Sparky\n|-damage|p2b: Sparky|172/272\n|\n|-weather|Snowscape|[upkeep]\n|-heal|p1b: Articu-no-hit-me|352/384|[from] item: Leftovers\n|upkeep\n|turn|8\n|\n|t:|1752625512\n|switch|p2b: Dewey|Dewgong, M|353/353\n|move|p2a: Apollo|Bulk Up|p2a: Apollo\n|-boost|p2a: Apollo|atk|1\n|-boost|p2a: Apollo|def|1\n|move|p1b: Articu-no-hit-me|Sheer Cold|p2a: Apollo|[miss]\n|-miss|p1b: Articu-no-hit-me|p2a: Apollo\n|move|p1a: Joys hot assistnt|Seismic Toss|p2b: Dewey\n|-damage|p2b: Dewey|253/353\n|\n|-weather|Snowscape|[upkeep]\n|-heal|p1b: Articu-no-hit-me|376/384|[from] item: Leftovers\n|upkeep\n|turn|9\n|\n|t:|1752625536\n|switch|p1a: K.Dot|Kadabra|92/221\n|move|p2b: Dewey|Fake Out|p1b: Articu-no-hit-me|[miss]\n|debug|Snow Cloak - decreasing accuracy\n|-miss|p2b: Dewey|p1b: Articu-no-hit-me\n|move|p2a: Apollo|Drain Punch|p1b: Articu-no-hit-me\n|debug|Snow Cloak - decreasing accuracy\n|debug|Aurora Veil weaken\n|-damage|p1b: Articu-no-hit-me|319/384\n|move|p1b: Articu-no-hit-me|Sheer Cold|p2a: Apollo|[miss]\n|-miss|p1b: Articu-no-hit-me|p2a: Apollo\n|\n|-weather|Snowscape|[upkeep]\n|-heal|p1b: Articu-no-hit-me|343/384|[from] item: Leftovers\n|-sideend|p2: mistermoscow|move: Tailwind\n|upkeep\n|turn|10\n|\n|t:|1752625558\n|move|p1a: K.Dot|Psychic|p2a: Apollo\n|-supereffective|p2a: Apollo\n|debug|Light Screen weaken\n|-damage|p2a: Apollo|206/334\n|move|p2a: Apollo|Rage Fist|p1a: K.Dot\n|-supereffective|p1a: K.Dot\n|debug|Aurora Veil weaken\n|-damage|p1a: K.Dot|0 fnt\n|faint|p1a: K.Dot\n|move|p2b: Dewey|Knock Off|p1b: Articu-no-hit-me|[miss]\n|debug|Snow Cloak - decreasing accuracy\n|-miss|p2b: Dewey|p1b: Articu-no-hit-me\n|move|p1b: Articu-no-hit-me|Sheer Cold|p2a: Apollo\n|-damage|p2a: Apollo|0 fnt\n|faint|p2a: Apollo\n|-ohko\n|\n|-weather|none\n|-heal|p1b: Articu-no-hit-me|367/384|[from] item: Leftovers\n|upkeep\n|\n|t:|1752625587\n|switch|p1a: Frank the Tank|Electabuzz|16/334\n|switch|p2a: Sparky|Jolteon, M|172/272\n|turn|11\n|\n|t:|1752625610\n|move|p2a: Sparky|Electroweb|p1b: Articu-no-hit-me|[spread] p1a,p1b\n|debug|Spread modifier: 0.75\n|-resisted|p1a: Frank the Tank\n|debug|Aurora Veil weaken\n|debug|Spread modifier: 0.75\n|-supereffective|p1b: Articu-no-hit-me\n|debug|Aurora Veil weaken\n|-damage|p1a: Frank the Tank|0 fnt\n|-damage|p1b: Articu-no-hit-me|315/384\n|-unboost|p1b: Articu-no-hit-me|spe|1\n|faint|p1a: Frank the Tank\n|move|p2b: Dewey|Knock Off|p1b: Articu-no-hit-me\n|debug|Aurora Veil weaken\n|-damage|p1b: Articu-no-hit-me|254/384\n|-enditem|p1b: Articu-no-hit-me|Leftovers|[from] move: Knock Off|[of] p2b: Dewey\n|move|p1b: Articu-no-hit-me|Snowscape|p1b: Articu-no-hit-me\n|-weather|Snowscape\n|\n|-weather|Snowscape|[upkeep]\n|-sideend|p1: je64|move: Aurora Veil\n|upkeep\n|\n|t:|1752625625\n|switch|p1a: Joys hot assistnt|Chansey, F|704/704\n|turn|12\n|\n|t:|1752625649\n|move|p2a: Sparky|Electroweb|p1a: Joys hot assistnt|[spread] p1a,p1b\n|debug|Snow Cloak - decreasing accuracy\n|debug|Spread modifier: 0.75\n|debug|Spread modifier: 0.75\n|-supereffective|p1b: Articu-no-hit-me\n|-damage|p1a: Joys hot assistnt|664/704\n|-damage|p1b: Articu-no-hit-me|180/384\n|-unboost|p1a: Joys hot assistnt|spe|1\n|-unboost|p1b: Articu-no-hit-me|spe|1\n|move|p2b: Dewey|Ice Spinner|p1b: Articu-no-hit-me\n|debug|Snow Cloak - decreasing accuracy\n|-damage|p1b: Articu-no-hit-me|108/384\n|move|p1a: Joys hot assistnt|Seismic Toss|p2a: Sparky\n|-damage|p2a: Sparky|72/272\n|move|p1b: Articu-no-hit-me|Ice Beam|p2a: Sparky\n|debug|Light Screen weaken\n|-damage|p2a: Sparky|4/272\n|\n|-weather|Snowscape|[upkeep]\n|-sideend|p2: mistermoscow|Reflect\n|upkeep\n|turn|13\n|\n|t:|1752625701\n|move|p2a: Sparky|Electroweb|p1b: Articu-no-hit-me|[spread] p1a,p1b\n|debug|Snow Cloak - decreasing accuracy\n|debug|Spread modifier: 0.75\n|debug|Spread modifier: 0.75\n|-supereffective|p1b: Articu-no-hit-me\n|-damage|p1a: Joys hot assistnt|619/704\n|-damage|p1b: Articu-no-hit-me|22/384\n|-unboost|p1a: Joys hot assistnt|spe|1\n|-unboost|p1b: Articu-no-hit-me|spe|1\n|move|p2b: Dewey|Flip Turn|p1b: Articu-no-hit-me\n|debug|Snow Cloak - decreasing accuracy\n|-damage|p1b: Articu-no-hit-me|0 fnt\n|faint|p1b: Articu-no-hit-me\n|\n|t:|1752625726\n|switch|p2b: Puff Daddy|Dragonite|231/386 brn|[from] Flip Turn\n|move|p1a: Joys hot assistnt|Seismic Toss|p2a: Sparky\n|-damage|p2a: Sparky|0 fnt\n|faint|p2a: Sparky\n|\n|-weather|Snowscape|[upkeep]\n|-damage|p2b: Puff Daddy|207/386 brn|[from] brn\n|upkeep\n|\n|t:|1752625737\n|switch|p2a: Dewey|Dewgong, M|253/353\n|switch|p1b: Stranger|Gengar|262/262\n|turn|14\n|\n|t:|1752625772\n|move|p1b: Stranger|Sludge Bomb|p2b: Puff Daddy\n|debug|Light Screen weaken\n|-damage|p2b: Puff Daddy|80/386 brn\n|move|p2b: Puff Daddy|Tailwind|p2b: Puff Daddy\n|-sidestart|p2: mistermoscow|move: Tailwind\n|move|p2a: Dewey|Knock Off|p1b: Stranger\n|-supereffective|p1b: Stranger\n|-damage|p1b: Stranger|0 fnt\n|-enditem|p1b: Stranger|Choice Scarf|[from] move: Knock Off|[of] p2a: Dewey\n|faint|p1b: Stranger\n|move|p1a: Joys hot assistnt|Seismic Toss|p2b: Puff Daddy\n|-damage|p2b: Puff Daddy|0 fnt\n|faint|p2b: Puff Daddy\n|\n|-weather|Snowscape|[upkeep]\n|-sideend|p2: mistermoscow|move: Light Screen\n|upkeep\n|\n|t:|1752625784\n|switch|p2b: Mimsy|Mr. Mime, M|208/284\n|turn|15\n|\n|t:|1752625791\n|move|p2b: Mimsy|Psyshock|p1a: Joys hot assistnt\n|-damage|p1a: Joys hot assistnt|442/704\n|move|p2a: Dewey|Knock Off|p1a: Joys hot assistnt\n|-damage|p1a: Joys hot assistnt|325/704\n|-enditem|p1a: Joys hot assistnt|Eviolite|[from] move: Knock Off|[of] p2a: Dewey\n|move|p1a: Joys hot assistnt|Thunder Wave|p2a: Dewey|[miss]\n|-miss|p1a: Joys hot assistnt|p2a: Dewey\n|\n|-weather|none\n|-heal|p2b: Mimsy|225/284|[from] item: Leftovers\n|upkeep\n|turn|16\n|\n|t:|1752625804\n|move|p2b: Mimsy|Psyshock|p1a: Joys hot assistnt\n|-damage|p1a: Joys hot assistnt|79/704\n|move|p2a: Dewey|Ice Spinner|p1a: Joys hot assistnt\n|-damage|p1a: Joys hot assistnt|0 fnt\n|faint|p1a: Joys hot assistnt\n|\n|win|mistermoscow\n","uploadtime":1752625812,"views":"14","formatid":"gen9doublescustomgame","rating":null,"private":0,"password":null}