{"id":"gen9doublescustomgame-2356444338","format":"[Gen 9] Doubles Custom Game","players":["Mango Meloetta","mistermoscow"],"log":"|j|☆Mango Meloetta\n|j|☆mistermoscow\n|t:|1746327387\n|gametype|doubles\n|player|p1|Mango Meloetta|ghetsis-gen5bw|\n|player|p2|mistermoscow|alder|\n|teamsize|p1|6\n|teamsize|p2|6\n|gen|9\n|tier|[Gen 9] Doubles Custom Game\n|clearpoke\n|poke|p1|Electabuzz, M|\n|poke|p1|Arcanine, F|\n|poke|p1|Weezing, F|\n|poke|p1|Snorlax, F|\n|poke|p1|Persian, F|\n|poke|p1|Pinsir, F|\n|poke|p2|Clefairy, M|\n|poke|p2|Primeape, M|\n|poke|p2|Exeggutor, M|\n|poke|p2|Mr. Mime, M|\n|poke|p2|Jolteon, M|\n|poke|p2|Dragonite, M|\n|teampreview\n|\n|t:|1746327426\n|start\n|switch|p1a: Snorlax|Snorlax, F|524/524\n|switch|p1b: Pinsir|Pinsir, F|271/271\n|switch|p2a: Puff Daddy|Dragonite, M|324/324\n|switch|p2b: Sparky|Jolteon, M|271/271\n|turn|1\n|\n|t:|1746327457\n|move|p2b: Sparky|Reflect|p2b: Sparky\n|-sidestart|p2: mistermoscow|Reflect\n|move|p1b: Pinsir|Rock Slide|p2a: Puff Daddy|[spread] p2a\n|-miss|p1b: Pinsir|p2b: Sparky\n|debug|Spread modifier: 0.75\n|-supereffective|p2a: Puff Daddy\n|debug|Multiscale weaken\n|debug|Reflect weaken\n|-damage|p2a: Puff Daddy|261/324\n|debug|Covert Cloak prevent secondary\n|move|p2a: Puff Daddy|Dragon Dance|p2a: Puff Daddy\n|-boost|p2a: Puff Daddy|atk|1\n|-boost|p2a: Puff Daddy|spe|1\n|move|p1a: Snorlax|Belly Drum|p1a: Snorlax\n|-damage|p1a: Snorlax|262/524\n|-setboost|p1a: Snorlax|atk|6|[from] move: Belly Drum\n|-enditem|p1a: Snorlax|Figy Berry|[eat]\n|-heal|p1a: Snorlax|436/524|[from] item: Figy Berry\n|\n|upkeep\n|turn|2\n|\n|t:|1746327486\n|move|p2a: Puff Daddy|Dragon Claw|p1a: Snorlax\n|-damage|p1a: Snorlax|201/524\n|move|p2b: Sparky|Light Screen|p2b: Sparky\n|-sidestart|p2: mistermoscow|move: Light Screen\n|move|p1b: Pinsir|Rock Slide|p2a: Puff Daddy|[spread] p2a,p2b\n|debug|Spread modifier: 0.75\n|-supereffective|p2a: Puff Daddy\n|debug|Reflect weaken\n|debug|Spread modifier: 0.75\n|debug|Reflect weaken\n|-damage|p2a: Puff Daddy|117/324\n|-damage|p2b: Sparky|204/271\n|debug|Covert Cloak prevent secondary\n|move|p1a: Snorlax|Return|p2b: Sparky\n|debug|Reflect weaken\n|-damage|p2b: Sparky|0 fnt\n|faint|p2b: Sparky\n|\n|upkeep\n|\n|t:|1746327505\n|switch|p2b: Mimsy|Mr. Mime, M|284/284\n|turn|3\n|\n|t:|1746327541\n|move|p1a: Snorlax|Protect|p1a: Snorlax\n|-singleturn|p1a: Snorlax|Protect\n|move|p2b: Mimsy|Fake Out|p1a: Snorlax\n|-activate|p1a: Snorlax|move: Protect\n|move|p2a: Puff Daddy|Dragon Dance|p2a: Puff Daddy\n|-boost|p2a: Puff Daddy|atk|1\n|-boost|p2a: Puff Daddy|spe|1\n|move|p1b: Pinsir|Rock Slide|p2a: Puff Daddy|[spread] p2a,p2b\n|debug|Spread modifier: 0.75\n|-supereffective|p2a: Puff Daddy\n|debug|Reflect weaken\n|debug|Spread modifier: 0.75\n|debug|Reflect weaken\n|-damage|p2a: Puff Daddy|0 fnt\n|-damage|p2b: Mimsy|221/284\n|debug|Covert Cloak prevent secondary\n|faint|p2a: Puff Daddy\n|\n|upkeep\n|j| mathmaster99\n|\n|t:|1746327560\n|switch|p2a: Eggman|Exeggutor, M|332/332\n|turn|4\n|l| mathmaster99\n|\n|t:|1746327588\n|move|p2a: Eggman|Protect|p2a: Eggman\n|-singleturn|p2a: Eggman|Protect\n|move|p1b: Pinsir|Rock Slide|p2b: Mimsy|[spread] p2b\n|-activate|p2a: Eggman|move: Protect\n|debug|Spread modifier: 0.75\n|debug|Reflect weaken\n|-damage|p2b: Mimsy|158/284\n|move|p2b: Mimsy|Psychic Terrain|p2b: Mimsy\n|-fieldstart|move: Psychic Terrain\n|move|p1a: Snorlax|Return|p2a: Eggman\n|-activate|p2a: Eggman|move: Protect\n|\n|upkeep\n|turn|5\n|\n|t:|1746327602\n|move|p2b: Mimsy|Follow Me|p2b: Mimsy\n|-singleturn|p2b: Mimsy|move: Follow Me\n|move|p1b: Pinsir|Rock Slide|p2a: Eggman|[spread] p2a,p2b\n|debug|Spread modifier: 0.75\n|debug|Reflect weaken\n|debug|Spread modifier: 0.75\n|debug|Reflect weaken\n|-damage|p2a: Eggman|256/332\n|-damage|p2b: Mimsy|97/284\n|move|p2a: Eggman|Expanding Force|p1b: Pinsir|[spread] p1a,p1b\n|debug|psychic terrain boost\n|debug|terrain buff\n|debug|Spread modifier: 0.75\n|debug|psychic terrain boost\n|debug|terrain buff\n|debug|Spread modifier: 0.75\n|-damage|p1a: Snorlax|0 fnt\n|-damage|p1b: Pinsir|0 fnt\n|faint|p1a: Snorlax\n|faint|p1b: Pinsir\n|-damage|p2a: Eggman|223/332|[from] item: Life Orb\n|\n|upkeep\n|\n|t:|1746327664\n|switch|p1b: Arcanine|Arcanine, F|321/321\n|switch|p1a: Electabuzz|Electabuzz, M|334/334\n|-ability|p1b: Arcanine|Intimidate|boost\n|-unboost|p2a: Eggman|atk|1\n|-unboost|p2b: Mimsy|atk|1\n|turn|6\n|\n|t:|1746327685\n|switch|p2a: Clifford|Clefairy, M|282/282\n|move|p1b: Arcanine|Flare Blitz|p2a: Clifford\n|debug|Reflect weaken\n|-damage|p2a: Clifford|195/282\n|-status|p2a: Clifford|brn\n|-damage|p1b: Arcanine|292/321|[from] Recoil\n|move|p1a: Electabuzz|Light Screen|p1a: Electabuzz\n|-sidestart|p1: Mango Meloetta|move: Light Screen\n|move|p2b: Mimsy|Expanding Force|p1b: Arcanine|[spread] p1a,p1b\n|debug|psychic terrain boost\n|debug|terrain buff\n|debug|Spread modifier: 0.75\n|debug|Light Screen weaken\n|debug|psychic terrain boost\n|debug|terrain buff\n|debug|Spread modifier: 0.75\n|debug|Light Screen weaken\n|-damage|p1a: Electabuzz|265/334\n|-damage|p1b: Arcanine|173/321\n|\n|-damage|p2a: Clifford|178/282 brn|[from] brn\n|upkeep\n|turn|7\n|\n|t:|1746327759\n|switch|p2b: Apollo|Primeape, M|271/271\n|move|p1b: Arcanine|Flare Blitz|p2b: Apollo\n|debug|Friend Guard weaken\n|debug|Reflect weaken\n|-damage|p2b: Apollo|185/271\n|-damage|p1b: Arcanine|145/321|[from] Recoil\n|-enditem|p1b: Arcanine|Sitrus Berry|[eat]\n|-heal|p1b: Arcanine|225/321|[from] item: Sitrus Berry\n|move|p1a: Electabuzz|Electroweb|p2b: Apollo|[spread] p2a,p2b\n|debug|Spread modifier: 0.75\n|debug|Light Screen weaken\n|debug|Spread modifier: 0.75\n|debug|Friend Guard weaken\n|debug|Light Screen weaken\n|-damage|p2a: Clifford|156/282 brn\n|-damage|p2b: Apollo|168/271\n|-unboost|p2a: Clifford|spe|1\n|-unboost|p2b: Apollo|spe|1\n|-ability|p2b: Apollo|Defiant|boost\n|-boost|p2b: Apollo|atk|2\n|move|p2a: Clifford|Heal Pulse|p2b: Apollo\n|-heal|p2b: Apollo|271/271\n|\n|-damage|p2a: Clifford|139/282 brn|[from] brn\n|upkeep\n|turn|8\n|\n|t:|1746327799\n|move|p1b: Arcanine|Flare Blitz|p2b: Apollo\n|debug|Friend Guard weaken\n|debug|Reflect weaken\n|-damage|p2b: Apollo|193/271\n|-damage|p1b: Arcanine|199/321|[from] Recoil\n|move|p1a: Electabuzz|Volt Switch|p2b: Apollo\n|debug|Friend Guard weaken\n|debug|Light Screen weaken\n|-damage|p2b: Apollo|163/271\n|\n|t:|1746327824\n|switch|p1a: Weezing|Weezing, F|334/334|[from] Volt Switch\n|move|p2b: Apollo|Rage Fist|p1a: Weezing\n|-damage|p1a: Weezing|0 fnt\n|faint|p1a: Weezing\n|move|p2a: Clifford|Sunny Day|p2a: Clifford\n|-weather|SunnyDay\n|\n|-weather|SunnyDay|[upkeep]\n|-damage|p2a: Clifford|122/282 brn|[from] brn\n|-sideend|p2: mistermoscow|Reflect\n|-fieldend|move: Psychic Terrain\n|upkeep\n|\n|t:|1746327835\n|switch|p1a: Persian|Persian, F|272/272\n|turn|9\n|\n|t:|1746327852\n|move|p1a: Persian|Fake Out|p2b: Apollo\n|debug|Base Power: 40\n|debug|Technician boost\n|debug|Friend Guard weaken\n|-damage|p2b: Apollo|118/271\n|move|p1b: Arcanine|Flare Blitz|p2b: Apollo\n|debug|Sunny Day fire boost\n|debug|Friend Guard weaken\n|-damage|p2b: Apollo|0 fnt\n|faint|p2b: Apollo\n|-damage|p1b: Arcanine|160/321|[from] Recoil\n|move|p2a: Clifford|Heal Pulse|p2: Apollo|[notarget]\n|-fail|p2a: Clifford\n|\n|-weather|SunnyDay|[upkeep]\n|-damage|p2a: Clifford|105/282 brn|[from] brn\n|-sideend|p2: mistermoscow|move: Light Screen\n|upkeep\n|\n|t:|1746327863\n|switch|p2b: Mimsy|Mr. Mime, M|97/284\n|turn|10\n|\n|t:|1746327883\n|move|p2a: Clifford|Follow Me|p2a: Clifford\n|-singleturn|p2a: Clifford|move: Follow Me\n|move|p1a: Persian|U-turn|p2a: Clifford\n|debug|Follow Me redirected target of move\n|debug|Base Power: 70\n|-resisted|p2a: Clifford\n|-damage|p2a: Clifford|85/282 brn\n|\n|t:|1746327888\n|switch|p1a: Electabuzz|Electabuzz, M|265/334|[from] U-turn\n|move|p1b: Arcanine|Flare Blitz|p2a: Clifford\n|debug|Follow Me redirected target of move\n|debug|Sunny Day fire boost\n|-damage|p2a: Clifford|0 fnt\n|faint|p2a: Clifford\n|-damage|p1b: Arcanine|132/321|[from] Recoil\n|move|p2b: Mimsy|Psychic Terrain|p2b: Mimsy\n|-fieldstart|move: Psychic Terrain\n|\n|-weather|SunnyDay|[upkeep]\n|-sideend|p1: Mango Meloetta|move: Light Screen\n|upkeep\n|\n|t:|1746327897\n|switch|p2a: Eggman|Exeggutor, M|223/332\n|turn|11\n|\n|t:|1746327909\n|move|p2a: Eggman|Expanding Force|p1a: Electabuzz|[spread] p1a,p1b\n|debug|psychic terrain boost\n|debug|terrain buff\n|debug|Spread modifier: 0.75\n|debug|psychic terrain boost\n|debug|terrain buff\n|debug|Spread modifier: 0.75\n|-damage|p1a: Electabuzz|27/334\n|-damage|p1b: Arcanine|0 fnt\n|faint|p1b: Arcanine\n|-damage|p2a: Eggman|190/332|[from] item: Life Orb\n|move|p1a: Electabuzz|Electroweb|p2a: Eggman|[spread] p2a,p2b\n|debug|Spread modifier: 0.75\n|-resisted|p2a: Eggman\n|debug|Spread modifier: 0.75\n|-damage|p2a: Eggman|163/332\n|-damage|p2b: Mimsy|58/284\n|-unboost|p2a: Eggman|spe|1\n|-unboost|p2b: Mimsy|spe|1\n|move|p2b: Mimsy|Expanding Force|p1a: Electabuzz\n|debug|psychic terrain boost\n|debug|terrain buff\n|-damage|p1a: Electabuzz|0 fnt\n|faint|p1a: Electabuzz\n|\n|-weather|SunnyDay|[upkeep]\n|upkeep\n|\n|t:|1746327918\n|switch|p1b: Persian|Persian, F|272/272\n|turn|12\n|\n|t:|1746327936\n|move|p1b: Persian|Bite|p2a: Eggman\n|debug|Base Power: 60\n|debug|Technician boost\n|-supereffective|p2a: Eggman\n|-damage|p2a: Eggman|0 fnt\n|faint|p2a: Eggman\n|move|p2b: Mimsy|Expanding Force|p1b: Persian\n|debug|psychic terrain boost\n|debug|terrain buff\n|-enditem|p1b: Persian|Focus Sash\n|-damage|p1b: Persian|1/272\n|\n|-weather|none\n|upkeep\n|turn|13\n|\n|t:|1746327946\n|move|p1b: Persian|Bite|p2b: Mimsy\n|debug|Base Power: 60\n|debug|Technician boost\n|-damage|p2b: Mimsy|0 fnt\n|faint|p2b: Mimsy\n|\n|win|Mango Meloetta\n|c|☆Mango Meloetta|gggg\n|c|☆mistermoscow|gg\n|c|☆Mango Meloetta|close\n|c|☆Mango Meloetta|ill upload\n|c|☆mistermoscow|yee\n","uploadtime":1746327955,"views":"15","formatid":"gen9doublescustomgame","rating":null,"private":0,"password":null}