{"id":"gen9doublescustomgame-2017833570","format":"[Gen 9] Doubles Custom Game","players":["Mister Moscow","noli_cannoli10"],"log":"|j|☆Mister Moscow\n|j|☆noli_cannoli10\n|t:|1703282756\n|gametype|doubles\n|player|p1|Mister Moscow|alder|\n|player|p2|noli_cannoli10|265|\n|teamsize|p1|6\n|teamsize|p2|6\n|gen|9\n|tier|[Gen 9] Doubles Custom Game\n|clearpoke\n|poke|p1|Indeedee-F, F|\n|poke|p1|Necrozma|\n|poke|p1|Darkrai|\n|poke|p1|Ogerpon-Hearthflame, F|\n|poke|p1|Sylveon, M|\n|poke|p1|Great Tusk|\n|poke|p2|Murkrow, F|\n|poke|p2|Regidrago|\n|poke|p2|Gholdengo|\n|poke|p2|Iron Hands|\n|poke|p2|Garchomp, F|\n|poke|p2|Amoonguss, F|\n|teampreview\n|j| mattmandaman\n|j| je64\n|\n|t:|1703282891\n|start\n|switch|p1a: Dee Dee|Indeedee-F, F|313/313\n|switch|p1b: Nicholas|Necrozma|367/367\n|switch|p2a: Maybe Murder bird|Murkrow, F|261/261\n|switch|p2b: Where's the mouth?|Regidrago|541/541\n|-fieldstart|move: Psychic Terrain|[from] ability: Psychic Surge|[of] p1a: Dee Dee\n|turn|1\n|\n|t:|1703282926\n|-terastallize|p1a: Dee Dee|Fairy\n|move|p1a: Dee Dee|Follow Me|p1a: Dee Dee\n|-singleturn|p1a: Dee Dee|move: Follow Me\n|move|p2a: Maybe Murder bird|Tailwind|p2a: Maybe Murder bird\n|-sidestart|p2: noli_cannoli10|move: Tailwind\n|move|p2b: Where's the mouth?|Light Screen|p2b: Where's the mouth?\n|-sidestart|p2: noli_cannoli10|move: Light Screen\n|move|p1b: Nicholas|Expanding Force|p2b: Where's the mouth?|[spread] p2b\n|-immune|p2a: Maybe Murder bird\n|debug|psychic terrain boost\n|debug|terrain buff\n|debug|Spread modifier: 0.75\n|debug|Light Screen weaken\n|-damage|p2b: Where's the mouth?|261/541\n|\n|-heal|p2b: Where's the mouth?|294/541|[from] item: Leftovers\n|upkeep\n|turn|2\n|\n|t:|1703283016\n|switch|p2a: Catch dez hands|Iron Hands|511/511\n|switch|p2b: Golden Child|Gholdengo|315/315\n|move|p1a: Dee Dee|Helping Hand|p1b: Nicholas\n|-singleturn|p1b: Nicholas|Helping Hand|[of] p1a: Dee Dee\n|move|p1b: Nicholas|Expanding Force|p2a: Catch dez hands|[spread] p2a,p2b\n|debug|Boosting from Helping Hand: 1.5\n|debug|psychic terrain boost\n|debug|terrain buff\n|debug|Spread modifier: 0.75\n|-supereffective|p2a: Catch dez hands\n|debug|Light Screen weaken\n|debug|Boosting from Helping Hand: 1.5\n|debug|psychic terrain boost\n|debug|terrain buff\n|debug|Spread modifier: 0.75\n|-resisted|p2b: Golden Child\n|debug|Light Screen weaken\n|-damage|p2a: Catch dez hands|99/511\n|-damage|p2b: Golden Child|196/315\n|\n|upkeep\n|turn|3\n|\n|t:|1703283048\n|move|p1a: Dee Dee|Helping Hand|p1b: Nicholas\n|-singleturn|p1b: Nicholas|Helping Hand|[of] p1a: Dee Dee\n|move|p2a: Catch dez hands|Fake Out|p1b: Nicholas\n|-activate|p1b: Nicholas|move: Psychic Terrain\n|move|p2b: Golden Child|Make It Rain|p1b: Nicholas|[spread] p1a,p1b\n|debug|Spread modifier: 0.75\n|-supereffective|p1a: Dee Dee\n|debug|Spread modifier: 0.75\n|-damage|p1a: Dee Dee|53/313\n|-damage|p1b: Nicholas|201/367\n|-unboost|p2b: Golden Child|spa|1\n|move|p1b: Nicholas|Heat Wave|p2a: Catch dez hands|[spread] p2a,p2b\n|debug|Boosting from Helping Hand: 1.5\n|debug|Spread modifier: 0.75\n|debug|Light Screen weaken\n|debug|Boosting from Helping Hand: 1.5\n|debug|Spread modifier: 0.75\n|-supereffective|p2b: Golden Child\n|-crit|p2b: Golden Child\n|-damage|p2a: Catch dez hands|22/511\n|-damage|p2b: Golden Child|0 fnt\n|faint|p2b: Golden Child\n|\n|upkeep\n|\n|t:|1703283069\n|switch|p2b: Garchomp doo-doo|Garchomp, F|357/357\n|turn|4\n|\n|t:|1703283137\n|move|p1a: Dee Dee|Follow Me|p1a: Dee Dee\n|-singleturn|p1a: Dee Dee|move: Follow Me\n|move|p2b: Garchomp doo-doo|Sandstorm|p2b: Garchomp doo-doo\n|-weather|Sandstorm\n|move|p2a: Catch dez hands|Ice Punch|p1a: Dee Dee\n|debug|Follow Me redirected target of move\n|-damage|p1a: Dee Dee|0 fnt\n|debug|move failed because it did nothing\n|faint|p1a: Dee Dee\n|move|p1b: Nicholas|Expanding Force|p2b: Garchomp doo-doo|[spread] p2a,p2b\n|debug|Sand Veil - decreasing accuracy\n|debug|psychic terrain boost\n|debug|terrain buff\n|debug|Spread modifier: 0.75\n|-supereffective|p2a: Catch dez hands\n|debug|Light Screen weaken\n|debug|psychic terrain boost\n|debug|terrain buff\n|debug|Spread modifier: 0.75\n|debug|Light Screen weaken\n|-damage|p2a: Catch dez hands|0 fnt\n|-damage|p2b: Garchomp doo-doo|191/357\n|faint|p2a: Catch dez hands\n|-end|p2a: Catch dez hands|Quark Drive|[silent]\n|\n|-weather|Sandstorm|[upkeep]\n|debug|natural status immunity\n|debug|weather immunity\n|-damage|p1b: Nicholas|179/367|[from] Sandstorm\n|-sideend|p2: noli_cannoli10|move: Tailwind\n|upkeep\n|\n|t:|1703283156\n|switch|p1a: Pepe Silva|Sylveon, M|331/331\n|switch|p2a: Mushroom tip|Amoonguss, F|431/431\n|turn|5\n|\n|t:|1703283188\n|switch|p1b: Majora|Ogerpon-Hearthflame, F|301/301\n|-ability|p1b: Majora|Mold Breaker\n|move|p2b: Garchomp doo-doo|Iron Head|p1a: Pepe Silva\n|-supereffective|p1a: Pepe Silva\n|-damage|p1a: Pepe Silva|131/331\n|cant|p1a: Pepe Silva|flinch\n|move|p2a: Mushroom tip|Giga Drain|p1b: Majora\n|-resisted|p1b: Majora\n|-damage|p1b: Majora|282/301\n|\n|-weather|Sandstorm|[upkeep]\n|-damage|p1b: Majora|264/301|[from] Sandstorm\n|debug|natural status immunity\n|debug|weather immunity\n|-damage|p1a: Pepe Silva|111/331|[from] Sandstorm\n|-damage|p2a: Mushroom tip|405/431|[from] Sandstorm\n|-heal|p1a: Pepe Silva|131/331|[from] item: Leftovers\n|-sideend|p2: noli_cannoli10|move: Light Screen\n|-fieldend|move: Psychic Terrain\n|upkeep\n|turn|6\n|j| Weedichu\n|\n|t:|1703283226\n|move|p1a: Pepe Silva|Protect|p1a: Pepe Silva\n|-singleturn|p1a: Pepe Silva|Protect\n|move|p2a: Mushroom tip|Protect|p2a: Mushroom tip\n|-singleturn|p2a: Mushroom tip|Protect\n|move|p1b: Majora|Ivy Cudgel|p2a: Mushroom tip|[anim] Ivy Cudgel Fire\n|-activate|p2a: Mushroom tip|move: Protect\n|move|p2b: Garchomp doo-doo|Iron Head|p1a: Pepe Silva\n|-activate|p1a: Pepe Silva|move: Protect\n|\n|-weather|Sandstorm|[upkeep]\n|-damage|p1b: Majora|246/301|[from] Sandstorm\n|debug|natural status immunity\n|debug|weather immunity\n|-damage|p1a: Pepe Silva|111/331|[from] Sandstorm\n|-damage|p2a: Mushroom tip|379/431|[from] Sandstorm\n|-heal|p1a: Pepe Silva|131/331|[from] item: Leftovers\n|upkeep\n|turn|7\n|\n|t:|1703283263\n|switch|p1a: Raymond|Great Tusk|372/372\n|move|p1b: Majora|Knock Off|p2b: Garchomp doo-doo\n|debug|ModifyAccuracy handler suppressed by Mold Breaker\n|-damage|p2b: Garchomp doo-doo|60/357\n|-enditem|p2b: Garchomp doo-doo|Figy Berry|[from] move: Knock Off|[of] p1b: Majora\n|move|p2b: Garchomp doo-doo|Dragon Claw|p1b: Majora\n|-crit|p1b: Majora\n|-damage|p1b: Majora|0 fnt\n|faint|p1b: Majora\n|move|p2a: Mushroom tip|Giga Drain|p1a: Raymond\n|-supereffective|p1a: Raymond\n|-damage|p1a: Raymond|250/372\n|-heal|p2a: Mushroom tip|431/431|[from] drain|[of] p1a: Raymond\n|\n|-weather|Sandstorm|[upkeep]\n|debug|natural status immunity\n|debug|weather immunity\n|debug|natural status immunity\n|debug|weather immunity\n|-damage|p2a: Mushroom tip|405/431|[from] Sandstorm\n|upkeep\n|\n|t:|1703283291\n|switch|p1b: Darren|Darkrai|344/344\n|turn|8\n|\n|t:|1703283323\n|switch|p2b: Where's the mouth?|Regidrago|294/541\n|move|p1b: Darren|Icy Wind|p2a: Mushroom tip|[spread] p2a,p2b\n|debug|Spread modifier: 0.75\n|-supereffective|p2a: Mushroom tip\n|debug|Spread modifier: 0.75\n|-supereffective|p2b: Where's the mouth?\n|-damage|p2a: Mushroom tip|331/431\n|-damage|p2b: Where's the mouth?|152/541\n|-unboost|p2a: Mushroom tip|spe|1\n|-unboost|p2b: Where's the mouth?|spe|1\n|move|p1a: Raymond|Ice Spinner|p2a: Mushroom tip\n|-supereffective|p2a: Mushroom tip\n|-damage|p2a: Mushroom tip|71/431\n|-enditem|p2a: Mushroom tip|Salac Berry|[eat]\n|-boost|p2a: Mushroom tip|spe|1|[from] item: Salac Berry\n|move|p2a: Mushroom tip|Spore|p1a: Raymond\n|-status|p1a: Raymond|slp|[from] move: Spore\n|\n|-weather|none\n|-heal|p2b: Where's the mouth?|185/541|[from] item: Leftovers\n|upkeep\n|turn|9\n|\n|t:|1703283356\n|move|p2a: Mushroom tip|Protect|p2a: Mushroom tip\n|-singleturn|p2a: Mushroom tip|Protect\n|move|p1b: Darren|Icy Wind|p2b: Where's the mouth?|[spread] p2b\n|-activate|p2a: Mushroom tip|move: Protect\n|debug|Spread modifier: 0.75\n|-supereffective|p2b: Where's the mouth?\n|-damage|p2b: Where's the mouth?|45/541\n|-unboost|p2b: Where's the mouth?|spe|1\n|cant|p1a: Raymond|slp\n|move|p2b: Where's the mouth?|Dragon Energy|p1b: Darren|[spread] p1a,p1b\n|debug|BP: 12.476894639556377\n|debug|Dragon's Maw boost\n|debug|Spread modifier: 0.75\n|debug|BP: 12.476894639556377\n|debug|Dragon's Maw boost\n|debug|Spread modifier: 0.75\n|-damage|p1a: Raymond|234/372 slp\n|-damage|p1b: Darren|320/344\n|\n|-heal|p2b: Where's the mouth?|78/541|[from] item: Leftovers\n|upkeep\n|turn|10\n|\n|t:|1703283388\n|-end|p1a: Raymond|Protosynthesis|[silent]\n|switch|p1a: Pepe Silva|Sylveon, M|131/331\n|move|p1b: Darren|Icy Wind|p2b: Where's the mouth?|[spread] p2a,p2b\n|debug|Spread modifier: 0.75\n|-supereffective|p2a: Mushroom tip\n|debug|Spread modifier: 0.75\n|-supereffective|p2b: Where's the mouth?\n|-damage|p2a: Mushroom tip|5/431\n|-damage|p2b: Where's the mouth?|0 fnt\n|-unboost|p2a: Mushroom tip|spe|1\n|faint|p2b: Where's the mouth?\n|move|p2a: Mushroom tip|Foul Play|p1a: Pepe Silva\n|-resisted|p1a: Pepe Silva\n|-crit|p1a: Pepe Silva\n|-damage|p1a: Pepe Silva|98/331\n|\n|-heal|p1a: Pepe Silva|118/331|[from] item: Leftovers\n|upkeep\n|\n|t:|1703283404\n|switch|p2b: Maybe Murder bird|Murkrow, F|261/261\n|turn|11\n|\n|t:|1703283418\n|move|p2b: Maybe Murder bird|Quash|p1a: Pepe Silva\n|-activate|p1a: Pepe Silva|move: Quash\n|move|p1b: Darren|Icy Wind|p2a: Mushroom tip|[spread] p2a,p2b\n|debug|Spread modifier: 0.75\n|-supereffective|p2a: Mushroom tip\n|debug|Spread modifier: 0.75\n|-supereffective|p2b: Maybe Murder bird\n|-damage|p2a: Mushroom tip|0 fnt\n|-damage|p2b: Maybe Murder bird|143/261\n|-unboost|p2b: Maybe Murder bird|spe|1\n|faint|p2a: Mushroom tip\n|move|p1a: Pepe Silva|Hyper Voice|p2b: Maybe Murder bird\n|-supereffective|p2b: Maybe Murder bird\n|-damage|p2b: Maybe Murder bird|0 fnt\n|faint|p2b: Maybe Murder bird\n|\n|-heal|p1a: Pepe Silva|138/331|[from] item: Leftovers\n|upkeep\n|\n|t:|1703283434\n|switch|p2a: Garchomp doo-doo|Garchomp, F|60/357\n|turn|12\n|\n|t:|1703283442\n|move|p1b: Darren|Icy Wind|p2a: Garchomp doo-doo|[miss]\n|-miss|p1b: Darren|p2a: Garchomp doo-doo\n|move|p2a: Garchomp doo-doo|Earthquake|p1a: Pepe Silva|[spread] p1a,p1b\n|debug|Spread modifier: 0.75\n|debug|Spread modifier: 0.75\n|-damage|p1a: Pepe Silva|11/331\n|-damage|p1b: Darren|181/344\n|move|p1a: Pepe Silva|Hyper Voice|p2a: Garchomp doo-doo\n|-supereffective|p2a: Garchomp doo-doo\n|-crit|p2a: Garchomp doo-doo\n|-damage|p2a: Garchomp doo-doo|0 fnt\n|faint|p2a: Garchomp doo-doo\n|\n|win|Mister Moscow\n|l|☆Mister Moscow\n","uploadtime":1703283464,"views":"19","formatid":"gen9doublescustomgame","rating":null,"private":0,"password":null}