{"id":"gen9doublescustomgame-2278280160","format":"[Gen 9] Doubles Custom Game","players":["mistermoscow","Mattmandaman"],"log":"|j|☆mistermoscow\n|j|☆Mattmandaman\n|t:|1736478603\n|gametype|doubles\n|player|p1|mistermoscow|alder|\n|player|p2|Mattmandaman|giovanni|\n|teamsize|p1|6\n|teamsize|p2|6\n|gen|9\n|tier|[Gen 9] Doubles Custom Game\n|clearpoke\n|poke|p1|Fearow, M|\n|poke|p1|Clefairy, M|\n|poke|p1|Poliwrath, F|\n|poke|p1|Victreebel, M|\n|poke|p1|Snorlax, M|\n|poke|p1|Ditto|\n|poke|p2|Primeape, F|\n|poke|p2|Marowak, F|\n|poke|p2|Dodrio, M|\n|poke|p2|Gengar, M|\n|poke|p2|Pikachu, F|\n|poke|p2|Tentacruel, M|\n|teampreview\n|\n|t:|1736478684\n|start\n|switch|p1a: Big Bird|Fearow, M|272/272\n|switch|p1b: Victor|Victreebel, M|333/333\n|switch|p2a: Dodrio|Dodrio, M|262/262\n|switch|p2b: Marowak|Marowak, F|262/262\n|turn|1\n|\n|t:|1736478703\n|move|p1b: Victor|Protect|p1b: Victor\n|-singleturn|p1b: Victor|Protect\n|move|p2a: Dodrio|Tailwind|p2a: Dodrio\n|-sidestart|p2: Mattmandaman|move: Tailwind\n|move|p2b: Marowak|Rock Slide|p1b: Victor|[spread] p1a\n|-activate|p1b: Victor|move: Protect\n|debug|Spread modifier: 0.75\n|-supereffective|p1a: Big Bird\n|-enditem|p1a: Big Bird|Focus Sash\n|-damage|p1a: Big Bird|1/272\n|move|p1a: Big Bird|Tailwind|p1a: Big Bird\n|-sidestart|p1: mistermoscow|move: Tailwind\n|\n|upkeep\n|turn|2\n|\n|t:|1736478809\n|switch|p1a: Polly|Poliwrath, F|353/353\n|switch|p1b: Imp|Ditto|300/300\n|-transform|p1b: Imp|p2a: Dodrio|[from] ability: Imposter\n|move|p2a: Dodrio|Brave Bird|p1b: Imp\n|-damage|p1b: Imp|24/300\n|-enditem|p1b: Imp|Aguav Berry|[eat]\n|-heal|p1b: Imp|124/300|[from] item: Aguav Berry\n|-damage|p2a: Dodrio|171/262|[from] Recoil\n|move|p2b: Marowak|Stealth Rock|p1a: Polly\n|-sidestart|p1: mistermoscow|move: Stealth Rock\n|\n|upkeep\n|turn|3\n|\n|t:|1736478869\n|switch|p2a: Pikachu|Pikachu, F|211/211\n|switch|p2b: Tentacruel|Tentacruel, M|364/364\n|switch|p1a: Snax|Snorlax, M|462/462\n|-damage|p1a: Snax|405/462|[from] Stealth Rock\n|move|p1b: Imp|Brave Bird|p2a: Pikachu\n|-resisted|p2a: Pikachu\n|-damage|p2a: Pikachu|0 fnt\n|faint|p2a: Pikachu\n|-damage|p1b: Imp|54/300|[from] Recoil\n|\n|-heal|p1a: Snax|433/462|[from] item: Leftovers\n|upkeep\n|\n|t:|1736478887\n|switch|p2a: Gengar|Gengar, M|262/262\n|turn|4\n|\n|t:|1736478977\n|move|p1b: Imp|Protect|p1b: Imp\n|-singleturn|p1b: Imp|Protect\n|move|p2b: Tentacruel|Icy Wind|p1b: Imp|[spread] p1a\n|-activate|p1b: Imp|move: Protect\n|debug|Thick Fat weaken\n|debug|Spread modifier: 0.75\n|-damage|p1a: Snax|420/462\n|-unboost|p1a: Snax|spe|1\n|move|p2a: Gengar|Will-O-Wisp|p1a: Snax\n|-status|p1a: Snax|brn\n|move|p1a: Snax|Facade|p2b: Tentacruel\n|-damage|p2b: Tentacruel|0 fnt\n|faint|p2b: Tentacruel\n|\n|-heal|p1a: Snax|448/462 brn|[from] item: Leftovers\n|-damage|p1a: Snax|420/462 brn|[from] brn\n|-sideend|p2: Mattmandaman|move: Tailwind\n|-sideend|p1: mistermoscow|move: Tailwind\n|upkeep\n|\n|t:|1736479000\n|switch|p2b: Dodrio|Dodrio, M|171/262\n|turn|5\n|\n|t:|1736479088\n|switch|p1a: Polly|Poliwrath, F|353/353\n|-damage|p1a: Polly|331/353|[from] Stealth Rock\n|move|p1b: Imp|Tailwind|p1b: Imp\n|-sidestart|p1: mistermoscow|move: Tailwind\n|move|p2b: Dodrio|Tailwind|p2b: Dodrio\n|-sidestart|p2: Mattmandaman|move: Tailwind\n|move|p2a: Gengar|Sludge Bomb|p1b: Imp\n|-damage|p1b: Imp|0 fnt\n|faint|p1b: Imp\n|\n|upkeep\n|\n|t:|1736479125\n|switch|p1b: Clifford|Clefairy, M|344/344\n|-damage|p1b: Clifford|301/344|[from] Stealth Rock\n|turn|6\n|\n|t:|1736479138\n|switch|p1a: Snax|Snorlax, M|420/462 brn\n|-damage|p1a: Snax|363/462 brn|[from] Stealth Rock\n|move|p2b: Dodrio|Taunt|p1b: Clifford\n|-start|p1b: Clifford|move: Taunt\n|-enditem|p1b: Clifford|Mental Herb\n|-end|p1b: Clifford|move: Taunt\n|move|p2a: Gengar|Will-O-Wisp|p1a: Snax\n|-fail|p1a: Snax|brn\n|debug|move failed because it did nothing\n|move|p1b: Clifford|Sunny Day|p1b: Clifford\n|-weather|SunnyDay\n|\n|-weather|SunnyDay|[upkeep]\n|-heal|p1a: Snax|391/462 brn|[from] item: Leftovers\n|-damage|p1a: Snax|363/462 brn|[from] brn\n|upkeep\n|turn|7\n|\n|t:|1736479157\n|switch|p2b: Primeape|Primeape, F|272/272\n|move|p2a: Gengar|Sludge Bomb|p1b: Clifford\n|-supereffective|p1b: Clifford\n|-damage|p1b: Clifford|0 fnt\n|faint|p1b: Clifford\n|move|p1a: Snax|Facade|p2b: Primeape\n|-damage|p2b: Primeape|40/272\n|\n|-weather|SunnyDay|[upkeep]\n|-heal|p1a: Snax|391/462 brn|[from] item: Leftovers\n|-damage|p1a: Snax|363/462 brn|[from] brn\n|upkeep\n|\n|t:|1736479175\n|switch|p1b: Victor|Victreebel, M|333/333\n|-damage|p1b: Victor|292/333|[from] Stealth Rock\n|turn|8\n|\n|t:|1736479220\n|move|p1b: Victor|Protect|p1b: Victor\n|-singleturn|p1b: Victor|Protect\n|move|p2a: Gengar|Protect|p2a: Gengar\n|-singleturn|p2a: Gengar|Protect\n|move|p2b: Primeape|Protect|p2b: Primeape\n|-singleturn|p2b: Primeape|Protect\n|move|p1a: Snax|Heat Crash|p2a: Gengar\n|-activate|p2a: Gengar|move: Protect\n|\n|-weather|SunnyDay|[upkeep]\n|-heal|p1b: Victor|312/333|[from] item: Black Sludge\n|-heal|p1a: Snax|391/462 brn|[from] item: Leftovers\n|-damage|p1a: Snax|363/462 brn|[from] brn\n|-sideend|p2: Mattmandaman|move: Tailwind\n|-sideend|p1: mistermoscow|move: Tailwind\n|upkeep\n|turn|9\n|\n|t:|1736479250\n|move|p1b: Victor|Leaf Blade|p2b: Primeape\n|-damage|p2b: Primeape|0 fnt\n|faint|p2b: Primeape\n|move|p2a: Gengar|Sludge Bomb|p1b: Victor\n|-damage|p1b: Victor|59/333\n|move|p1a: Snax|Heat Crash|p2a: Gengar\n|debug|BP: 120\n|debug|Sunny Day fire boost\n|-damage|p2a: Gengar|103/262\n|-start|p1a: Snax|Disable|Heat Crash|[from] ability: Cursed Body|[of] p2a: Gengar\n|\n|-weather|SunnyDay|[upkeep]\n|-heal|p1b: Victor|79/333|[from] item: Black Sludge\n|-heal|p1a: Snax|391/462 brn|[from] item: Leftovers\n|-damage|p1a: Snax|363/462 brn|[from] brn\n|upkeep\n|\n|t:|1736479261\n|switch|p2b: Dodrio|Dodrio, M|171/262\n|turn|10\n|\n|t:|1736479340\n|move|p1b: Victor|Protect|p1b: Victor\n|-singleturn|p1b: Victor|Protect\n|move|p2b: Dodrio|Protect|p2b: Dodrio\n|-singleturn|p2b: Dodrio|Protect\n|move|p2a: Gengar|Protect|p2a: Gengar\n|-singleturn|p2a: Gengar|Protect\n|move|p1a: Snax|Facade|p2b: Dodrio\n|-activate|p2b: Dodrio|move: Protect\n|\n|-weather|none\n|-heal|p1b: Victor|99/333|[from] item: Black Sludge\n|-heal|p1a: Snax|391/462 brn|[from] item: Leftovers\n|-damage|p1a: Snax|363/462 brn|[from] brn\n|upkeep\n|turn|11\n|\n|t:|1736479359\n|switch|p1b: Polly|Poliwrath, F|331/353\n|-damage|p1b: Polly|309/353|[from] Stealth Rock\n|move|p2b: Dodrio|Tailwind|p2b: Dodrio\n|-sidestart|p2: Mattmandaman|move: Tailwind\n|move|p2a: Gengar|Sludge Bomb|p1b: Polly\n|-damage|p1b: Polly|105/353\n|debug|Covert Cloak prevent secondary\n|move|p1a: Snax|Facade|p2b: Dodrio\n|-damage|p2b: Dodrio|0 fnt\n|faint|p2b: Dodrio\n|\n|-heal|p1a: Snax|391/462 brn|[from] item: Leftovers\n|-damage|p1a: Snax|363/462 brn|[from] brn\n|upkeep\n|\n|t:|1736479364\n|switch|p2b: Marowak|Marowak, F|262/262\n|turn|12\n|\n|t:|1736479391\n|move|p2a: Gengar|Protect|p2a: Gengar\n|-singleturn|p2a: Gengar|Protect\n|move|p2b: Marowak|Earthquake|p1b: Polly|[spread] p1a,p1b\n|-activate|p2a: Gengar|move: Protect\n|debug|Spread modifier: 0.75\n|debug|Spread modifier: 0.75\n|-damage|p1a: Snax|144/462 brn\n|-damage|p1b: Polly|0 fnt\n|faint|p1b: Polly\n|move|p1a: Snax|Facade|p2b: Marowak\n|-damage|p2b: Marowak|49/262\n|\n|-heal|p1a: Snax|172/462 brn|[from] item: Leftovers\n|-damage|p1a: Snax|144/462 brn|[from] brn\n|-end|p1a: Snax|Disable\n|upkeep\n|\n|t:|1736479405\n|switch|p1b: Victor|Victreebel, M|99/333\n|-damage|p1b: Victor|58/333|[from] Stealth Rock\n|turn|13\n|\n|t:|1736479426\n|move|p2b: Marowak|Protect|p2b: Marowak\n|-singleturn|p2b: Marowak|Protect\n|move|p1b: Victor|Sucker Punch||[still]\n|-fail|p1b: Victor\n|move|p2a: Gengar|Will-O-Wisp|p1b: Victor\n|-status|p1b: Victor|brn\n|move|p1a: Snax|Heat Crash|p2a: Gengar\n|debug|BP: 120\n|-damage|p2a: Gengar|0 fnt\n|faint|p2a: Gengar\n|\n|-heal|p1b: Victor|78/333 brn|[from] item: Black Sludge\n|-heal|p1a: Snax|172/462 brn|[from] item: Leftovers\n|-damage|p1b: Victor|58/333 brn|[from] brn\n|-damage|p1a: Snax|144/462 brn|[from] brn\n|upkeep\n|turn|14\n|\n|t:|1736479473\n|move|p1b: Victor|Sucker Punch|p2b: Marowak\n|-damage|p2b: Marowak|13/262\n|move|p2b: Marowak|Earthquake|p1b: Victor|[spread] p1a,p1b\n|debug|Spread modifier: 0.75\n|debug|Spread modifier: 0.75\n|-damage|p1a: Snax|0 fnt\n|-damage|p1b: Victor|0 fnt\n|faint|p1a: Snax\n|faint|p1b: Victor\n|\n|-sideend|p2: Mattmandaman|move: Tailwind\n|upkeep\n|c|☆mistermoscow|fuck\n|c|☆mistermoscow|so close\n|\n|t:|1736479484\n|switch|p1b: Big Bird|Fearow, M|1/272\n|-damage|p1b: Big Bird|0 fnt|[from] Stealth Rock\n|faint|p1b: Big Bird\n|\n|win|Mattmandaman\n|c|☆Mattmandaman|it really was\n|c|☆mistermoscow|gg\n|c|☆Mattmandaman|gg\n|c|☆Mattmandaman|facade snorlax was smart\n|c|☆mistermoscow|yeah i figured thatd be a good backup move\n|c|☆mistermoscow|ima hop off now, ill upload\n","uploadtime":1736479552,"views":"39","formatid":"gen9doublescustomgame","rating":null,"private":0,"password":null}