{"id":"gen9doublescustomgame-2328068584","format":"[Gen 9] Doubles Custom Game","players":["mistermoscow","mattmandaman"],"log":"|j|☆mistermoscow\n|j|☆mattmandaman\n|t:|1742956403\n|gametype|doubles\n|player|p1|mistermoscow|alder|\n|player|p2|mattmandaman|giovanni|\n|teamsize|p1|6\n|teamsize|p2|6\n|gen|9\n|tier|[Gen 9] Doubles Custom Game\n|clearpoke\n|poke|p1|Dugtrio, M|\n|poke|p1|Primeape, M|\n|poke|p1|Kingler, M|\n|poke|p1|Mr. Mime, M|\n|poke|p1|Jolteon, M|\n|poke|p1|Dragonite, M|\n|poke|p2|Starmie|\n|poke|p2|Pikachu, M|\n|poke|p2|Chansey, F|\n|poke|p2|Muk, M|\n|poke|p2|Poliwrath, M|\n|poke|p2|Snorlax, M|\n|teampreview\n|\n|t:|1742956466\n|start\n|switch|p1a: Sparky|Jolteon, M|271/271\n|switch|p1b: Apollo|Primeape, M|271/271\n|switch|p2a: Starmie|Starmie|324/324\n|switch|p2b: Snorlax|Snorlax, M|467/467\n|turn|1\n|\n|t:|1742956535\n|switch|p1b: Mimsy|Mr. Mime, M|221/221\n|move|p1a: Sparky|Electroweb|p2b: Snorlax|[spread] p2a,p2b\n|debug|Spread modifier: 0.75\n|-supereffective|p2a: Starmie\n|debug|Spread modifier: 0.75\n|-damage|p2a: Starmie|184/324\n|-damage|p2b: Snorlax|409/467\n|-unboost|p2a: Starmie|spe|1\n|-unboost|p2b: Snorlax|spe|1\n|move|p2a: Starmie|Reflect|p2a: Starmie\n|-sidestart|p2: mattmandaman|Reflect\n|move|p2b: Snorlax|Body Slam|p1a: Sparky\n|-damage|p1a: Sparky|40/271\n|\n|-heal|p2b: Snorlax|438/467|[from] item: Leftovers\n|upkeep\n|turn|2\n|\n|t:|1742956584\n|move|p1b: Mimsy|Fake Out|p2a: Starmie\n|debug|Reflect weaken\n|-damage|p2a: Starmie|173/324\n|move|p1a: Sparky|Reflect|p1a: Sparky\n|-sidestart|p1: mistermoscow|Reflect\n|cant|p2a: Starmie|flinch\n|move|p2b: Snorlax|Body Slam|p1b: Mimsy\n|debug|Reflect weaken\n|-damage|p1b: Mimsy|129/221\n|\n|-heal|p1b: Mimsy|142/221|[from] item: Leftovers\n|-heal|p2b: Snorlax|467/467|[from] item: Leftovers\n|upkeep\n|turn|3\n|\n|t:|1742956599\n|move|p1a: Sparky|Electroweb|p2b: Snorlax|[spread] p2a,p2b\n|debug|Spread modifier: 0.75\n|-supereffective|p2a: Starmie\n|debug|Spread modifier: 0.75\n|-damage|p2a: Starmie|17/324\n|-damage|p2b: Snorlax|406/467\n|-unboost|p2a: Starmie|spe|1\n|-unboost|p2b: Snorlax|spe|1\n|move|p1b: Mimsy|Dazzling Gleam|p2b: Snorlax|[spread] p2a,p2b\n|debug|Spread modifier: 0.75\n|debug|Spread modifier: 0.75\n|-damage|p2a: Starmie|0 fnt\n|-damage|p2b: Snorlax|322/467\n|faint|p2a: Starmie\n|move|p2b: Snorlax|Body Slam|p1b: Mimsy\n|debug|Reflect weaken\n|-damage|p1b: Mimsy|49/221\n|\n|-heal|p1b: Mimsy|62/221|[from] item: Leftovers\n|-heal|p2b: Snorlax|351/467|[from] item: Leftovers\n|upkeep\n|\n|t:|1742956617\n|switch|p2a: Poliwrath|Poliwrath, M|384/384\n|turn|4\n|\n|t:|1742956650\n|switch|p1a: Puff Daddy|Dragonite, M|324/324\n|move|p2a: Poliwrath|Coaching|p2b: Snorlax\n|-boost|p2b: Snorlax|atk|1\n|-boost|p2b: Snorlax|def|1\n|move|p1b: Mimsy|Psychic|p2a: Poliwrath\n|-supereffective|p2a: Poliwrath\n|-damage|p2a: Poliwrath|76/384\n|-unboost|p2a: Poliwrath|spd|1\n|move|p2b: Snorlax|Rock Slide|p1a: Puff Daddy|[spread] p1a,p1b\n|debug|Spread modifier: 0.75\n|-supereffective|p1a: Puff Daddy\n|debug|Multiscale weaken\n|debug|Reflect weaken\n|debug|Spread modifier: 0.75\n|-crit|p1b: Mimsy\n|-damage|p1a: Puff Daddy|256/324\n|-damage|p1b: Mimsy|0 fnt\n|debug|Covert Cloak prevent secondary\n|debug|move failed because it did nothing\n|faint|p1b: Mimsy\n|\n|-heal|p2b: Snorlax|380/467|[from] item: Leftovers\n|upkeep\n|\n|t:|1742956683\n|switch|p1b: The Big Dee|Dugtrio, M|211/211\n|turn|5\n|\n|t:|1742956721\n|move|p1b: The Big Dee|Swords Dance|p1b: The Big Dee\n|-boost|p1b: The Big Dee|atk|2\n|move|p1a: Puff Daddy|Dragon Claw|p2a: Poliwrath\n|debug|Reflect weaken\n|-damage|p2a: Poliwrath|0 fnt\n|faint|p2a: Poliwrath\n|move|p2b: Snorlax|Body Slam|p1b: The Big Dee\n|debug|Reflect weaken\n|-enditem|p1b: The Big Dee|Focus Sash\n|-damage|p1b: The Big Dee|1/211\n|\n|-heal|p2b: Snorlax|409/467|[from] item: Leftovers\n|upkeep\n|\n|t:|1742956752\n|switch|p2a: Muk|Muk, M|414/414\n|turn|6\n|\n|t:|1742956783\n|move|p1b: The Big Dee|Protect|p1b: The Big Dee\n|-singleturn|p1b: The Big Dee|Protect\n|move|p2a: Muk|Shadow Sneak|p1b: The Big Dee\n|-activate|p1b: The Big Dee|move: Protect\n|move|p1a: Puff Daddy|Dragon Claw|p2a: Muk\n|debug|Reflect weaken\n|-damage|p2a: Muk|275/414\n|move|p2b: Snorlax|Ice Punch|p1a: Puff Daddy\n|-supereffective|p1a: Puff Daddy\n|debug|Reflect weaken\n|-damage|p1a: Puff Daddy|0 fnt\n|debug|Covert Cloak prevent secondary\n|faint|p1a: Puff Daddy\n|\n|-heal|p2a: Muk|300/414|[from] item: Black Sludge\n|-heal|p2b: Snorlax|438/467|[from] item: Leftovers\n|upkeep\n|\n|t:|1742956805\n|switch|p1a: Mister Snips|Kingler, M|251/251\n|turn|7\n|\n|t:|1742956830\n|move|p1b: The Big Dee|Protect||[still]\n|debug|Success chance: 33%\n|-fail|p1b: The Big Dee\n|move|p2a: Muk|Shadow Sneak|p1b: The Big Dee\n|debug|Reflect weaken\n|-damage|p1b: The Big Dee|0 fnt\n|faint|p1b: The Big Dee\n|move|p1a: Mister Snips|Liquidation|p2b: Snorlax\n|debug|Reflect weaken\n|-damage|p2b: Snorlax|327/467\n|move|p2b: Snorlax|Body Slam|p1a: Mister Snips\n|debug|Reflect weaken\n|-damage|p1a: Mister Snips|109/251\n|\n|-heal|p2a: Muk|325/414|[from] item: Black Sludge\n|-heal|p2b: Snorlax|356/467|[from] item: Leftovers\n|upkeep\n|\n|t:|1742956843\n|switch|p1b: Sparky|Jolteon, M|40/271\n|turn|8\n|\n|t:|1742956873\n|switch|p1b: Apollo|Primeape, M|271/271\n|switch|p2a: Chansey|Chansey, F|642/642\n|move|p1a: Mister Snips|Liquidation|p2a: Chansey\n|-crit|p2a: Chansey\n|-damage|p2a: Chansey|149/642\n|move|p2b: Snorlax|Body Slam|p1a: Mister Snips\n|debug|Reflect weaken\n|-damage|p1a: Mister Snips|0 fnt\n|faint|p1a: Mister Snips\n|\n|-heal|p2b: Snorlax|385/467|[from] item: Leftovers\n|-sideend|p2: mattmandaman|Reflect\n|upkeep\n|\n|t:|1742956887\n|switch|p1a: Sparky|Jolteon, M|40/271\n|turn|9\n|\n|t:|1742956916\n|move|p1a: Sparky|Electroweb|p2b: Snorlax|[spread] p2a,p2b\n|debug|Spread modifier: 0.75\n|debug|Spread modifier: 0.75\n|-damage|p2a: Chansey|119/642\n|-damage|p2b: Snorlax|327/467\n|-unboost|p2a: Chansey|spe|1\n|-unboost|p2b: Snorlax|spe|1\n|move|p1b: Apollo|Bulk Up|p1b: Apollo\n|-boost|p1b: Apollo|atk|1\n|-boost|p1b: Apollo|def|1\n|move|p2a: Chansey|Seismic Toss|p1b: Apollo\n|-damage|p1b: Apollo|171/271\n|move|p2b: Snorlax|Body Slam|p1b: Apollo\n|debug|Reflect weaken\n|-damage|p1b: Apollo|68/271\n|-status|p1b: Apollo|par\n|\n|-heal|p2b: Snorlax|356/467|[from] item: Leftovers\n|-sideend|p1: mistermoscow|Reflect\n|upkeep\n|turn|10\n|\n|t:|1742956946\n|move|p2b: Snorlax|Protect|p2b: Snorlax\n|-singleturn|p2b: Snorlax|Protect\n|move|p1a: Sparky|Electroweb|p2b: Snorlax|[spread] p2a\n|-activate|p2b: Snorlax|move: Protect\n|debug|Spread modifier: 0.75\n|-damage|p2a: Chansey|85/642\n|-unboost|p2a: Chansey|spe|1\n|move|p1b: Apollo|Drain Punch|p2b: Snorlax\n|-activate|p2b: Snorlax|move: Protect\n|move|p2a: Chansey|Seismic Toss|p1b: Apollo\n|-damage|p1b: Apollo|0 fnt\n|faint|p1b: Apollo\n|\n|-heal|p2b: Snorlax|385/467|[from] item: Leftovers\n|upkeep\n|turn|11\n|-message|mistermoscow forfeited.\n|\n|win|mattmandaman\n|c|☆mistermoscow|boooooo\n|c|☆mattmandaman|nice run we are on here\n|c|☆mistermoscow|ima hop off and never play again\n|c|☆mattmandaman|fair\n|c|☆mattmandaman|lets mix it up next time\n","uploadtime":1742956972,"views":"12","formatid":"gen9doublescustomgame","rating":null,"private":0,"password":null}