{"id":"gen9doublescustomgame-2102785548","format":"[Gen 9] Doubles Custom Game","players":["mistermoscow","je64"],"log":"|uhtml|medal-msg|<div class=\"broadcast-blue\">Curious what those medals under the avatar are? PS now has Ladder Seasons! For more information, check out the <a href=\"https://www.smogon.com/forums/threads/3740067/\">thread on Smogon.</a></div>\n|uhtml|medal-msg|<div class=\"broadcast-blue\">Curious what those medals under the avatar are? PS now has Ladder Seasons! For more information, check out the <a href=\"https://www.smogon.com/forums/threads/3740067/\">thread on Smogon.</a></div>\n|j|☆mistermoscow\n|j|☆je64\n|t:|1713042492\n|gametype|doubles\n|player|p1|mistermoscow|alder|\n|player|p2|je64|265|\n|teamsize|p1|6\n|teamsize|p2|6\n|gen|9\n|tier|[Gen 9] Doubles Custom Game\n|clearpoke\n|poke|p1|Iron Bundle|\n|poke|p1|Tapu Koko|\n|poke|p1|Ninetales-Alola, F|\n|poke|p1|Incineroar, F|\n|poke|p1|Landorus, M|\n|poke|p1|Basculegion, M|\n|poke|p2|Mew|\n|poke|p2|Scizor, M|\n|poke|p2|Jirachi|\n|poke|p2|Tapu Fini|\n|poke|p2|Ursaluna-Bloodmoon, M|\n|poke|p2|Chi-Yu|\n|teampreview\n|j| mattmandaman\n|j| Mango Meloetta\n|\n|t:|1713042716\n|start\n|switch|p1a: Iron Bunduru|Iron Bundle|253/253\n|switch|p1b: Princess Buttercup|Ninetales-Alola, F|350/350\n|switch|p2a: Ditto's Daddy|Mew|404/404\n|switch|p2b: Shi-Yu In Hell|Chi-Yu|252/252\n|-ability|p2b: Shi-Yu In Hell|Beads of Ruin\n|-weather|Snow|[from] ability: Snow Warning|[of] p1b: Princess Buttercup\n|turn|1\n|l| Mango Meloetta\n|j| Mango Meloetta\n|\n|t:|1713042855\n|-end|p1a: Iron Bunduru|Quark Drive|[silent]\n|switch|p1a: Cindy|Incineroar, F|331/331\n|-ability|p1a: Cindy|Intimidate|boost\n|-unboost|p2a: Ditto's Daddy|atk|1\n|-unboost|p2b: Shi-Yu In Hell|atk|1\n|-terastallize|p2b: Shi-Yu In Hell|Fire\n|-terastallize|p1b: Princess Buttercup|Ghost\n|move|p2b: Shi-Yu In Hell|Heat Wave|p1a: Cindy|[spread] p1a,p1b\n|debug|Beads of Ruin SpD drop\n|debug|Spread modifier: 0.75\n|-resisted|p1a: Cindy\n|debug|Beads of Ruin SpD drop\n|debug|Spread modifier: 0.75\n|-damage|p1a: Cindy|187/331\n|-damage|p1b: Princess Buttercup|94/350\n|move|p1b: Princess Buttercup|Aurora Veil|p1b: Princess Buttercup\n|-sidestart|p1: mistermoscow|move: Aurora Veil\n|move|p2a: Ditto's Daddy|Trick Room|p2a: Ditto's Daddy\n|-fieldstart|move: Trick Room|[of] p2a: Ditto's Daddy\n|\n|-weather|Snow|[upkeep]\n|upkeep\n|turn|2\n|\n|t:|1713042997\n|switch|p2a: Voodoo Easter|Tapu Fini|344/344\n|-fieldstart|move: Misty Terrain|[from] ability: Misty Surge|[of] p2a: Voodoo Easter\n|switch|p2b: Steve Stolen Star|Jirachi|404/404\n|move|p1a: Cindy|Knock Off|p2a: Voodoo Easter\n|-resisted|p2a: Voodoo Easter\n|-damage|p2a: Voodoo Easter|284/344\n|-enditem|p2a: Voodoo Easter|Leftovers|[from] move: Knock Off|[of] p1a: Cindy\n|move|p1b: Princess Buttercup|Disable||[still]\n|-fail|p1b: Princess Buttercup\n|\n|-weather|Snow|[upkeep]\n|upkeep\n|turn|3\n|\n|t:|1713043103\n|switch|p2b: ScytherPunk 2077|Scizor, M|344/344\n|switch|p1b: Death Fish|Basculegion, M|381/381\n|move|p2a: Voodoo Easter|Muddy Water|p1a: Cindy|[spread] p1a,p1b\n|debug|Spread modifier: 0.75\n|-supereffective|p1a: Cindy\n|debug|Aurora Veil weaken\n|debug|Spread modifier: 0.75\n|-resisted|p1b: Death Fish\n|debug|Aurora Veil weaken\n|-damage|p1a: Cindy|67/331\n|-damage|p1b: Death Fish|345/381\n|-unboost|p1a: Cindy|accuracy|1\n|move|p1a: Cindy|Flare Blitz|p2b: ScytherPunk 2077|[miss]\n|-miss|p1a: Cindy|p2b: ScytherPunk 2077\n|\n|-weather|Snow|[upkeep]\n|upkeep\n|turn|4\n|\n|t:|1713043171\n|detailschange|p2b: ScytherPunk 2077|Scizor-Mega, M\n|-mega|p2b: ScytherPunk 2077|Scizor|Scizorite\n|move|p2a: Voodoo Easter|Muddy Water|p1b: Death Fish|[spread] p1a,p1b\n|debug|Spread modifier: 0.75\n|-supereffective|p1a: Cindy\n|debug|Aurora Veil weaken\n|debug|Spread modifier: 0.75\n|-resisted|p1b: Death Fish\n|debug|Aurora Veil weaken\n|-damage|p1a: Cindy|0 fnt\n|-damage|p1b: Death Fish|306/381\n|debug|move failed because it did nothing\n|faint|p1a: Cindy\n|move|p2b: ScytherPunk 2077|Swords Dance|p2b: ScytherPunk 2077\n|-boost|p2b: ScytherPunk 2077|atk|2\n|move|p1b: Death Fish|Last Respects|p2b: ScytherPunk 2077\n|-damage|p2b: ScytherPunk 2077|176/344\n|\n|-weather|Snow|[upkeep]\n|upkeep\n|\n|t:|1713043189\n|switch|p1a: Iron Bunduru|Iron Bundle|253/253\n|turn|5\n|\n|t:|1713043232\n|move|p1b: Death Fish|Protect|p1b: Death Fish\n|-singleturn|p1b: Death Fish|Protect\n|move|p2b: ScytherPunk 2077|Bullet Punch|p1a: Iron Bunduru\n|debug|Base Power: 40\n|debug|Technician boost\n|debug|Aurora Veil weaken\n|-damage|p1a: Iron Bunduru|144/253\n|move|p2a: Voodoo Easter|Swagger|p2b: ScytherPunk 2077\n|-boost|p2b: ScytherPunk 2077|atk|2\n|-activate|p2b: ScytherPunk 2077|move: Misty Terrain\n|debug|add volatile [confusion] interrupted\n|move|p1a: Iron Bunduru|Blizzard|p2b: ScytherPunk 2077|[spread] p2a,p2b\n|debug|Spread modifier: 0.75\n|-resisted|p2a: Voodoo Easter\n|debug|Spread modifier: 0.75\n|-resisted|p2b: ScytherPunk 2077\n|-damage|p2a: Voodoo Easter|232/344\n|-damage|p2b: ScytherPunk 2077|103/344\n|\n|-weather|none\n|-sideend|p1: mistermoscow|move: Aurora Veil\n|-fieldend|move: Trick Room\n|upkeep\n|turn|6\n|\n|t:|1713043319\n|switch|p2a: Steve Stolen Star|Jirachi|404/404\n|move|p1a: Iron Bunduru|Protect|p1a: Iron Bunduru\n|-singleturn|p1a: Iron Bunduru|Protect\n|move|p2b: ScytherPunk 2077|Protect|p2b: ScytherPunk 2077\n|-singleturn|p2b: ScytherPunk 2077|Protect\n|move|p1b: Death Fish|Last Respects|p2a: Steve Stolen Star\n|-supereffective|p2a: Steve Stolen Star\n|-damage|p2a: Steve Stolen Star|40/404\n|-enditem|p2a: Steve Stolen Star|Sitrus Berry|[eat]\n|-heal|p2a: Steve Stolen Star|141/404|[from] item: Sitrus Berry\n|\n|-fieldend|Misty Terrain\n|upkeep\n|turn|7\n|\n|t:|1713043456\n|-end|p1a: Iron Bunduru|Quark Drive|[silent]\n|switch|p1a: God|Landorus, M|319/319\n|move|p2a: Steve Stolen Star|Follow Me|p2a: Steve Stolen Star\n|-singleturn|p2a: Steve Stolen Star|move: Follow Me\n|move|p2b: ScytherPunk 2077|Bullet Punch|p1a: God\n|debug|Base Power: 40\n|debug|Technician boost\n|-damage|p1a: God|0 fnt\n|faint|p1a: God\n|move|p1b: Death Fish|Last Respects|p2a: Steve Stolen Star\n|debug|Follow Me redirected target of move\n|-supereffective|p2a: Steve Stolen Star\n|-damage|p2a: Steve Stolen Star|0 fnt\n|faint|p2a: Steve Stolen Star\n|\n|upkeep\n|\n|t:|1713043473\n|switch|p1a: Princess Buttercup|Ninetales-Alola, F, tera:Ghost|94/350\n|switch|p2a: Shi-Yu In Hell|Chi-Yu, tera:Fire|252/252\n|-ability|p2a: Shi-Yu In Hell|Beads of Ruin\n|-weather|Snow|[from] ability: Snow Warning|[of] p1a: Princess Buttercup\n|turn|8\n|\n|t:|1713043492\n|move|p1b: Death Fish|Aqua Jet|p2a: Shi-Yu In Hell\n|-supereffective|p2a: Shi-Yu In Hell\n|-damage|p2a: Shi-Yu In Hell|12/252\n|move|p2b: ScytherPunk 2077|Bullet Punch|p1a: Princess Buttercup\n|debug|Base Power: 40\n|debug|Technician boost\n|-damage|p1a: Princess Buttercup|0 fnt\n|faint|p1a: Princess Buttercup\n|move|p2a: Shi-Yu In Hell|Dark Pulse|p1b: Death Fish\n|debug|Beads of Ruin SpD drop\n|-supereffective|p1b: Death Fish\n|-damage|p1b: Death Fish|0 fnt\n|faint|p1b: Death Fish\n|\n|-weather|Snow|[upkeep]\n|upkeep\n|\n|t:|1713043502\n|switch|p1a: Static|Tapu Koko|344/344\n|switch|p1b: Iron Bunduru|Iron Bundle|144/253\n|-fieldstart|move: Electric Terrain|[from] ability: Electric Surge|[of] p1a: Static\n|-activate|p1b: Iron Bunduru|ability: Quark Drive\n|-start|p1b: Iron Bunduru|quarkdrivespe\n|turn|9\n|debug|Quark Drive spe boost\n|debug|Quark Drive spe boost\n|\n|t:|1713043522\n|switch|p2a: Voodoo Easter|Tapu Fini|232/344\n|-fieldstart|move: Misty Terrain|[from] ability: Misty Surge|[of] p2a: Voodoo Easter\n|-end|p1b: Iron Bunduru|Quark Drive\n|move|p2b: ScytherPunk 2077|Bullet Punch|p1a: Static\n|debug|Base Power: 40\n|debug|Technician boost\n|-damage|p1a: Static|0 fnt\n|faint|p1a: Static\n|move|p1b: Iron Bunduru|Blizzard|p2a: Voodoo Easter|[spread] p2a,p2b\n|debug|Spread modifier: 0.75\n|-resisted|p2a: Voodoo Easter\n|debug|Spread modifier: 0.75\n|-resisted|p2b: ScytherPunk 2077\n|-damage|p2a: Voodoo Easter|174/344\n|-damage|p2b: ScytherPunk 2077|38/344\n|\n|-weather|Snow|[upkeep]\n|upkeep\n|turn|10\n|\n|t:|1713043544\n|move|p2b: ScytherPunk 2077|Bullet Punch|p1b: Iron Bunduru\n|debug|Base Power: 40\n|debug|Technician boost\n|-damage|p1b: Iron Bunduru|0 fnt\n|faint|p1b: Iron Bunduru\n|-end|p1b: Iron Bunduru|Quark Drive|[silent]\n|\n|win|je64\n","uploadtime":1713043553,"views":"32","formatid":"gen9doublescustomgame","rating":null,"private":0,"password":null}