{"id":"gen9doublescustomgame-2304840176","format":"[Gen 9] Doubles Custom Game","players":["smokeydabearrr","mistermoscow"],"log":"|j|☆smokeydabearrr\n|j|☆mistermoscow\n|t:|1740105647\n|gametype|doubles\n|player|p1|smokeydabearrr|101|\n|player|p2|mistermoscow|170|\n|teamsize|p1|6\n|teamsize|p2|6\n|gen|9\n|tier|[Gen 9] Doubles Custom Game\n|clearpoke\n|poke|p1|Charizard, M|\n|poke|p1|Raichu, F|\n|poke|p1|Lickitung, F|\n|poke|p1|Mew|\n|poke|p1|Rhydon, F|\n|poke|p1|Butterfree, M|\n|poke|p2|Nidoking, M|\n|poke|p2|Clefairy, M|\n|poke|p2|Primeape, M|\n|poke|p2|Mr. Mime, F|\n|poke|p2|Flareon, F|\n|poke|p2|Dragonite, M|\n|teampreview\n|c|☆mistermoscow|official?\n|c|☆smokeydabearrr|yeah im down\n|\n|t:|1740105778\n|start\n|switch|p1a: Butterfree|Butterfree, M|261/261\n|switch|p1b: Mew|Mew|342/342\n|switch|p2a: Clifford|Clefairy, M|282/282\n|switch|p2b: Puff Daddy|Dragonite, M|324/324\n|turn|1\n|\n|t:|1740105826\n|move|p2a: Clifford|Follow Me|p2a: Clifford\n|-singleturn|p2a: Clifford|move: Follow Me\n|move|p1b: Mew|Tailwind|p1b: Mew\n|-sidestart|p1: smokeydabearrr|move: Tailwind\n|move|p1a: Butterfree|Sleep Powder|p2a: Clifford\n|debug|Follow Me redirected target of move\n|debug|compoundeyes - enhancing accuracy\n|-status|p2a: Clifford|slp|[from] move: Sleep Powder\n|move|p2b: Puff Daddy|Dual Wingbeat|p1a: Butterfree\n|-supereffective|p1a: Butterfree\n|-enditem|p1a: Butterfree|Focus Sash\n|-damage|p1a: Butterfree|1/261\n|-supereffective|p1a: Butterfree\n|-damage|p1a: Butterfree|0 fnt\n|faint|p1a: Butterfree\n|-hitcount|p1: Butterfree|2\n|-damage|p2b: Puff Daddy|292/324|[from] item: Life Orb\n|\n|upkeep\n|\n|t:|1740105901\n|switch|p1a: Raichu|Raichu, F|261/261\n|-item|p1a: Raichu|Air Balloon\n|turn|2\n|\n|t:|1740105914\n|move|p1a: Raichu|Fake Out|p2b: Puff Daddy\n|debug|Friend Guard weaken\n|-damage|p2b: Puff Daddy|273/324\n|debug|add volatile [flinch] interrupted\n|debug|move failed because it did nothing\n|move|p1b: Mew|Dazzling Gleam|p2a: Clifford|[spread] p2a,p2b\n|debug|Spread modifier: 0.75\n|debug|Spread modifier: 0.75\n|-supereffective|p2b: Puff Daddy\n|debug|Friend Guard weaken\n|-damage|p2a: Clifford|241/282 slp\n|-damage|p2b: Puff Daddy|176/324\n|move|p2b: Puff Daddy|Tailwind|p2b: Puff Daddy\n|-sidestart|p2: mistermoscow|move: Tailwind\n|cant|p2a: Clifford|slp\n|\n|upkeep\n|turn|3\n|\n|t:|1740105953\n|switch|p2b: Fluffy|Flareon, F|272/272\n|move|p1b: Mew|Dazzling Gleam|p2b: Fluffy|[spread] p2a,p2b\n|debug|Spread modifier: 0.75\n|debug|Spread modifier: 0.75\n|-resisted|p2b: Fluffy\n|-crit|p2b: Fluffy\n|debug|Friend Guard weaken\n|-damage|p2a: Clifford|197/282 slp\n|-damage|p2b: Fluffy|240/272\n|move|p1a: Raichu|Nuzzle|p2b: Fluffy\n|debug|Friend Guard weaken\n|-damage|p2b: Fluffy|224/272\n|-status|p2b: Fluffy|par\n|cant|p2a: Clifford|slp\n|\n|upkeep\n|turn|4\n|\n|t:|1740106214\n|switch|p1b: Rhydon|Rhydon, F|380/380\n|move|p1a: Raichu|Volt Switch|p1b: Rhydon\n|-activate|p1b: Rhydon|ability: Lightning Rod\n|-ability|p1b: Rhydon|Lightning Rod|boost\n|-boost|p1b: Rhydon|spa|1\n|-curestatus|p2a: Clifford|slp|[msg]\n|move|p2a: Clifford|Minimize|p2a: Clifford\n|-boost|p2a: Clifford|evasion|2\n|move|p2b: Fluffy|Flare Blitz|p1b: Rhydon\n|-resisted|p1b: Rhydon\n|-damage|p1b: Rhydon|283/380\n|-damage|p2b: Fluffy|192/272 par|[from] Recoil\n|\n|-sideend|p1: smokeydabearrr|move: Tailwind\n|upkeep\n|turn|5\n|\n|t:|1740106271\n|move|p1a: Raichu|Nuzzle|p1b: Rhydon\n|-activate|p1b: Rhydon|ability: Lightning Rod\n|-ability|p1b: Rhydon|Lightning Rod|boost\n|-boost|p1b: Rhydon|spa|1\n|move|p2a: Clifford|Minimize|p2a: Clifford\n|-boost|p2a: Clifford|evasion|2\n|cant|p2b: Fluffy|par\n|move|p1b: Rhydon|Earthquake|p2b: Fluffy|[spread] p2b\n|-immune|p1a: Raichu\n|-miss|p1b: Rhydon|p2a: Clifford\n|debug|Spread modifier: 0.75\n|-supereffective|p2b: Fluffy\n|debug|Friend Guard weaken\n|-damage|p2b: Fluffy|0 fnt\n|faint|p2b: Fluffy\n|\n|-sideend|p2: mistermoscow|move: Tailwind\n|upkeep\n|c|☆smokeydabearrr|oopsies\n|c|☆mistermoscow|lol\n|\n|t:|1740106301\n|switch|p2b: Mrs. Mr. Mime|Mr. Mime, F|284/284\n|turn|6\n|\n|t:|1740106377\n|switch|p1a: Mew|Mew|342/342\n|move|p2b: Mrs. Mr. Mime|Fake Out|p1b: Rhydon\n|-resisted|p1b: Rhydon\n|-damage|p1b: Rhydon|278/380\n|cant|p1b: Rhydon|flinch\n|move|p2a: Clifford|Baton Pass|p2a: Clifford\n|\n|t:|1740106407\n|switch|p2a: Apollo|Primeape, M|271/271|[from] Baton Pass\n|\n|upkeep\n|turn|7\n|\n|t:|1740106431\n|move|p1a: Mew|Fake Out|p2a: Apollo\n|-damage|p2a: Apollo|240/271\n|cant|p2a: Apollo|flinch\n|move|p2b: Mrs. Mr. Mime|Toxic|p1a: Mew\n|-status|p1a: Mew|tox\n|-activate|p1a: Mew|ability: Synchronize\n|-status|p2b: Mrs. Mr. Mime|tox\n|move|p1b: Rhydon|Poison Jab|p2b: Mrs. Mr. Mime\n|-supereffective|p2b: Mrs. Mr. Mime\n|debug|Filter neutralize\n|-damage|p2b: Mrs. Mr. Mime|140/284 tox\n|debug|move failed because it did nothing\n|\n|-heal|p2b: Mrs. Mr. Mime|157/284 tox|[from] item: Leftovers\n|-damage|p1a: Mew|321/342 tox|[from] psn\n|-damage|p2b: Mrs. Mr. Mime|140/284 tox|[from] psn\n|upkeep\n|turn|8\n|\n|t:|1740106463\n|switch|p2b: Clifford|Clefairy, M|197/282\n|move|p1b: Rhydon|Protect|p1b: Rhydon\n|-singleturn|p1b: Rhydon|Protect\n|move|p1a: Mew|Dazzling Gleam|p2b: Clifford|[spread] p2a,p2b\n|debug|Spread modifier: 0.75\n|-supereffective|p2a: Apollo\n|debug|Friend Guard weaken\n|debug|Spread modifier: 0.75\n|-damage|p2a: Apollo|183/271\n|-damage|p2b: Clifford|156/282\n|move|p2a: Apollo|Bulk Up|p2a: Apollo\n|-boost|p2a: Apollo|atk|1\n|-boost|p2a: Apollo|def|1\n|\n|-damage|p1a: Mew|279/342 tox|[from] psn\n|upkeep\n|turn|9\n|\n|t:|1740106508\n|move|p1a: Mew|Tailwind|p1a: Mew\n|-sidestart|p1: smokeydabearrr|move: Tailwind\n|move|p1b: Rhydon|Rock Slide|p2a: Apollo|[spread] p2a,p2b\n|debug|Spread modifier: 0.75\n|-resisted|p2a: Apollo\n|debug|Friend Guard weaken\n|debug|Spread modifier: 0.75\n|-damage|p2a: Apollo|156/271\n|-damage|p2b: Clifford|80/282\n|cant|p2a: Apollo|flinch\n|move|p2b: Clifford|Minimize|p2b: Clifford\n|-boost|p2b: Clifford|evasion|2\n|\n|-damage|p1a: Mew|216/342 tox|[from] psn\n|upkeep\n|turn|10\n|\n|t:|1740106585\n|switch|p1a: Charizard|Charizard, M|297/297\n|move|p1b: Rhydon|Earthquake|p2a: Apollo|[spread] p2a\n|-immune|p1a: Charizard\n|-miss|p1b: Rhydon|p2b: Clifford\n|debug|Spread modifier: 0.75\n|debug|Friend Guard weaken\n|-damage|p2a: Apollo|83/271\n|move|p2a: Apollo|Drain Punch|p1b: Rhydon\n|-supereffective|p1b: Rhydon\n|-damage|p1b: Rhydon|60/380\n|-heal|p2a: Apollo|192/271|[from] drain|[of] p1b: Rhydon\n|move|p2b: Clifford|Baton Pass|p2b: Clifford\n|\n|t:|1740106602\n|switch|p2b: Mrs. Mr. Mime|Mr. Mime, F|140/284 tox|[from] Baton Pass\n|\n|-heal|p2b: Mrs. Mr. Mime|157/284 tox|[from] item: Leftovers\n|-damage|p2b: Mrs. Mr. Mime|140/284 tox|[from] psn\n|upkeep\n|turn|11\n|\n|t:|1740106632\n|move|p2b: Mrs. Mr. Mime|Fake Out|p1a: Charizard\n|-damage|p1a: Charizard|279/297\n|cant|p1a: Charizard|flinch\n|move|p1b: Rhydon|Earthquake|p2a: Apollo|[spread] p2b\n|-immune|p1a: Charizard\n|-miss|p1b: Rhydon|p2a: Apollo\n|debug|Spread modifier: 0.75\n|-damage|p2b: Mrs. Mr. Mime|2/284 tox\n|move|p2a: Apollo|Rage Fist|p1a: Charizard\n|-damage|p1a: Charizard|0 fnt\n|faint|p1a: Charizard\n|\n|-heal|p2b: Mrs. Mr. Mime|19/284 tox|[from] item: Leftovers\n|-damage|p2b: Mrs. Mr. Mime|0 fnt|[from] psn\n|faint|p2b: Mrs. Mr. Mime\n|upkeep\n|\n|t:|1740106688\n|switch|p1a: Raichu|Raichu, F|261/261\n|switch|p2b: Puff Daddy|Dragonite, M|176/324\n|-item|p1a: Raichu|Air Balloon\n|turn|12\n|\n|t:|1740106708\n|move|p2a: Apollo|Protect|p2a: Apollo\n|-singleturn|p2a: Apollo|Protect\n|move|p1a: Raichu|Nuzzle|p1b: Rhydon\n|-activate|p1b: Rhydon|ability: Lightning Rod\n|-ability|p1b: Rhydon|Lightning Rod|boost\n|-boost|p1b: Rhydon|spa|1\n|move|p2b: Puff Daddy|Tailwind|p2b: Puff Daddy\n|-sidestart|p2: mistermoscow|move: Tailwind\n|move|p1b: Rhydon|Rock Slide|p2b: Puff Daddy|[spread] p2b\n|-activate|p2a: Apollo|move: Protect\n|debug|Spread modifier: 0.75\n|-supereffective|p2b: Puff Daddy\n|-damage|p2b: Puff Daddy|0 fnt\n|faint|p2b: Puff Daddy\n|\n|-sideend|p1: smokeydabearrr|move: Tailwind\n|upkeep\n|\n|t:|1740106725\n|switch|p2b: King Nido|Nidoking, M|304/304\n|turn|13\n|\n|t:|1740106762\n|move|p1b: Rhydon|Protect|p1b: Rhydon\n|-singleturn|p1b: Rhydon|Protect\n|move|p2b: King Nido|Earth Power|p1b: Rhydon\n|-activate|p1b: Rhydon|move: Protect\n|move|p2a: Apollo|Drain Punch|p1a: Raichu\n|-damage|p1a: Raichu|0 fnt\n|-heal|p2a: Apollo|271/271|[from] drain|[of] p1a: Raichu\n|-enditem|p1a: Raichu|Air Balloon\n|faint|p1a: Raichu\n|\n|upkeep\n|\n|t:|1740106778\n|switch|p1a: Lickitung|Lickitung, F|384/384\n|turn|14\n|\n|t:|1740106799\n|move|p2b: King Nido|Earth Power|p1b: Rhydon\n|-supereffective|p1b: Rhydon\n|-damage|p1b: Rhydon|0 fnt\n|faint|p1b: Rhydon\n|move|p2a: Apollo|Drain Punch|p1a: Lickitung\n|-supereffective|p1a: Lickitung\n|-damage|p1a: Lickitung|172/384\n|move|p1a: Lickitung|Body Press|p2b: King Nido\n|-resisted|p2b: King Nido\n|-damage|p2b: King Nido|259/304\n|\n|upkeep\n|\n|t:|1740106802\n|switch|p1b: Mew|Mew|216/342 tox\n|turn|15\n|\n|t:|1740106854\n|move|p1a: Lickitung|Protect|p1a: Lickitung\n|-singleturn|p1a: Lickitung|Protect\n|move|p1b: Mew|Fake Out|p2a: Apollo\n|-damage|p2a: Apollo|250/271\n|move|p2b: King Nido|Earth Power|p1a: Lickitung\n|-activate|p1a: Lickitung|move: Protect\n|cant|p2a: Apollo|flinch\n|\n|-damage|p1b: Mew|195/342 tox|[from] psn\n|-sideend|p2: mistermoscow|move: Tailwind\n|upkeep\n|turn|16\n|\n|t:|1740106879\n|move|p2b: King Nido|Earth Power|p1b: Mew\n|-damage|p1b: Mew|14/342 tox\n|move|p1b: Mew|Tailwind|p1b: Mew\n|-sidestart|p1: smokeydabearrr|move: Tailwind\n|move|p2a: Apollo|Drain Punch|p1a: Lickitung\n|-supereffective|p1a: Lickitung\n|-damage|p1a: Lickitung|0 fnt\n|-heal|p2a: Apollo|271/271|[from] drain|[of] p1a: Lickitung\n|faint|p1a: Lickitung\n|\n|-damage|p1b: Mew|0 fnt|[from] psn\n|faint|p1b: Mew\n|\n|win|mistermoscow\n|upkeep\n|c|☆smokeydabearrr|gg\n|c|☆mistermoscow|gg\n","uploadtime":1740106892,"views":"25","formatid":"gen9doublescustomgame","rating":null,"private":0,"password":null}