{"id":"gen9doublescustomgame-2297040989","format":"[Gen 9] Doubles Custom Game","players":["Mattmandaman","noli_cannoli10"],"log":"|j|☆Mattmandaman\n|j|☆noli_cannoli10\n|t:|1739050763\n|gametype|doubles\n|player|p1|Mattmandaman|giovanni|\n|player|p2|noli_cannoli10|2|\n|teamsize|p1|6\n|teamsize|p2|6\n|gen|9\n|tier|[Gen 9] Doubles Custom Game\n|clearpoke\n|poke|p1|Dodrio, M|\n|poke|p1|Nidoking, M|\n|poke|p1|Starmie|\n|poke|p1|Nidoqueen, F|\n|poke|p1|Chansey, F|\n|poke|p1|Gengar, F|\n|poke|p2|Moltres|\n|poke|p2|Venusaur, M|\n|poke|p2|Flareon, F|\n|poke|p2|Machamp, M|\n|poke|p2|Primeape, F|\n|poke|p2|Scyther, M|\n|teampreview\n|j| mistermoscow\n|j| je64\n|\n|t:|1739050831\n|start\n|switch|p1a: Nidoqueen|Nidoqueen, F|384/384\n|switch|p1b: Starmie|Starmie|262/262\n|switch|p2a: shiny or no?|Scyther, M, shiny|343/343\n|switch|p2b: fire dog|Flareon, F|334/334\n|turn|1\n|\n|t:|1739050883\n|switch|p2b: Mr. Slave|Primeape, F|271/271\n|move|p1b: Starmie|Ice Beam|p2a: shiny or no?\n|-supereffective|p2a: shiny or no?\n|-damage|p2a: shiny or no?|145/343\n|move|p2a: shiny or no?|Sunny Day|p2a: shiny or no?\n|-weather|SunnyDay\n|move|p1a: Nidoqueen|Stealth Rock|p2b: Mr. Slave\n|-sidestart|p2: noli_cannoli10|move: Stealth Rock\n|\n|-weather|SunnyDay|[upkeep]\n|upkeep\n|turn|2\n|\n|t:|1739050919\n|switch|p2a: mad toad|Venusaur, M|301/301\n|-damage|p2a: mad toad|264/301|[from] Stealth Rock\n|move|p1b: Starmie|Psychic|p2b: Mr. Slave\n|-supereffective|p2b: Mr. Slave\n|-enditem|p2b: Mr. Slave|Focus Sash\n|-damage|p2b: Mr. Slave|1/271\n|move|p2b: Mr. Slave|Fire Punch|p1a: Nidoqueen\n|debug|Sunny Day fire boost\n|-damage|p1a: Nidoqueen|277/384\n|-status|p2b: Mr. Slave|psn|[from] ability: Poison Point|[of] p1a: Nidoqueen\n|move|p1a: Nidoqueen|Poison Jab|p2a: mad toad\n|-damage|p2a: mad toad|147/301\n|debug|natural status immunity\n|debug|immune to status\n|debug|move failed because it did nothing\n|\n|-weather|SunnyDay|[upkeep]\n|-heal|p2a: mad toad|165/301|[from] item: Leftovers\n|-heal|p1a: Nidoqueen|301/384|[from] item: Black Sludge\n|-damage|p2b: Mr. Slave|0 fnt|[from] psn\n|faint|p2b: Mr. Slave\n|upkeep\n|\n|t:|1739050947\n|switch|p2b: fire dog|Flareon, F|334/334\n|-damage|p2b: fire dog|251/334|[from] Stealth Rock\n|turn|3\n|\n|t:|1739051026\n|switch|p1b: Chansey|Chansey, F|642/642\n|move|p2a: mad toad|Solar Beam||[still]\n|-prepare|p2a: mad toad|Solar Beam\n|-anim|p2a: mad toad|Solar Beam|p1a: Nidoqueen\n|-damage|p1a: Nidoqueen|70/384\n|move|p1a: Nidoqueen|Poison Jab|p2b: fire dog\n|-damage|p2b: fire dog|119/334\n|-status|p2b: fire dog|psn\n|move|p2b: fire dog|Scorching Sands|p1b: Chansey\n|-damage|p1b: Chansey|607/642\n|\n|-weather|SunnyDay|[upkeep]\n|-heal|p2a: mad toad|183/301|[from] item: Leftovers\n|-heal|p1a: Nidoqueen|94/384|[from] item: Black Sludge\n|-damage|p2b: fire dog|78/334 psn|[from] psn\n|upkeep\n|turn|4\n|\n|t:|1739051082\n|move|p1a: Nidoqueen|Protect|p1a: Nidoqueen\n|-singleturn|p1a: Nidoqueen|Protect\n|move|p2a: mad toad|Solar Beam||[still]\n|-prepare|p2a: mad toad|Solar Beam\n|-anim|p2a: mad toad|Solar Beam|p1b: Chansey\n|-damage|p1b: Chansey|511/642\n|move|p2b: fire dog|Lava Plume|p1a: Nidoqueen|[spread] p2a,p1b\n|-activate|p1a: Nidoqueen|move: Protect\n|debug|Spread modifier: 0.75\n|debug|Sunny Day fire boost\n|-supereffective|p2a: mad toad\n|debug|Spread modifier: 0.75\n|debug|Sunny Day fire boost\n|-crit|p1b: Chansey\n|-damage|p2a: mad toad|0 fnt\n|-damage|p1b: Chansey|420/642\n|-status|p1b: Chansey|brn\n|faint|p2a: mad toad\n|move|p1b: Chansey|Thunder Wave|p2b: fire dog|[miss]\n|-miss|p1b: Chansey|p2b: fire dog\n|\n|-weather|SunnyDay|[upkeep]\n|-heal|p1a: Nidoqueen|118/384|[from] item: Black Sludge\n|-damage|p2b: fire dog|37/334 psn|[from] psn\n|-damage|p1b: Chansey|380/642 brn|[from] brn\n|upkeep\n|\n|t:|1739051108\n|switch|p2a: third bird|Moltres|321/321\n|-damage|p2a: third bird|161/321|[from] Stealth Rock\n|-ability|p2a: third bird|Pressure\n|turn|5\n|\n|t:|1739051149\n|move|p2a: third bird|Morning Sun|p2a: third bird\n|-heal|p2a: third bird|321/321\n|move|p1a: Nidoqueen|Poison Jab|p2a: third bird\n|-damage|p2a: third bird|216/321\n|move|p2b: fire dog|Wish|p2b: fire dog\n|move|p1b: Chansey|Soft-Boiled|p1b: Chansey\n|-heal|p1b: Chansey|642/642 brn\n|\n|-weather|none\n|-heal|p1a: Nidoqueen|142/384|[from] item: Black Sludge\n|-damage|p2b: fire dog|0 fnt|[from] psn\n|faint|p2b: fire dog\n|-damage|p1b: Chansey|602/642 brn|[from] brn\n|upkeep\n|\n|t:|1739051163\n|switch|p2b: shiny or no?|Scyther, M, shiny|145/343\n|-damage|p2b: shiny or no?|0 fnt|[from] Stealth Rock\n|faint|p2b: shiny or no?\n|\n|t:|1739051169\n|switch|p2b: orgy champ|Machamp, M|321/321\n|-damage|p2b: orgy champ|301/321|[from] Stealth Rock\n|turn|6\n|\n|t:|1739051191\n|move|p2b: orgy champ|Bullet Punch|p1a: Nidoqueen\n|-damage|p1a: Nidoqueen|69/384\n|move|p2a: third bird|Sunny Day|p2a: third bird\n|-weather|SunnyDay\n|move|p1a: Nidoqueen|Poison Jab|p2b: orgy champ\n|-crit|p2b: orgy champ\n|-damage|p2b: orgy champ|112/321\n|-status|p2b: orgy champ|psn\n|move|p1b: Chansey|Seismic Toss|p2a: third bird\n|-damage|p2a: third bird|116/321\n|\n|-weather|SunnyDay|[upkeep]\n|-heal|p2b: orgy champ|279/321 psn|[from] move: Wish|[wisher] fire dog\n|-heal|p1a: Nidoqueen|93/384|[from] item: Black Sludge\n|-damage|p2b: orgy champ|239/321 psn|[from] psn\n|-damage|p1b: Chansey|562/642 brn|[from] brn\n|upkeep\n|turn|7\n|\n|t:|1739051213\n|move|p2b: orgy champ|Bullet Punch|p1b: Chansey\n|-crit|p1b: Chansey\n|-damage|p1b: Chansey|317/642 brn\n|move|p2a: third bird|Solar Beam||[still]\n|-prepare|p2a: third bird|Solar Beam\n|-anim|p2a: third bird|Solar Beam|p1a: Nidoqueen\n|-damage|p1a: Nidoqueen|0 fnt\n|faint|p1a: Nidoqueen\n|-damage|p2a: third bird|84/321|[from] item: Life Orb\n|move|p1b: Chansey|Seismic Toss|p2b: orgy champ\n|-damage|p2b: orgy champ|139/321 psn\n|\n|-weather|SunnyDay|[upkeep]\n|-damage|p2b: orgy champ|99/321 psn|[from] psn\n|-damage|p1b: Chansey|277/642 brn|[from] brn\n|upkeep\n|\n|t:|1739051258\n|switch|p1a: Gengar|Gengar, F|262/262\n|turn|8\n|\n|t:|1739051279\n|move|p2b: orgy champ|Bullet Punch|p1b: Chansey\n|-damage|p1b: Chansey|103/642 brn\n|move|p1a: Gengar|Sludge Bomb|p2a: third bird\n|-damage|p2a: third bird|0 fnt\n|faint|p2a: third bird\n|move|p1b: Chansey|Seismic Toss|p2b: orgy champ\n|-damage|p2b: orgy champ|0 fnt\n|faint|p2b: orgy champ\n|\n|win|Mattmandaman\n","uploadtime":1739051288,"views":"9","formatid":"gen9doublescustomgame","rating":null,"private":0,"password":null}