{"id":"gen9doublescustomgame-2254024998","format":"[Gen 9] Doubles Custom Game","players":["smokeydabearrr","Noli_cannoli"],"log":"|j|☆smokeydabearrr\n|j|☆Noli_cannoli\n|t:|1732981602\n|gametype|doubles\n|player|p1|smokeydabearrr|101|\n|player|p2|Noli_cannoli|169|\n|teamsize|p1|6\n|teamsize|p2|6\n|gen|9\n|tier|[Gen 9] Doubles Custom Game\n|clearpoke\n|poke|p1|Walking Wake|\n|poke|p1|Cresselia, F|\n|poke|p1|Dudunsparce-*, F|\n|poke|p1|Garganacl, M|\n|poke|p1|Whimsicott, M|\n|poke|p1|Toxapex, F|\n|poke|p2|Smeargle, F|\n|poke|p2|Metagross|\n|poke|p2|Volcarona, F|\n|poke|p2|Magearna|\n|poke|p2|Urshifu-*, F|\n|poke|p2|Annihilape, F|\n|teampreview\n|j| mistermoscow\n|j| Mattmandaman\n|j| je64\n|\n|t:|1732981685\n|start\n|switch|p1a: Garganacl|Garganacl, M|404/404\n|switch|p1b: Toxapex|Toxapex, F|304/304\n|switch|p2a: Usher Foo|Urshifu-Rapid-Strike, F|341/341\n|switch|p2b: Facebook Eww|Metagross|301/301\n|turn|1\n|\n|t:|1732981719\n|detailschange|p2b: Facebook Eww|Metagross-Mega\n|-mega|p2b: Facebook Eww|Metagross|Metagrossite\n|move|p2a: Usher Foo|Surging Strikes|p1a: Garganacl\n|-supereffective|p1a: Garganacl\n|-crit|p1a: Garganacl\n|-damage|p1a: Garganacl|290/404\n|-supereffective|p1a: Garganacl\n|-crit|p1a: Garganacl\n|-damage|p1a: Garganacl|182/404\n|-supereffective|p1a: Garganacl\n|-crit|p1a: Garganacl\n|-damage|p1a: Garganacl|60/404\n|-enditem|p1a: Garganacl|Mago Berry|[eat]\n|-heal|p1a: Garganacl|194/404|[from] item: Mago Berry\n|-hitcount|p1a: Garganacl|3\n|move|p2b: Facebook Eww|Zen Headbutt|p1b: Toxapex\n|-supereffective|p1b: Toxapex\n|-damage|p1b: Toxapex|28/304\n|move|p1a: Garganacl|Salt Cure|p2a: Usher Foo\n|-resisted|p2a: Usher Foo\n|-damage|p2a: Usher Foo|318/341\n|-start|p2a: Usher Foo|Salt Cure\n|move|p1b: Toxapex|Infestation|p2a: Usher Foo\n|-resisted|p2a: Usher Foo\n|-crit|p2a: Usher Foo\n|-damage|p2a: Usher Foo|307/341\n|-activate|p2a: Usher Foo|move: Infestation|[of] p1b: Toxapex\n|\n|-heal|p1b: Toxapex|47/304|[from] item: Black Sludge\n|-damage|p2a: Usher Foo|265/341|[from] move: Infestation|[partiallytrapped]\n|-damage|p2a: Usher Foo|180/341|[from] Salt Cure\n|upkeep\n|turn|2\n|\n|t:|1732981769\n|-terastallize|p1a: Garganacl|Ghost\n|move|p1b: Toxapex|Baneful Bunker|p1b: Toxapex\n|-singleturn|p1b: Toxapex|move: Protect\n|move|p2a: Usher Foo|Surging Strikes|p1a: Garganacl\n|-crit|p1a: Garganacl\n|-damage|p1a: Garganacl|136/404\n|-crit|p1a: Garganacl\n|-damage|p1a: Garganacl|79/404\n|-crit|p1a: Garganacl\n|-damage|p1a: Garganacl|25/404\n|-hitcount|p1a: Garganacl|3\n|move|p2b: Facebook Eww|Zen Headbutt|p1b: Toxapex\n|-activate|p1b: Toxapex|move: Protect\n|debug|natural status immunity\n|debug|immune to status\n|move|p1a: Garganacl|Recover|p1a: Garganacl\n|-heal|p1a: Garganacl|227/404\n|\n|-heal|p1b: Toxapex|66/304|[from] item: Black Sludge\n|-damage|p2a: Usher Foo|95/341|[from] Salt Cure\n|-damage|p2a: Usher Foo|53/341|[from] move: Infestation|[partiallytrapped]\n|upkeep\n|turn|3\n|j| Mango Meloetta\n|\n|t:|1732981828\n|switch|p1b: Scott Tennerman|Whimsicott, M|261/261\n|move|p2a: Usher Foo|Surging Strikes|p1b: Scott Tennerman\n|-resisted|p1b: Scott Tennerman\n|-crit|p1b: Scott Tennerman\n|-damage|p1b: Scott Tennerman|222/261\n|-resisted|p1b: Scott Tennerman\n|-crit|p1b: Scott Tennerman\n|-damage|p1b: Scott Tennerman|180/261\n|-resisted|p1b: Scott Tennerman\n|-crit|p1b: Scott Tennerman\n|-damage|p1b: Scott Tennerman|135/261\n|-hitcount|p1b: Scott Tennerman|3\n|move|p2b: Facebook Eww|Ice Punch|p1a: Garganacl\n|-damage|p1a: Garganacl|129/404\n|move|p1a: Garganacl|Salt Cure|p2b: Facebook Eww\n|-resisted|p2b: Facebook Eww\n|-damage|p2b: Facebook Eww|283/301\n|-start|p2b: Facebook Eww|Salt Cure\n|\n|-damage|p2a: Usher Foo|0 fnt|[from] Salt Cure\n|faint|p2a: Usher Foo\n|-damage|p2b: Facebook Eww|208/301|[from] Salt Cure\n|upkeep\n|\n|t:|1732981886\n|switch|p2a: smearin' deez|Smeargle, F|314/314\n|turn|4\n|\n|t:|1732981937\n|move|p1a: Garganacl|Protect|p1a: Garganacl\n|-singleturn|p1a: Garganacl|Protect\n|move|p2a: smearin' deez|Fake Out|p1b: Scott Tennerman\n|-damage|p1b: Scott Tennerman|119/261\n|cant|p1b: Scott Tennerman|flinch\n|move|p2b: Facebook Eww|Zen Headbutt|p1a: Garganacl\n|-activate|p1a: Garganacl|move: Protect\n|\n|-damage|p2b: Facebook Eww|133/301|[from] Salt Cure\n|-ability|p2a: smearin' deez|Moody|boost\n|-boost|p2a: smearin' deez|spd|2\n|-unboost|p2a: smearin' deez|spe|1\n|upkeep\n|turn|5\n|\n|t:|1732981969\n|move|p1b: Scott Tennerman|Encore|p2a: smearin' deez\n|-start|p2a: smearin' deez|Encore\n|move|p2b: Facebook Eww|Ice Punch|p1b: Scott Tennerman\n|-supereffective|p1b: Scott Tennerman\n|-damage|p1b: Scott Tennerman|0 fnt\n|faint|p1b: Scott Tennerman\n|move|p2a: smearin' deez|Fake Out||[still]\n|-hint|Fake Out only works on your first turn out.\n|-fail|p2a: smearin' deez\n|move|p1a: Garganacl|Recover|p1a: Garganacl\n|-heal|p1a: Garganacl|331/404\n|\n|-damage|p2b: Facebook Eww|58/301|[from] Salt Cure\n|-ability|p2a: smearin' deez|Moody|boost\n|-boost|p2a: smearin' deez|spe|2\n|-unboost|p2a: smearin' deez|def|1\n|upkeep\n|\n|t:|1732982055\n|switch|p1b: Toxapex|Toxapex, F|167/304\n|turn|6\n|\n|t:|1732982069\n|switch|p2a: Butterfree?!|Volcarona, F|374/374\n|switch|p2b: Metal Gyatt|Magearna|364/364\n|move|p1b: Toxapex|Infestation|p2a: Butterfree?!\n|-resisted|p2a: Butterfree?!\n|-damage|p2a: Butterfree?!|369/374\n|-activate|p2a: Butterfree?!|move: Infestation|[of] p1b: Toxapex\n|move|p1a: Garganacl|Salt Cure|p2a: Butterfree?!\n|-supereffective|p2a: Butterfree?!\n|-damage|p2a: Butterfree?!|189/374\n|-start|p2a: Butterfree?!|Salt Cure\n|\n|-heal|p2a: Butterfree?!|212/374|[from] item: Leftovers\n|-heal|p1b: Toxapex|186/304|[from] item: Black Sludge\n|-damage|p2a: Butterfree?!|166/374|[from] move: Infestation|[partiallytrapped]\n|-damage|p2a: Butterfree?!|120/374|[from] Salt Cure\n|upkeep\n|turn|7\n|\n|t:|1732982138\n|move|p1b: Toxapex|Baneful Bunker|p1b: Toxapex\n|-singleturn|p1b: Toxapex|move: Protect\n|move|p2a: Butterfree?!|Heat Wave|p1b: Toxapex|[spread] p1a\n|-activate|p1b: Toxapex|move: Protect\n|debug|Spread modifier: 0.75\n|-damage|p1a: Garganacl|247/404\n|move|p2b: Metal Gyatt|Dazzling Gleam|p1a: Garganacl|[spread] p1a\n|-activate|p1b: Toxapex|move: Protect\n|debug|Spread modifier: 0.75\n|-damage|p1a: Garganacl|160/404\n|move|p1a: Garganacl|Salt Cure|p2b: Metal Gyatt\n|-resisted|p2b: Metal Gyatt\n|-damage|p2b: Metal Gyatt|344/364\n|-start|p2b: Metal Gyatt|Salt Cure\n|\n|-heal|p2a: Butterfree?!|143/374|[from] item: Leftovers\n|-heal|p1b: Toxapex|205/304|[from] item: Black Sludge\n|-damage|p2a: Butterfree?!|97/374|[from] move: Infestation|[partiallytrapped]\n|-damage|p2a: Butterfree?!|51/374|[from] Salt Cure\n|-damage|p2b: Metal Gyatt|253/364|[from] Salt Cure\n|upkeep\n|turn|8\n|\n|t:|1732982168\n|move|p1a: Garganacl|Protect|p1a: Garganacl\n|-singleturn|p1a: Garganacl|Protect\n|move|p2a: Butterfree?!|Heat Wave|p1a: Garganacl|[spread] p1b\n|-activate|p1a: Garganacl|move: Protect\n|debug|Spread modifier: 0.75\n|-resisted|p1b: Toxapex\n|-damage|p1b: Toxapex|171/304\n|move|p2b: Metal Gyatt|Flash Cannon|p1a: Garganacl\n|-activate|p1a: Garganacl|move: Protect\n|move|p1b: Toxapex|Infestation|p2b: Metal Gyatt\n|-resisted|p2b: Metal Gyatt\n|-damage|p2b: Metal Gyatt|251/364\n|-activate|p2b: Metal Gyatt|move: Infestation|[of] p1b: Toxapex\n|\n|-heal|p2a: Butterfree?!|74/374|[from] item: Leftovers\n|-heal|p1b: Toxapex|190/304|[from] item: Black Sludge\n|-damage|p2a: Butterfree?!|28/374|[from] Salt Cure\n|-damage|p2a: Butterfree?!|0 fnt|[from] move: Infestation|[partiallytrapped]\n|faint|p2a: Butterfree?!\n|-ability|p2b: Metal Gyatt|Soul-Heart|boost\n|-boost|p2b: Metal Gyatt|spa|1\n|-damage|p2b: Metal Gyatt|206/364|[from] move: Infestation|[partiallytrapped]\n|-damage|p2b: Metal Gyatt|115/364|[from] Salt Cure\n|upkeep\n|\n|t:|1732982192\n|switch|p2a: Tickle Me Elmo|Annihilape, F|423/423\n|turn|9\n|inactive|Battle timer is ON: inactive players will automatically lose when time's up. (requested by Noli_cannoli)\n|inactiveoff|Battle timer is now OFF.\n|\n|t:|1732982231\n|switch|p1a: Cresselia|Cresselia, F|444/444\n|move|p2a: Tickle Me Elmo|Bulk Up|p2a: Tickle Me Elmo\n|-boost|p2a: Tickle Me Elmo|atk|1\n|-boost|p2a: Tickle Me Elmo|def|1\n|move|p2b: Metal Gyatt|Dazzling Gleam|p1b: Toxapex|[spread] p1a,p1b\n|debug|Spread modifier: 0.75\n|debug|Spread modifier: 0.75\n|-resisted|p1b: Toxapex\n|-damage|p1a: Cresselia|330/444\n|-damage|p1b: Toxapex|145/304\n|move|p1b: Toxapex|Toxic|p2a: Tickle Me Elmo\n|-status|p2a: Tickle Me Elmo|tox\n|\n|-heal|p1b: Toxapex|164/304|[from] item: Black Sludge\n|-damage|p2a: Tickle Me Elmo|397/423 tox|[from] psn\n|-damage|p2b: Metal Gyatt|24/364|[from] Salt Cure\n|-damage|p2b: Metal Gyatt|0 fnt|[from] move: Infestation|[partiallytrapped]\n|faint|p2b: Metal Gyatt\n|upkeep\n|\n|t:|1732982249\n|switch|p2b: smearin' deez|Smeargle, F|314/314\n|turn|10\n|\n|t:|1732982277\n|move|p1b: Toxapex|Baneful Bunker|p1b: Toxapex\n|-singleturn|p1b: Toxapex|move: Protect\n|move|p2b: smearin' deez|Fake Out|p1b: Toxapex\n|-activate|p1b: Toxapex|move: Protect\n|-status|p2b: smearin' deez|psn\n|move|p2a: Tickle Me Elmo|Drain Punch|p1b: Toxapex\n|-activate|p1b: Toxapex|move: Protect\n|move|p1a: Cresselia|Lunar Blessing|p1a: Cresselia|[spread] p1a,p1b\n|-heal|p1a: Cresselia|441/444\n|-heal|p1b: Toxapex|240/304\n|\n|-heal|p1b: Toxapex|259/304|[from] item: Black Sludge\n|-damage|p2b: smearin' deez|275/314 psn|[from] psn\n|-damage|p2a: Tickle Me Elmo|345/423 tox|[from] psn\n|-ability|p2b: smearin' deez|Moody|boost\n|-boost|p2b: smearin' deez|spa|2\n|-unboost|p2b: smearin' deez|spd|1\n|upkeep\n|turn|11\n|\n|t:|1732982317\n|move|p2b: smearin' deez|Spiky Shield|p2b: smearin' deez\n|-singleturn|p2b: smearin' deez|move: Protect\n|move|p2a: Tickle Me Elmo|Drain Punch|p1b: Toxapex\n|-resisted|p1b: Toxapex\n|-damage|p1b: Toxapex|199/304\n|-heal|p2a: Tickle Me Elmo|375/423 tox|[from] drain|[of] p1b: Toxapex\n|move|p1a: Cresselia|Icy Wind|p2b: smearin' deez|[spread] p2a\n|-activate|p2b: smearin' deez|move: Protect\n|debug|Spread modifier: 0.75\n|-damage|p2a: Tickle Me Elmo|347/423 tox\n|-unboost|p2a: Tickle Me Elmo|spe|1\n|-ability|p2a: Tickle Me Elmo|Defiant|boost\n|-boost|p2a: Tickle Me Elmo|atk|2\n|move|p1b: Toxapex|Infestation|p2a: Tickle Me Elmo\n|-resisted|p2a: Tickle Me Elmo\n|-damage|p2a: Tickle Me Elmo|345/423 tox\n|-activate|p2a: Tickle Me Elmo|move: Infestation|[of] p1b: Toxapex\n|\n|-heal|p1b: Toxapex|218/304|[from] item: Black Sludge\n|-damage|p2b: smearin' deez|236/314 psn|[from] psn\n|-damage|p2a: Tickle Me Elmo|267/423 tox|[from] psn\n|-damage|p2a: Tickle Me Elmo|215/423 tox|[from] move: Infestation|[partiallytrapped]\n|-ability|p2b: smearin' deez|Moody|boost\n|-boost|p2b: smearin' deez|def|2\n|-unboost|p2b: smearin' deez|spe|1\n|upkeep\n|debug|natural status immunity\n|turn|12\n|\n|t:|1732982367\n|move|p1b: Toxapex|Baneful Bunker|p1b: Toxapex\n|-singleturn|p1b: Toxapex|move: Protect\n|move|p1a: Cresselia|Icy Wind|p2a: Tickle Me Elmo|[spread] p2a,p2b\n|debug|Spread modifier: 0.75\n|debug|Spread modifier: 0.75\n|-damage|p2a: Tickle Me Elmo|185/423 tox\n|-damage|p2b: smearin' deez|167/314 psn\n|-unboost|p2a: Tickle Me Elmo|spe|1\n|-ability|p2a: Tickle Me Elmo|Defiant|boost\n|-boost|p2a: Tickle Me Elmo|atk|2\n|-unboost|p2b: smearin' deez|spe|1\n|move|p2b: smearin' deez|Spore|p1a: Cresselia\n|-status|p1a: Cresselia|slp|[from] move: Spore\n|move|p2a: Tickle Me Elmo|Rage Fist|p1a: Cresselia\n|-supereffective|p1a: Cresselia\n|-crit|p1a: Cresselia\n|-damage|p1a: Cresselia|0 fnt\n|faint|p1a: Cresselia\n|\n|-heal|p1b: Toxapex|237/304|[from] item: Black Sludge\n|-damage|p2b: smearin' deez|128/314 psn|[from] psn\n|-damage|p2a: Tickle Me Elmo|81/423 tox|[from] psn\n|-damage|p2a: Tickle Me Elmo|29/423 tox|[from] move: Infestation|[partiallytrapped]\n|-ability|p2b: smearin' deez|Moody|boost\n|-boost|p2b: smearin' deez|def|2\n|-unboost|p2b: smearin' deez|spe|1\n|upkeep\n|-enditem|p2a: Tickle Me Elmo|Aguav Berry|[eat]\n|-heal|p2a: Tickle Me Elmo|170/423 tox|[from] item: Aguav Berry\n|\n|t:|1732982395\n|switch|p1a: Garganacl|Garganacl, M, tera:Ghost|160/404\n|debug|natural status immunity\n|turn|13\n|\n|t:|1732982474\n|move|p1a: Garganacl|Protect|p1a: Garganacl\n|-singleturn|p1a: Garganacl|Protect\n|move|p2b: smearin' deez|Tailwind|p2b: smearin' deez\n|-sidestart|p2: Noli_cannoli|move: Tailwind\n|move|p2a: Tickle Me Elmo|Rage Fist|p1a: Garganacl\n|-activate|p1a: Garganacl|move: Protect\n|move|p1b: Toxapex|Recover|p1b: Toxapex\n|-heal|p1b: Toxapex|304/304\n|\n|-damage|p2b: smearin' deez|89/314 psn|[from] psn\n|-damage|p2a: Tickle Me Elmo|40/423 tox|[from] psn\n|-damage|p2a: Tickle Me Elmo|0 fnt|[from] move: Infestation|[partiallytrapped]\n|faint|p2a: Tickle Me Elmo\n|-ability|p2b: smearin' deez|Moody|boost\n|-boost|p2b: smearin' deez|atk|2\n|-unboost|p2b: smearin' deez|spd|1\n|upkeep\n|\n|t:|1732982492\n|switch|p2a: Facebook Eww|Metagross-Mega|58/301\n|turn|14\n|\n|t:|1732982528\n|move|p1a: Garganacl|Protect||[still]\n|debug|Success chance: 33%\n|-fail|p1a: Garganacl\n|move|p2a: Facebook Eww|Zen Headbutt|p1b: Toxapex\n|-supereffective|p1b: Toxapex\n|-damage|p1b: Toxapex|34/304\n|move|p2b: smearin' deez|Spore|p1a: Garganacl\n|-immune|p1a: Garganacl|[from] ability: Purifying Salt\n|debug|set status [slp] interrupted\n|debug|move failed because it did nothing\n|move|p1b: Toxapex|Infestation|p2a: Facebook Eww\n|-damage|p2a: Facebook Eww|49/301\n|-activate|p2a: Facebook Eww|move: Infestation|[of] p1b: Toxapex\n|\n|-heal|p1b: Toxapex|53/304|[from] item: Black Sludge\n|-damage|p2b: smearin' deez|50/314 psn|[from] psn\n|-damage|p2a: Facebook Eww|12/301|[from] move: Infestation|[partiallytrapped]\n|-ability|p2b: smearin' deez|Moody|boost\n|-boost|p2b: smearin' deez|spd|2\n|-unboost|p2b: smearin' deez|spe|1\n|upkeep\n|turn|15\n|\n|t:|1732982559\n|move|p2a: Facebook Eww|Zen Headbutt|p1b: Toxapex\n|-supereffective|p1b: Toxapex\n|-damage|p1b: Toxapex|0 fnt\n|faint|p1b: Toxapex\n|move|p2b: smearin' deez|Spore|p1a: Garganacl\n|-immune|p1a: Garganacl|[from] ability: Purifying Salt\n|debug|set status [slp] interrupted\n|debug|move failed because it did nothing\n|move|p1a: Garganacl|Salt Cure|p2b: smearin' deez\n|-damage|p2b: smearin' deez|14/314 psn\n|-start|p2b: smearin' deez|Salt Cure\n|\n|-damage|p2b: smearin' deez|0 fnt|[from] psn\n|faint|p2b: smearin' deez\n|-end|p2a: Facebook Eww|Infestation|[partiallytrapped]|[silent]\n|upkeep\n|\n|t:|1732982571\n|switch|p1b: 2 for flinching|Dudunsparce-Three-Segment, F|401/401\n|turn|16\n|\n|t:|1732982591\n|move|p2a: Facebook Eww|Iron Head|p1b: 2 for flinching\n|-damage|p1b: 2 for flinching|160/401\n|debug|doubling secondary chance\n|move|p1b: 2 for flinching|Body Slam|p2a: Facebook Eww\n|-resisted|p2a: Facebook Eww\n|-damage|p2a: Facebook Eww|0 fnt\n|faint|p2a: Facebook Eww\n|\n|win|smokeydabearrr\n","uploadtime":1732982599,"views":"22","formatid":"gen9doublescustomgame","rating":null,"private":0,"password":null}