{"id":"gen9doublescustomgame-2254004737","format":"[Gen 9] Doubles Custom Game","players":["mistermoscow","Mango Meloetta"],"log":"|j|☆mistermoscow\n|j|☆Mango Meloetta\n|t:|1732978778\n|gametype|doubles\n|player|p1|mistermoscow|alder|\n|player|p2|Mango Meloetta|li|\n|teamsize|p1|6\n|teamsize|p2|6\n|gen|9\n|tier|[Gen 9] Doubles Custom Game\n|clearpoke\n|poke|p1|Murkrow, M|\n|poke|p1|Landorus, M|\n|poke|p1|Incineroar, F|\n|poke|p1|Iron Hands|\n|poke|p1|Gholdengo|\n|poke|p1|Ogerpon-Wellspring, F|\n|poke|p2|Zygarde|\n|poke|p2|Chien-Pao|\n|poke|p2|Hitmontop, M|\n|poke|p2|Klefki, F|\n|poke|p2|Gengar, M|\n|poke|p2|Dragonite, M|\n|teampreview\n|j| Mattmandaman\n|j| smokeydabearrr\n|\n|t:|1732978838\n|start\n|switch|p1a: Cindy|Incineroar, F|394/394\n|switch|p1b: Goldi|Gholdengo|378/378\n|switch|p2a: Gengar|Gengar, M|261/261\n|switch|p2b: Klefki|Klefki, F|318/318\n|-ability|p1a: Cindy|Intimidate|boost\n|-unboost|p2a: Gengar|atk|1\n|-unboost|p2b: Klefki|atk|1\n|turn|1\n|j| je64\n|\n|t:|1732978883\n|switch|p1b: God|Landorus, M|319/319\n|detailschange|p2a: Gengar|Gengar-Mega, M\n|-mega|p2a: Gengar|Gengar|Gengarite\n|move|p2b: Klefki|Reflect|p2b: Klefki\n|-sidestart|p2: Mango Meloetta|Reflect\n|move|p2a: Gengar|Shadow Ball|p1b: God\n|-crit|p1b: God\n|-damage|p1b: God|0 fnt\n|faint|p1b: God\n|move|p1a: Cindy|Parting Shot|p2a: Gengar\n|-unboost|p2a: Gengar|atk|1\n|-unboost|p2a: Gengar|spa|1\n|\n|t:|1732978899\n|switch|p1a: Krowbar|Murkrow, M|293/293|[from] Parting Shot\n|\n|upkeep\n|\n|t:|1732978918\n|switch|p1b: Goldi|Gholdengo|378/378\n|debug|natural status immunity\n|turn|2\n|\n|t:|1732978979\n|-terastallize|p1b: Goldi|Fairy\n|move|p1a: Krowbar|Tailwind|p1a: Krowbar\n|-sidestart|p1: mistermoscow|move: Tailwind\n|move|p2b: Klefki|Spikes|p1b: Goldi\n|-sidestart|p1: mistermoscow|Spikes\n|move|p1b: Goldi|Shadow Ball|p2a: Gengar\n|-supereffective|p2a: Gengar\n|-damage|p2a: Gengar|0 fnt\n|faint|p2a: Gengar\n|\n|upkeep\n|\n|t:|1732979201\n|switch|p2a: Hitmontop|Hitmontop, M|303/303\n|-ability|p2a: Hitmontop|Intimidate|boost\n|-unboost|p1a: Krowbar|atk|1\n|-unboost|p1b: Goldi|atk|1\n|turn|3\n|\n|t:|1732979228\n|switch|p1a: Cindy|Incineroar, F|394/394\n|-ability|p1a: Cindy|Intimidate|boost\n|-unboost|p2a: Hitmontop|atk|1\n|-unboost|p2b: Klefki|atk|1\n|move|p2b: Klefki|Spikes|p1b: Goldi\n|-sidestart|p1: mistermoscow|Spikes\n|move|p2a: Hitmontop|Bullet Punch|p1b: Goldi\n|debug|Negating (sp)atk boost/penalty.\n|-supereffective|p1b: Goldi\n|-crit|p1b: Goldi\n|-damage|p1b: Goldi|286/378\n|move|p1b: Goldi|Nasty Plot|p1b: Goldi\n|-boost|p1b: Goldi|spa|2\n|\n|-heal|p1b: Goldi|309/378|[from] item: Leftovers\n|upkeep\n|turn|4\n|\n|t:|1732979265\n|switch|p2a: Dragonite|Dragonite, M|386/386\n|move|p2b: Klefki|Reflect||[still]\n|-fail|p2b: Klefki\n|debug|move failed because it did nothing\n|move|p1b: Goldi|Dazzling Gleam|p2a: Dragonite|[spread] p2a,p2b\n|debug|Spread modifier: 0.75\n|-supereffective|p2a: Dragonite\n|debug|Spread modifier: 0.75\n|-resisted|p2b: Klefki\n|-damage|p2a: Dragonite|32/386\n|-damage|p2b: Klefki|198/318\n|move|p1a: Cindy|Flare Blitz|p2b: Klefki\n|-supereffective|p2b: Klefki\n|debug|Reflect weaken\n|-damage|p2b: Klefki|0 fnt\n|faint|p2b: Klefki\n|-damage|p1a: Cindy|329/394|[from] Recoil\n|\n|-heal|p1b: Goldi|332/378|[from] item: Leftovers\n|upkeep\n|\n|t:|1732979274\n|switch|p2b: Hitmontop|Hitmontop, M|303/303\n|-ability|p2b: Hitmontop|Intimidate|boost\n|-unboost|p1a: Cindy|atk|1\n|-unboost|p1b: Goldi|atk|1\n|turn|5\n|l| smokeydabearrr\n|\n|t:|1732979286\n|move|p2b: Hitmontop|Wide Guard|p2b: Hitmontop\n|-singleturn|p2b: Hitmontop|Wide Guard\n|move|p1b: Goldi|Dazzling Gleam|p2b: Hitmontop|[spread] \n|-activate|p2a: Dragonite|move: Wide Guard\n|-activate|p2b: Hitmontop|move: Wide Guard\n|move|p1a: Cindy|Parting Shot|p2b: Hitmontop\n|-unboost|p2b: Hitmontop|atk|1\n|-unboost|p2b: Hitmontop|spa|1\n|\n|t:|1732979296\n|switch|p1a: Krowbar|Murkrow, M|293/293|[from] Parting Shot\n|move|p2a: Dragonite|Tailwind|p2a: Dragonite\n|-sidestart|p2: Mango Meloetta|move: Tailwind\n|\n|-heal|p1b: Goldi|355/378|[from] item: Leftovers\n|-sideend|p2: Mango Meloetta|Reflect\n|-sideend|p1: mistermoscow|move: Tailwind\n|upkeep\n|turn|6\n|\n|t:|1732979326\n|move|p1a: Krowbar|Tailwind|p1a: Krowbar\n|-sidestart|p1: mistermoscow|move: Tailwind\n|move|p1b: Goldi|Shadow Ball|p2b: Hitmontop\n|-crit|p2b: Hitmontop\n|-enditem|p2b: Hitmontop|Focus Sash\n|-damage|p2b: Hitmontop|1/303\n|move|p2a: Dragonite|Rock Slide|p1b: Goldi|[spread] p1a,p1b\n|debug|Spread modifier: 0.75\n|-supereffective|p1a: Krowbar\n|debug|Spread modifier: 0.75\n|-damage|p1a: Krowbar|151/293\n|-damage|p1b: Goldi|296/378\n|move|p2b: Hitmontop|Toxic|p1b: Goldi\n|-immune|p1b: Goldi|[from] ability: Good as Gold\n|\n|-heal|p1b: Goldi|319/378|[from] item: Leftovers\n|upkeep\n|turn|7\n|\n|t:|1732979362\n|move|p1a: Krowbar|Sucker Punch||[still]\n|-fail|p1a: Krowbar\n|move|p2b: Hitmontop|Bullet Punch|p1b: Goldi\n|-supereffective|p1b: Goldi\n|-damage|p1b: Goldi|277/378\n|move|p1b: Goldi|Shadow Ball|p2b: Hitmontop\n|-damage|p2b: Hitmontop|0 fnt\n|faint|p2b: Hitmontop\n|move|p2a: Dragonite|Haze|p2a: Dragonite\n|-clearallboost\n|\n|-heal|p1b: Goldi|300/378|[from] item: Leftovers\n|upkeep\n|\n|t:|1732979375\n|switch|p2b: Zygarde|Zygarde|396/396\n|-ability|p2b: Zygarde|Aura Break\n|turn|8\n|\n|t:|1732979400\n|move|p2b: Zygarde|Protect|p2b: Zygarde\n|-singleturn|p2b: Zygarde|Protect\n|move|p1a: Krowbar|Taunt|p2a: Dragonite\n|-start|p2a: Dragonite|move: Taunt\n|move|p1b: Goldi|Nasty Plot|p1b: Goldi\n|-boost|p1b: Goldi|spa|2\n|cant|p2a: Dragonite|move: Taunt|Roost\n|\n|-heal|p1b: Goldi|323/378|[from] item: Leftovers\n|-sideend|p2: Mango Meloetta|move: Tailwind\n|upkeep\n|turn|9\n|\n|t:|1732979423\n|-terastallize|p2b: Zygarde|Normal\n|move|p1a: Krowbar|Sucker Punch|p2a: Dragonite\n|-damage|p2a: Dragonite|0 fnt\n|-damage|p1a: Krowbar|103/293|[from] item: Rocky Helmet|[of] p2a: Dragonite\n|faint|p2a: Dragonite\n|move|p1b: Goldi|Dazzling Gleam|p2b: Zygarde\n|-damage|p2b: Zygarde|53/396\n|move|p2b: Zygarde|Thousand Arrows|p1b: Goldi|[spread] p1a,p1b\n|debug|Spread modifier: 0.75\n|debug|Spread modifier: 0.75\n|-damage|p1a: Krowbar|0 fnt\n|-damage|p1b: Goldi|226/378\n|faint|p1a: Krowbar\n|\n|-heal|p1b: Goldi|249/378|[from] item: Leftovers\n|-heal|p2b: Zygarde|77/396|[from] item: Leftovers\n|-sideend|p1: mistermoscow|move: Tailwind\n|upkeep\n|\n|t:|1732979437\n|switch|p1a: Cindy|Incineroar, F|329/394\n|switch|p2a: Chien-Pao|Chien-Pao|301/301\n|-ability|p2a: Chien-Pao|Sword of Ruin\n|-ability|p1a: Cindy|Intimidate|boost\n|-unboost|p2a: Chien-Pao|atk|1\n|-unboost|p2b: Zygarde|atk|1\n|turn|10\n|\n|t:|1732979458\n|move|p1a: Cindy|Fake Out|p2b: Zygarde\n|debug|Sword of Ruin Def drop\n|-damage|p2b: Zygarde|28/396\n|cant|p2b: Zygarde|flinch\n|move|p2a: Chien-Pao|Sacred Sword|p1a: Cindy\n|debug|Negating (sp)def boost/penalty.\n|debug|Sword of Ruin Def drop\n|-supereffective|p1a: Cindy\n|-damage|p1a: Cindy|113/394\n|move|p1b: Goldi|Dazzling Gleam|p2b: Zygarde|[spread] p2a,p2b\n|debug|Spread modifier: 0.75\n|-supereffective|p2a: Chien-Pao\n|debug|Spread modifier: 0.75\n|-damage|p2a: Chien-Pao|0 fnt\n|-damage|p2b: Zygarde|0 fnt\n|faint|p2a: Chien-Pao\n|faint|p2b: Zygarde\n|\n|win|mistermoscow\n|l|☆Mango Meloetta\n|player|p2|\n","uploadtime":1732979481,"views":"32","formatid":"gen9doublescustomgame","rating":null,"private":0,"password":null}