{"id":"gen9doublescustomgame-2352748591","format":"[Gen 9] Doubles Custom Game","players":["mistermoscow","Mattmandaman"],"log":"|j|☆mistermoscow\n|j|☆Mattmandaman\n|t:|1745875641\n|gametype|doubles\n|player|p1|mistermoscow|alder|\n|player|p2|Mattmandaman|giovanni|\n|teamsize|p1|6\n|teamsize|p2|6\n|gen|9\n|tier|[Gen 9] Doubles Custom Game\n|clearpoke\n|poke|p1|Nidoking, M|\n|poke|p1|Dugtrio, M|\n|poke|p1|Primeape, M|\n|poke|p1|Mr. Mime, M|\n|poke|p1|Jolteon, M|\n|poke|p1|Dragonite, M|\n|poke|p2|Starmie|\n|poke|p2|Pikachu, M|\n|poke|p2|Chansey, F|\n|poke|p2|Muk, M|\n|poke|p2|Poliwrath, F|\n|poke|p2|Snorlax, M|\n|teampreview\n|\n|t:|1745875670\n|start\n|switch|p1a: Dougie|Dugtrio, M|212/212\n|switch|p1b: Apollo|Primeape, M|271/271\n|switch|p2a: Pikachu|Pikachu, M|211/211\n|switch|p2b: Muk|Muk, M|414/414\n|turn|1\n|\n|t:|1745875708\n|move|p2a: Pikachu|Fake Out|p1a: Dougie\n|-damage|p1a: Dougie|146/212\n|cant|p1a: Dougie|flinch\n|move|p1b: Apollo|Bulk Up|p1b: Apollo\n|-boost|p1b: Apollo|atk|1\n|-boost|p1b: Apollo|def|1\n|move|p2b: Muk|Poison Jab|p1b: Apollo\n|-damage|p1b: Apollo|183/271\n|\n|upkeep\n|turn|2\n|\n|t:|1745875726\n|move|p1a: Dougie|High Horsepower|p2a: Pikachu\n|-supereffective|p2a: Pikachu\n|-damage|p2a: Pikachu|0 fnt\n|faint|p2a: Pikachu\n|move|p1b: Apollo|Rage Fist|p2b: Muk\n|-damage|p2b: Muk|197/414\n|move|p2b: Muk|Ice Punch|p1a: Dougie\n|-supereffective|p1a: Dougie\n|-damage|p1a: Dougie|0 fnt\n|faint|p1a: Dougie\n|\n|-heal|p2b: Muk|222/414|[from] item: Black Sludge\n|upkeep\n|\n|t:|1745875740\n|switch|p1a: King Nido|Nidoking, M|304/304\n|switch|p2a: Starmie|Starmie|324/324\n|turn|3\n|\n|t:|1745875749\n|move|p1b: Apollo|Protect|p1b: Apollo\n|-singleturn|p1b: Apollo|Protect\n|move|p1a: King Nido|Sludge Bomb|p2a: Starmie\n|-damage|p2a: Starmie|140/324\n|move|p2a: Starmie|Reflect|p2a: Starmie\n|-sidestart|p2: Mattmandaman|Reflect\n|move|p2b: Muk|Ice Punch|p1a: King Nido\n|-supereffective|p1a: King Nido\n|-damage|p1a: King Nido|90/304\n|\n|-heal|p2b: Muk|247/414|[from] item: Black Sludge\n|upkeep\n|turn|4\n|\n|t:|1745875787\n|move|p2a: Starmie|Protect|p2a: Starmie\n|-singleturn|p2a: Starmie|Protect\n|move|p1a: King Nido|Sludge Bomb|p2a: Starmie\n|-activate|p2a: Starmie|move: Protect\n|move|p1b: Apollo|Bulk Up|p1b: Apollo\n|-boost|p1b: Apollo|atk|1\n|-boost|p1b: Apollo|def|1\n|move|p2b: Muk|Ice Punch|p1a: King Nido\n|-supereffective|p1a: King Nido\n|-damage|p1a: King Nido|0 fnt\n|faint|p1a: King Nido\n|\n|-heal|p2b: Muk|272/414|[from] item: Black Sludge\n|upkeep\n|\n|t:|1745875802\n|switch|p1a: Sparky|Jolteon, M|272/272\n|turn|5\n|\n|t:|1745875818\n|switch|p2a: Poliwrath|Poliwrath, F|384/384\n|move|p1a: Sparky|Volt Switch|p2a: Poliwrath\n|-supereffective|p2a: Poliwrath\n|-enditem|p2a: Poliwrath|Wacan Berry|[eat]\n|debug|-50% reduction\n|-enditem|p2a: Poliwrath|Wacan Berry|[weaken]\n|-damage|p2a: Poliwrath|252/384\n|\n|t:|1745875831\n|switch|p1a: Mimsy|Mr. Mime, M|284/284|[from] Volt Switch\n|move|p1b: Apollo|Bulk Up|p1b: Apollo\n|-boost|p1b: Apollo|atk|1\n|-boost|p1b: Apollo|def|1\n|move|p2b: Muk|Poison Jab|p1b: Apollo\n|-damage|p1b: Apollo|123/271\n|\n|-heal|p2b: Muk|297/414|[from] item: Black Sludge\n|upkeep\n|turn|6\n|\n|t:|1745875860\n|move|p1a: Mimsy|Fake Out|p2b: Muk\n|debug|Reflect weaken\n|-damage|p2b: Muk|284/414\n|move|p2a: Poliwrath|Coaching|p2b: Muk\n|-boost|p2b: Muk|atk|1\n|-boost|p2b: Muk|def|1\n|move|p1b: Apollo|Rage Fist|p2a: Poliwrath\n|debug|Reflect weaken\n|-damage|p2a: Poliwrath|0 fnt\n|faint|p2a: Poliwrath\n|cant|p2b: Muk|flinch\n|\n|-heal|p2b: Muk|309/414|[from] item: Black Sludge\n|upkeep\n|\n|t:|1745875869\n|switch|p2a: Starmie|Starmie|140/324\n|turn|7\n|\n|t:|1745875884\n|move|p1b: Apollo|Protect|p1b: Apollo\n|-singleturn|p1b: Apollo|Protect\n|move|p2a: Starmie|Psychic|p1b: Apollo\n|-activate|p1b: Apollo|move: Protect\n|move|p1a: Mimsy|Thunder Wave|p2a: Starmie\n|-status|p2a: Starmie|par\n|move|p2b: Muk|Poison Jab|p1a: Mimsy\n|-supereffective|p1a: Mimsy\n|debug|Filter neutralize\n|-damage|p1a: Mimsy|19/284\n|-status|p1a: Mimsy|psn|[from] ability: Poison Touch|[of] p2b: Muk\n|\n|-heal|p1a: Mimsy|36/284 psn|[from] item: Leftovers\n|-heal|p2b: Muk|334/414|[from] item: Black Sludge\n|-damage|p1a: Mimsy|1/284 psn|[from] psn\n|upkeep\n|turn|8\n|\n|t:|1745876016\n|cant|p2a: Starmie|par\n|move|p1a: Mimsy|Follow Me|p1a: Mimsy\n|-singleturn|p1a: Mimsy|move: Follow Me\n|move|p1b: Apollo|Bulk Up|p1b: Apollo\n|-boost|p1b: Apollo|atk|1\n|-boost|p1b: Apollo|def|1\n|move|p2b: Muk|Poison Jab|p1a: Mimsy\n|debug|Follow Me redirected target of move\n|-supereffective|p1a: Mimsy\n|debug|Filter neutralize\n|-damage|p1a: Mimsy|0 fnt\n|faint|p1a: Mimsy\n|\n|-heal|p2b: Muk|359/414|[from] item: Black Sludge\n|upkeep\n|\n|t:|1745876032\n|switch|p1a: Puff Daddy|Dragonite, M|324/324\n|turn|9\n|\n|t:|1745876071\n|move|p1b: Apollo|Protect|p1b: Apollo\n|-singleturn|p1b: Apollo|Protect\n|move|p1a: Puff Daddy|Scale Shot|p2a: Starmie|[miss]\n|-miss|p1a: Puff Daddy|p2a: Starmie\n|move|p2a: Starmie|Psychic|p1b: Apollo\n|-activate|p1b: Apollo|move: Protect\n|move|p2b: Muk|Poison Jab|p1b: Apollo\n|-activate|p1b: Apollo|move: Protect\n|\n|-heal|p2b: Muk|384/414|[from] item: Black Sludge\n|upkeep\n|turn|10\n|\n|t:|1745876090\n|move|p1a: Puff Daddy|Extreme Speed|p2a: Starmie\n|debug|Reflect weaken\n|-damage|p2a: Starmie|63/324 par\n|move|p1b: Apollo|Rage Fist|p2b: Muk\n|debug|Reflect weaken\n|-damage|p2b: Muk|89/414\n|cant|p2a: Starmie|par\n|move|p2b: Muk|Poison Jab|p1b: Apollo\n|-damage|p1b: Apollo|48/271\n|-status|p1b: Apollo|psn\n|\n|-heal|p2b: Muk|114/414|[from] item: Black Sludge\n|-damage|p1b: Apollo|15/271 psn|[from] psn\n|-sideend|p2: Mattmandaman|Reflect\n|upkeep\n|turn|11\n|\n|t:|1745876114\n|move|p2b: Muk|Shadow Sneak|p1b: Apollo\n|-damage|p1b: Apollo|0 fnt\n|faint|p1b: Apollo\n|move|p1a: Puff Daddy|Scale Shot|p2a: Starmie\n|-damage|p2a: Starmie|11/324 par\n|-damage|p2a: Starmie|0 fnt\n|faint|p2a: Starmie\n|-hitcount|p2: Starmie|2\n|-unboost|p1a: Puff Daddy|def|1\n|-boost|p1a: Puff Daddy|spe|1\n|\n|-heal|p2b: Muk|139/414|[from] item: Black Sludge\n|upkeep\n|\n|t:|1745876125\n|switch|p2a: Snorlax|Snorlax, M|467/467\n|switch|p1b: Sparky|Jolteon, M|272/272\n|turn|12\n|\n|t:|1745876148\n|move|p2b: Muk|Protect|p2b: Muk\n|-singleturn|p2b: Muk|Protect\n|move|p1b: Sparky|Volt Switch|p2b: Muk\n|-activate|p2b: Muk|move: Protect\n|move|p1a: Puff Daddy|Scale Shot|p2b: Muk\n|-activate|p2b: Muk|move: Protect\n|move|p2a: Snorlax|Ice Punch|p1a: Puff Daddy\n|-supereffective|p1a: Puff Daddy\n|-damage|p1a: Puff Daddy|0 fnt\n|debug|move failed because it did nothing\n|faint|p1a: Puff Daddy\n|\n|-heal|p2b: Muk|164/414|[from] item: Black Sludge\n|upkeep\n|turn|13\n|-message|mistermoscow forfeited.\n|\n|win|Mattmandaman\n|c|☆mistermoscow|one more\n|c|☆Mattmandaman|surely\n|l|☆mistermoscow\n|player|p1|\n","uploadtime":1745876162,"views":"15","formatid":"gen9doublescustomgame","rating":null,"private":0,"password":null}