{"id":"gen9doublescustomgame-2133212191","format":"[Gen 9] Doubles Custom Game","players":["smokeydabearrr","noli_cannoli10"],"log":"|j|☆smokeydabearrr\n|j|☆noli_cannoli10\n|t:|1717029150\n|gametype|doubles\n|player|p1|smokeydabearrr|265|\n|player|p2|noli_cannoli10|2|\n|teamsize|p1|6\n|teamsize|p2|6\n|gen|9\n|tier|[Gen 9] Doubles Custom Game\n|clearpoke\n|poke|p1|Charizard, F|\n|poke|p1|Blastoise, M|\n|poke|p1|Cresselia, F|\n|poke|p1|Rillaboom, F|\n|poke|p1|Raging Bolt|\n|poke|p1|Walking Wake|\n|poke|p2|Smeargle, F|\n|poke|p2|Metagross|\n|poke|p2|Volcarona, F|\n|poke|p2|Magearna|\n|poke|p2|Urshifu-*, M|\n|poke|p2|Annihilape, M|\n|teampreview\n|j| mistermoscow\n|\n|t:|1717029260\n|start\n|switch|p1a: PSA 10 Shadowless|Charizard, F|315/315\n|switch|p1b: Boom Burger|Rillaboom, F|404/404\n|switch|p2a: smearin' deez|Smeargle, F|314/314\n|switch|p2b: Facebook Eww|Metagross|301/301\n|-fieldstart|move: Grassy Terrain|[from] ability: Grassy Surge|[of] p1b: Boom Burger\n|turn|1\n|\n|t:|1717029285\n|detailschange|p1a: PSA 10 Shadowless|Charizard-Mega-Y, F\n|-mega|p1a: PSA 10 Shadowless|Charizard|Charizardite Y\n|-weather|SunnyDay|[from] ability: Drought|[of] p1a: PSA 10 Shadowless\n|detailschange|p2b: Facebook Eww|Metagross-Mega\n|-mega|p2b: Facebook Eww|Metagross|Metagrossite\n|move|p2a: smearin' deez|Fake Out|p1a: PSA 10 Shadowless\n|-damage|p1a: PSA 10 Shadowless|297/315\n|move|p1b: Boom Burger|Fake Out|p2a: smearin' deez\n|-damage|p2a: smearin' deez|206/314\n|move|p2b: Facebook Eww|Ice Punch|p1b: Boom Burger\n|-supereffective|p1b: Boom Burger\n|-damage|p1b: Boom Burger|146/404\n|cant|p1a: PSA 10 Shadowless|flinch\n|\n|-weather|SunnyDay|[upkeep]\n|debug|Pokemon semi-invuln or not grounded; Grassy Terrain skipped\n|-heal|p2a: smearin' deez|225/314|[from] Grassy Terrain\n|-heal|p1b: Boom Burger|171/404|[from] Grassy Terrain\n|-ability|p2a: smearin' deez|Moody|boost\n|-boost|p2a: smearin' deez|spa|2\n|-unboost|p2a: smearin' deez|def|1\n|upkeep\n|turn|2\n|j| je64\n|j| mattmandaman\n|\n|t:|1717029343\n|move|p2b: Facebook Eww|Protect|p2b: Facebook Eww\n|-singleturn|p2b: Facebook Eww|Protect\n|move|p1b: Boom Burger|Grassy Glide|p2a: smearin' deez\n|debug|grassy terrain boost\n|-damage|p2a: smearin' deez|0 fnt\n|faint|p2a: smearin' deez\n|move|p1a: PSA 10 Shadowless|Heat Wave|p2b: Facebook Eww\n|-activate|p2b: Facebook Eww|move: Protect\n|\n|-weather|SunnyDay|[upkeep]\n|debug|Pokemon semi-invuln or not grounded; Grassy Terrain skipped\n|-heal|p1b: Boom Burger|196/404|[from] Grassy Terrain\n|upkeep\n|\n|t:|1717029362\n|switch|p2a: Usher Foo|Urshifu-Rapid-Strike, M|341/341\n|turn|3\n|\n|t:|1717029377\n|move|p1a: PSA 10 Shadowless|Protect|p1a: PSA 10 Shadowless\n|-singleturn|p1a: PSA 10 Shadowless|Protect\n|move|p2a: Usher Foo|Aqua Jet|p1a: PSA 10 Shadowless\n|debug|Sunny Day water suppress\n|-supereffective|p1a: PSA 10 Shadowless\n|-damage|p1a: PSA 10 Shadowless|199/315\n|move|p1b: Boom Burger|Grassy Glide|p2a: Usher Foo\n|debug|grassy terrain boost\n|-supereffective|p2a: Usher Foo\n|-damage|p2a: Usher Foo|59/341\n|move|p2b: Facebook Eww|Ice Punch|p1b: Boom Burger\n|-supereffective|p1b: Boom Burger\n|-damage|p1b: Boom Burger|0 fnt\n|faint|p1b: Boom Burger\n|\n|-weather|SunnyDay|[upkeep]\n|-heal|p2a: Usher Foo|80/341|[from] Grassy Terrain\n|debug|Pokemon semi-invuln or not grounded; Grassy Terrain skipped\n|upkeep\n|\n|t:|1717029414\n|switch|p1b: Yurtle the Turtle?|Blastoise, M|362/362\n|turn|4\n|\n|t:|1717029480\n|move|p1b: Yurtle the Turtle?|Follow Me|p1b: Yurtle the Turtle?\n|-singleturn|p1b: Yurtle the Turtle?|move: Follow Me\n|move|p2a: Usher Foo|Aqua Jet|p1b: Yurtle the Turtle?\n|debug|Follow Me redirected target of move\n|debug|Sunny Day water suppress\n|-resisted|p1b: Yurtle the Turtle?\n|-damage|p1b: Yurtle the Turtle?|347/362\n|move|p2b: Facebook Eww|Ice Punch|p1b: Yurtle the Turtle?\n|debug|Follow Me redirected target of move\n|-resisted|p1b: Yurtle the Turtle?\n|-damage|p1b: Yurtle the Turtle?|304/362\n|move|p1a: PSA 10 Shadowless|Heat Wave|p2a: Usher Foo|[spread] p2a,p2b\n|debug|Spread modifier: 0.75\n|debug|Sunny Day fire boost\n|-resisted|p2a: Usher Foo\n|debug|Spread modifier: 0.75\n|debug|Sunny Day fire boost\n|-supereffective|p2b: Facebook Eww\n|-damage|p2a: Usher Foo|0 fnt\n|-damage|p2b: Facebook Eww|0 fnt\n|faint|p2a: Usher Foo\n|faint|p2b: Facebook Eww\n|\n|-weather|SunnyDay|[upkeep]\n|debug|Pokemon semi-invuln or not grounded; Grassy Terrain skipped\n|-heal|p1b: Yurtle the Turtle?|326/362|[from] Grassy Terrain\n|-heal|p1b: Yurtle the Turtle?|348/362|[from] item: Leftovers\n|upkeep\n|\n|t:|1717029499\n|switch|p2b: Butterfree?!|Volcarona, F|374/374\n|switch|p2a: Metal Gyatt|Magearna|364/364\n|turn|5\n|\n|t:|1717029521\n|move|p1b: Yurtle the Turtle?|Follow Me|p1b: Yurtle the Turtle?\n|-singleturn|p1b: Yurtle the Turtle?|move: Follow Me\n|move|p1a: PSA 10 Shadowless|Tailwind|p1a: PSA 10 Shadowless\n|-sidestart|p1: smokeydabearrr|move: Tailwind\n|move|p2b: Butterfree?!|Heat Wave|p1a: PSA 10 Shadowless|[spread] p1a,p1b\n|debug|Spread modifier: 0.75\n|debug|Sunny Day fire boost\n|-resisted|p1a: PSA 10 Shadowless\n|debug|Spread modifier: 0.75\n|debug|Sunny Day fire boost\n|-resisted|p1b: Yurtle the Turtle?\n|-damage|p1a: PSA 10 Shadowless|127/315\n|-damage|p1b: Yurtle the Turtle?|276/362\n|move|p2a: Metal Gyatt|Dazzling Gleam|p1b: Yurtle the Turtle?|[spread] p1a,p1b\n|debug|Spread modifier: 0.75\n|-resisted|p1a: PSA 10 Shadowless\n|debug|Spread modifier: 0.75\n|-damage|p1a: PSA 10 Shadowless|82/315\n|-damage|p1b: Yurtle the Turtle?|177/362\n|\n|-weather|none\n|debug|Pokemon semi-invuln or not grounded; Grassy Terrain skipped\n|-heal|p1b: Yurtle the Turtle?|199/362|[from] Grassy Terrain\n|-heal|p1b: Yurtle the Turtle?|221/362|[from] item: Leftovers\n|-fieldend|move: Grassy Terrain\n|upkeep\n|turn|6\n|\n|t:|1717029555\n|move|p1a: PSA 10 Shadowless|Protect|p1a: PSA 10 Shadowless\n|-singleturn|p1a: PSA 10 Shadowless|Protect\n|move|p2b: Butterfree?!|Protect|p2b: Butterfree?!\n|-singleturn|p2b: Butterfree?!|Protect\n|move|p2a: Metal Gyatt|Protect|p2a: Metal Gyatt\n|-singleturn|p2a: Metal Gyatt|Protect\n|move|p1b: Yurtle the Turtle?|Life Dew|p1b: Yurtle the Turtle?|[spread] p1a,p1b\n|-heal|p1a: PSA 10 Shadowless|161/315\n|-heal|p1b: Yurtle the Turtle?|312/362\n|\n|-heal|p1b: Yurtle the Turtle?|334/362|[from] item: Leftovers\n|upkeep\n|turn|7\n|\n|t:|1717029583\n|switch|p1a: big Vaj|Cresselia, F|444/444\n|move|p1b: Yurtle the Turtle?|Flip Turn|p2b: Butterfree?!\n|-supereffective|p2b: Butterfree?!\n|-damage|p2b: Butterfree?!|254/374\n|\n|t:|1717029590\n|switch|p1b: PSA 10 Shadowless|Charizard-Mega-Y, F|161/315|[from] Flip Turn\n|-weather|SunnyDay|[from] ability: Drought|[of] p1b: PSA 10 Shadowless\n|move|p2b: Butterfree?!|Heat Wave|p1b: PSA 10 Shadowless|[spread] p1b\n|-miss|p2b: Butterfree?!|p1a: big Vaj\n|debug|Spread modifier: 0.75\n|debug|Sunny Day fire boost\n|-resisted|p1b: PSA 10 Shadowless\n|-damage|p1b: PSA 10 Shadowless|89/315\n|move|p2a: Metal Gyatt|Dazzling Gleam|p1a: big Vaj|[spread] p1a,p1b\n|debug|Spread modifier: 0.75\n|debug|Spread modifier: 0.75\n|-resisted|p1b: PSA 10 Shadowless\n|-damage|p1a: big Vaj|368/444\n|-damage|p1b: PSA 10 Shadowless|41/315\n|\n|-weather|SunnyDay|[upkeep]\n|-heal|p2b: Butterfree?!|277/374|[from] item: Leftovers\n|upkeep\n|turn|8\n|\n|t:|1717029611\n|move|p1b: PSA 10 Shadowless|Heat Wave|p2a: Metal Gyatt|[spread] p2b\n|-miss|p1b: PSA 10 Shadowless|p2a: Metal Gyatt\n|debug|Spread modifier: 0.75\n|debug|Sunny Day fire boost\n|-damage|p2b: Butterfree?!|79/374\n|move|p1a: big Vaj|Calm Mind|p1a: big Vaj\n|-boost|p1a: big Vaj|spa|1\n|-boost|p1a: big Vaj|spd|1\n|move|p2b: Butterfree?!|Heat Wave|p1b: PSA 10 Shadowless|[spread] p1a,p1b\n|debug|Spread modifier: 0.75\n|debug|Sunny Day fire boost\n|debug|Spread modifier: 0.75\n|debug|Sunny Day fire boost\n|-resisted|p1b: PSA 10 Shadowless\n|-damage|p1a: big Vaj|284/444\n|-damage|p1b: PSA 10 Shadowless|0 fnt\n|debug|move failed because it did nothing\n|faint|p1b: PSA 10 Shadowless\n|-ability|p2a: Metal Gyatt|Soul-Heart|boost\n|-boost|p2a: Metal Gyatt|spa|1\n|move|p2a: Metal Gyatt|Flash Cannon|p1a: big Vaj\n|-damage|p1a: big Vaj|185/444\n|\n|-weather|SunnyDay|[upkeep]\n|-heal|p2b: Butterfree?!|102/374|[from] item: Leftovers\n|-sideend|p1: smokeydabearrr|move: Tailwind\n|upkeep\n|\n|t:|1717029633\n|switch|p1b: WAKE ME UP INSIDE|Walking Wake|339/339\n|-activate|p1b: WAKE ME UP INSIDE|ability: Protosynthesis\n|-start|p1b: WAKE ME UP INSIDE|protosynthesisspe\n|turn|9\n|debug|Protosynthesis spe boost\n|debug|Protosynthesis spe boost\n|debug|Protosynthesis spe boost\n|\n|t:|1717029653\n|-terastallize|p1b: WAKE ME UP INSIDE|Water\n|debug|Protosynthesis spe boost\n|debug|Protosynthesis spe boost\n|move|p1b: WAKE ME UP INSIDE|Hydro Steam|p2a: Metal Gyatt\n|debug|Sunny Day Hydro Steam boost\n|-damage|p2a: Metal Gyatt|23/364\n|-enditem|p2a: Metal Gyatt|Mago Berry|[eat]\n|-heal|p2a: Metal Gyatt|144/364|[from] item: Mago Berry\n|-damage|p1b: WAKE ME UP INSIDE|306/339|[from] item: Life Orb\n|debug|Protosynthesis spe boost\n|move|p2b: Butterfree?!|Heat Wave|p1b: WAKE ME UP INSIDE|[spread] p1a\n|-miss|p2b: Butterfree?!|p1b: WAKE ME UP INSIDE\n|debug|Spread modifier: 0.75\n|debug|Sunny Day fire boost\n|-damage|p1a: big Vaj|100/444\n|debug|Protosynthesis spe boost\n|move|p1a: big Vaj|Lunar Blessing|p1a: big Vaj|[spread] p1a,p1b\n|-heal|p1a: big Vaj|211/444\n|-heal|p1b: WAKE ME UP INSIDE|339/339\n|debug|Protosynthesis spe boost\n|move|p2a: Metal Gyatt|Dazzling Gleam|p1a: big Vaj|[spread] p1a,p1b\n|debug|Spread modifier: 0.75\n|debug|Spread modifier: 0.75\n|-damage|p1a: big Vaj|129/444\n|-damage|p1b: WAKE ME UP INSIDE|176/339\n|\n|debug|Protosynthesis spe boost\n|-weather|SunnyDay|[upkeep]\n|-heal|p2b: Butterfree?!|125/374|[from] item: Leftovers\n|upkeep\n|turn|10\n|debug|Protosynthesis spe boost\n|debug|Protosynthesis spe boost\n|\n|t:|1717029687\n|switch|p2b: Tickle Me Elmo|Annihilape, M|423/423\n|debug|Protosynthesis spe boost\n|debug|Protosynthesis spe boost\n|move|p1b: WAKE ME UP INSIDE|Hydro Steam|p2a: Metal Gyatt\n|debug|Sunny Day Hydro Steam boost\n|-damage|p2a: Metal Gyatt|0 fnt\n|faint|p2a: Metal Gyatt\n|-damage|p1b: WAKE ME UP INSIDE|143/339|[from] item: Life Orb\n|debug|Protosynthesis spe boost\n|move|p1a: big Vaj|Lunar Blessing|p1a: big Vaj|[spread] p1a,p1b\n|-heal|p1a: big Vaj|240/444\n|-heal|p1b: WAKE ME UP INSIDE|228/339\n|debug|Protosynthesis spe boost\n|\n|debug|Protosynthesis spe boost\n|-weather|SunnyDay|[upkeep]\n|upkeep\n|debug|Protosynthesis spe boost\n|\n|t:|1717029701\n|switch|p2a: Butterfree?!|Volcarona, F|125/374\n|turn|11\n|debug|Protosynthesis spe boost\n|debug|Protosynthesis spe boost\n|\n|t:|1717029732\n|debug|Protosynthesis spe boost\n|debug|Protosynthesis spe boost\n|move|p1b: WAKE ME UP INSIDE|Hydro Steam|p2b: Tickle Me Elmo\n|debug|Sunny Day Hydro Steam boost\n|-damage|p2b: Tickle Me Elmo|25/423\n|-enditem|p2b: Tickle Me Elmo|Aguav Berry|[eat]\n|-heal|p2b: Tickle Me Elmo|166/423|[from] item: Aguav Berry\n|-damage|p1b: WAKE ME UP INSIDE|195/339|[from] item: Life Orb\n|debug|Protosynthesis spe boost\n|move|p2a: Butterfree?!|Heat Wave|p1a: big Vaj|[spread] p1a,p1b\n|debug|Spread modifier: 0.75\n|debug|Sunny Day fire boost\n|debug|Spread modifier: 0.75\n|debug|Sunny Day fire boost\n|-resisted|p1b: WAKE ME UP INSIDE\n|-damage|p1a: big Vaj|152/444\n|-damage|p1b: WAKE ME UP INSIDE|106/339\n|debug|Protosynthesis spe boost\n|move|p2b: Tickle Me Elmo|Rage Fist|p1b: WAKE ME UP INSIDE\n|-damage|p1b: WAKE ME UP INSIDE|0 fnt\n|faint|p1b: WAKE ME UP INSIDE\n|-end|p1b: WAKE ME UP INSIDE|Protosynthesis|[silent]\n|move|p1a: big Vaj|Lunar Blessing|p1a: big Vaj\n|-heal|p1a: big Vaj|263/444\n|\n|-weather|none\n|-heal|p2a: Butterfree?!|148/374|[from] item: Leftovers\n|upkeep\n|\n|t:|1717029762\n|switch|p1b: Yurtle the Turtle?|Blastoise, M|334/362\n|turn|12\n|\n|t:|1717029794\n|move|p1b: Yurtle the Turtle?|Fake Out|p2a: Butterfree?!\n|-damage|p2a: Butterfree?!|121/374\n|-status|p1b: Yurtle the Turtle?|brn|[from] ability: Flame Body|[of] p2a: Butterfree?!\n|cant|p2a: Butterfree?!|flinch\n|move|p2b: Tickle Me Elmo|Rage Fist|p1b: Yurtle the Turtle?\n|-damage|p1b: Yurtle the Turtle?|213/362 brn\n|move|p1a: big Vaj|Icy Wind|p2a: Butterfree?!|[spread] p2b\n|-miss|p1a: big Vaj|p2a: Butterfree?!\n|debug|Spread modifier: 0.75\n|-damage|p2b: Tickle Me Elmo|125/423\n|-unboost|p2b: Tickle Me Elmo|spe|1\n|-ability|p2b: Tickle Me Elmo|Defiant|boost\n|-boost|p2b: Tickle Me Elmo|atk|2\n|\n|-heal|p2a: Butterfree?!|144/374|[from] item: Leftovers\n|-heal|p1b: Yurtle the Turtle?|235/362 brn|[from] item: Leftovers\n|-damage|p1b: Yurtle the Turtle?|213/362 brn|[from] brn\n|upkeep\n|turn|13\n|\n|t:|1717029896\n|move|p1b: Yurtle the Turtle?|Follow Me|p1b: Yurtle the Turtle?\n|-singleturn|p1b: Yurtle the Turtle?|move: Follow Me\n|move|p2a: Butterfree?!|Heat Wave|p1b: Yurtle the Turtle?|[spread] p1a,p1b\n|debug|Negating (sp)def boost/penalty.\n|debug|Spread modifier: 0.75\n|-crit|p1a: big Vaj\n|debug|Spread modifier: 0.75\n|-resisted|p1b: Yurtle the Turtle?\n|-damage|p1a: big Vaj|140/444\n|-damage|p1b: Yurtle the Turtle?|157/362 brn\n|move|p1a: big Vaj|Icy Wind|p2b: Tickle Me Elmo|[spread] p2a,p2b\n|debug|Spread modifier: 0.75\n|-resisted|p2a: Butterfree?!\n|debug|Spread modifier: 0.75\n|-damage|p2a: Butterfree?!|127/374\n|-damage|p2b: Tickle Me Elmo|86/423\n|-unboost|p2a: Butterfree?!|spe|1\n|-unboost|p2b: Tickle Me Elmo|spe|1\n|-ability|p2b: Tickle Me Elmo|Defiant|boost\n|-boost|p2b: Tickle Me Elmo|atk|2\n|move|p2b: Tickle Me Elmo|Rage Fist|p1b: Yurtle the Turtle?\n|debug|Follow Me redirected target of move\n|-damage|p1b: Yurtle the Turtle?|0 fnt\n|faint|p1b: Yurtle the Turtle?\n|\n|-heal|p2a: Butterfree?!|150/374|[from] item: Leftovers\n|upkeep\n|\n|t:|1717029913\n|switch|p1b: Raging B0ner|Raging Bolt|454/454\n|turn|14\n|\n|t:|1717029946\n|move|p2a: Butterfree?!|Rage Powder|p2a: Butterfree?!\n|-singleturn|p2a: Butterfree?!|move: Rage Powder\n|move|p1b: Raging B0ner|Thunderclap||[still]\n|debug|Rage Powder redirected target of move\n|-fail|p1b: Raging B0ner\n|move|p1a: big Vaj|Lunar Blessing|p1a: big Vaj|[spread] p1a,p1b\n|-heal|p1a: big Vaj|251/444\n|move|p2b: Tickle Me Elmo|Rage Fist|p1b: Raging B0ner\n|-damage|p1b: Raging B0ner|0 fnt\n|faint|p1b: Raging B0ner\n|-end|p1b: Raging B0ner|Protosynthesis|[silent]\n|\n|-heal|p2a: Butterfree?!|173/374|[from] item: Leftovers\n|upkeep\n|turn|15\n|\n|t:|1717029968\n|move|p1a: big Vaj|Stored Power|p2b: Tickle Me Elmo\n|debug|BP: 60\n|-supereffective|p2b: Tickle Me Elmo\n|-damage|p2b: Tickle Me Elmo|0 fnt\n|faint|p2b: Tickle Me Elmo\n|move|p2a: Butterfree?!|Heat Wave|p1a: big Vaj\n|-damage|p1a: big Vaj|181/444\n|\n|-heal|p2a: Butterfree?!|196/374|[from] item: Leftovers\n|upkeep\n|turn|16\n|\n|t:|1717029989\n|move|p1a: big Vaj|Lunar Blessing|p1a: big Vaj\n|-heal|p1a: big Vaj|292/444\n|move|p2a: Butterfree?!|Heat Wave|p1a: big Vaj\n|-damage|p1a: big Vaj|214/444\n|\n|-heal|p2a: Butterfree?!|219/374|[from] item: Leftovers\n|upkeep\n|turn|17\n|\n|t:|1717030003\n|move|p1a: big Vaj|Calm Mind|p1a: big Vaj\n|-boost|p1a: big Vaj|spa|1\n|-boost|p1a: big Vaj|spd|1\n|move|p2a: Butterfree?!|Quiver Dance|p2a: Butterfree?!\n|-boost|p2a: Butterfree?!|spa|1\n|-boost|p2a: Butterfree?!|spd|1\n|-boost|p2a: Butterfree?!|spe|1\n|\n|-heal|p2a: Butterfree?!|242/374|[from] item: Leftovers\n|upkeep\n|turn|18\n|\n|t:|1717030023\n|move|p2a: Butterfree?!|Quiver Dance|p2a: Butterfree?!\n|-boost|p2a: Butterfree?!|spa|1\n|-boost|p2a: Butterfree?!|spd|1\n|-boost|p2a: Butterfree?!|spe|1\n|move|p1a: big Vaj|Icy Wind|p2a: Butterfree?!\n|-resisted|p2a: Butterfree?!\n|-damage|p2a: Butterfree?!|226/374\n|-unboost|p2a: Butterfree?!|spe|1\n|\n|-heal|p2a: Butterfree?!|249/374|[from] item: Leftovers\n|upkeep\n|turn|19\n|\n|t:|1717030042\n|move|p2a: Butterfree?!|Heat Wave|p1a: big Vaj\n|-damage|p1a: big Vaj|103/444\n|move|p1a: big Vaj|Stored Power|p2a: Butterfree?!\n|debug|BP: 100\n|-damage|p2a: Butterfree?!|152/374\n|\n|-heal|p2a: Butterfree?!|175/374|[from] item: Leftovers\n|upkeep\n|turn|20\n|\n|t:|1717030053\n|move|p2a: Butterfree?!|Heat Wave|p1a: big Vaj\n|-damage|p1a: big Vaj|0 fnt\n|faint|p1a: big Vaj\n|\n|win|noli_cannoli10\n","uploadtime":1717030057,"views":"24","formatid":"gen9doublescustomgame","rating":null,"private":0,"password":null}