{"id":"gen9doublescustomgame-2313495161","format":"[Gen 9] Doubles Custom Game","players":["mistermoscow","Mango Meloetta"],"log":"|j|☆mistermoscow\n|j|☆Mango Meloetta\n|t:|1741235002\n|gametype|doubles\n|player|p1|mistermoscow|alder|\n|player|p2|Mango Meloetta|li|\n|teamsize|p1|6\n|teamsize|p2|6\n|gen|9\n|tier|[Gen 9] Doubles Custom Game\n|clearpoke\n|poke|p1|Nidoking, M|\n|poke|p1|Clefairy, M|\n|poke|p1|Primeape, M|\n|poke|p1|Dewgong, M|\n|poke|p1|Jolteon, M|\n|poke|p1|Dragonite, M|\n|poke|p2|Pinsir, M|\n|poke|p2|Poliwrath, M|\n|poke|p2|Electabuzz, M|\n|poke|p2|Golduck, M|\n|poke|p2|Snorlax, F|\n|poke|p2|Weezing, F|\n|teampreview\n|c|☆Mango Meloetta|ayyy\n|c|☆Mango Meloetta|official?\n|c|☆mistermoscow|yeee\n|c|☆Mango Meloetta|yweeee\n|\n|t:|1741235058\n|start\n|switch|p1a: Clifford|Clefairy, M|282/282\n|switch|p1b: Apollo|Primeape, M|271/271\n|switch|p2a: Electabuzz|Electabuzz, M|271/271\n|switch|p2b: Snorlax|Snorlax, F|524/524\n|-item|p2a: Electabuzz|Air Balloon\n|turn|1\n|\n|t:|1741235082\n|move|p2a: Electabuzz|Psychic|p1b: Apollo\n|-supereffective|p1b: Apollo\n|debug|Friend Guard weaken\n|-damage|p1b: Apollo|192/271\n|move|p1b: Apollo|Bulk Up|p1b: Apollo\n|-boost|p1b: Apollo|atk|1\n|-boost|p1b: Apollo|def|1\n|move|p1a: Clifford|Seismic Toss|p2b: Snorlax\n|-damage|p2b: Snorlax|424/524\n|move|p2b: Snorlax|Body Slam|p1a: Clifford\n|-damage|p1a: Clifford|170/282\n|\n|upkeep\n|turn|2\n|\n|t:|1741235130\n|move|p2a: Electabuzz|Psychic|p1b: Apollo\n|-supereffective|p1b: Apollo\n|debug|Friend Guard weaken\n|-damage|p1b: Apollo|107/271\n|move|p1b: Apollo|Drain Punch|p2b: Snorlax\n|-supereffective|p2b: Snorlax\n|-damage|p2b: Snorlax|0 fnt\n|-heal|p1b: Apollo|271/271|[from] drain|[of] p2b: Snorlax\n|faint|p2b: Snorlax\n|move|p1a: Clifford|Seismic Toss|p2a: Electabuzz\n|-damage|p2a: Electabuzz|171/271\n|-enditem|p2a: Electabuzz|Air Balloon\n|\n|upkeep\n|\n|t:|1741235185\n|switch|p2b: Poliwrath|Poliwrath, M|383/383\n|turn|3\n|\n|t:|1741235218\n|move|p2a: Electabuzz|Volt Switch|p1a: Clifford\n|-damage|p1a: Clifford|100/282\n|\n|t:|1741235221\n|switch|p2a: Weezing|Weezing, F|334/334|[from] Volt Switch\n|move|p1b: Apollo|Rage Fist|p2b: Poliwrath\n|-damage|p2b: Poliwrath|116/383\n|move|p1a: Clifford|Wish|p1a: Clifford\n|move|p2b: Poliwrath|Circle Throw|p1b: Apollo\n|debug|Negating (sp)def boost/penalty.\n|-crit|p1b: Apollo\n|debug|Friend Guard weaken\n|-damage|p1b: Apollo|159/271\n|drag|p1b: Sparky|Jolteon, M|271/271\n|\n|upkeep\n|turn|4\n|\n|t:|1741235259\n|switch|p2b: Electabuzz|Electabuzz, M|171/271\n|move|p1b: Sparky|Volt Switch|p2b: Electabuzz\n|-resisted|p2b: Electabuzz\n|-damage|p2b: Electabuzz|106/271\n|\n|t:|1741235292\n|switch|p1b: King Nido|Nidoking, M|304/304|[from] Volt Switch\n|move|p2a: Weezing|Sludge Bomb|p1a: Clifford\n|-supereffective|p1a: Clifford\n|-damage|p1a: Clifford|0 fnt\n|faint|p1a: Clifford\n|\n|upkeep\n|\n|t:|1741235299\n|switch|p1a: Apollo|Primeape, M|159/271\n|turn|5\n|\n|t:|1741235318\n|move|p1b: King Nido|Earth Power|p2b: Electabuzz\n|-supereffective|p2b: Electabuzz\n|-damage|p2b: Electabuzz|0 fnt\n|faint|p2b: Electabuzz\n|move|p1a: Apollo|Rage Fist|p2a: Weezing\n|-damage|p2a: Weezing|179/334\n|move|p2a: Weezing|Toxic|p1a: Apollo\n|-status|p1a: Apollo|tox\n|\n|-heal|p2a: Weezing|199/334|[from] item: Leftovers\n|-damage|p1a: Apollo|143/271 tox|[from] psn\n|upkeep\n|\n|t:|1741235330\n|switch|p2b: Golduck|Golduck, M|301/301\n|-ability|p2b: Golduck|Cloud Nine\n|turn|6\n|\n|t:|1741235345\n|switch|p1a: Dewey|Dewgong, M|384/384\n|move|p2a: Weezing|Protect|p2a: Weezing\n|-singleturn|p2a: Weezing|Protect\n|move|p1b: King Nido|Earth Power|p2b: Golduck\n|-damage|p2b: Golduck|99/301\n|move|p2b: Golduck|Psychic|p1b: King Nido\n|-supereffective|p1b: King Nido\n|-damage|p1b: King Nido|98/304\n|\n|-heal|p2a: Weezing|219/334|[from] item: Leftovers\n|upkeep\n|turn|7\n|\n|t:|1741235371\n|move|p2b: Golduck|Protect|p2b: Golduck\n|-singleturn|p2b: Golduck|Protect\n|move|p1b: King Nido|Earth Power|p2b: Golduck\n|-activate|p2b: Golduck|move: Protect\n|move|p1a: Dewey|Knock Off|p2a: Weezing\n|-damage|p2a: Weezing|159/334\n|-enditem|p2a: Weezing|Leftovers|[from] move: Knock Off|[of] p1a: Dewey\n|move|p2a: Weezing|Taunt|p1a: Dewey\n|-start|p1a: Dewey|move: Taunt\n|\n|upkeep\n|turn|8\n|\n|t:|1741235387\n|move|p1b: King Nido|Earth Power|p2b: Golduck\n|-damage|p2b: Golduck|0 fnt\n|faint|p2b: Golduck\n|move|p1a: Dewey|Triple Axel|p2a: Weezing\n|-damage|p2a: Weezing|140/334\n|-damage|p2a: Weezing|106/334\n|-damage|p2a: Weezing|48/334\n|-hitcount|p2a: Weezing|3\n|move|p2a: Weezing|Toxic|p1a: Dewey\n|-status|p1a: Dewey|tox\n|\n|-damage|p1a: Dewey|360/384 tox|[from] psn\n|upkeep\n|\n|t:|1741235426\n|switch|p2b: Pinsir|Pinsir, M|271/271\n|turn|9\n|\n|t:|1741235458\n|switch|p1b: Sparky|Jolteon, M|271/271\n|move|p2b: Pinsir|Rock Slide|p1b: Sparky|[spread] p1a,p1b\n|debug|Spread modifier: 0.75\n|-supereffective|p1a: Dewey\n|debug|Spread modifier: 0.75\n|-damage|p1a: Dewey|146/384 tox\n|-damage|p1b: Sparky|131/271\n|debug|Covert Cloak prevent secondary\n|cant|p1a: Dewey|flinch\n|move|p2a: Weezing|Sludge Bomb|p1a: Dewey\n|-damage|p1a: Dewey|56/384 tox\n|\n|-heal|p1a: Dewey|80/384 tox|[from] item: Leftovers\n|-damage|p1a: Dewey|32/384 tox|[from] psn\n|upkeep\n|turn|10\n|\n|t:|1741235498\n|move|p1b: Sparky|Electroweb|p2b: Pinsir|[spread] p2a,p2b\n|debug|Spread modifier: 0.75\n|debug|Spread modifier: 0.75\n|-damage|p2a: Weezing|0 fnt\n|-damage|p2b: Pinsir|184/271\n|-unboost|p2b: Pinsir|spe|1\n|faint|p2a: Weezing\n|move|p2b: Pinsir|Rock Slide|p1b: Sparky|[spread] p1a,p1b\n|debug|Spread modifier: 0.75\n|-supereffective|p1a: Dewey\n|debug|Spread modifier: 0.75\n|-damage|p1a: Dewey|0 fnt\n|-damage|p1b: Sparky|0 fnt\n|debug|move failed because it did nothing\n|debug|Covert Cloak prevent secondary\n|faint|p1a: Dewey\n|faint|p1b: Sparky\n|\n|upkeep\n|\n|t:|1741235527\n|switch|p1b: Apollo|Primeape, M|143/271 tox\n|switch|p1a: King Nido|Nidoking, M|98/304\n|switch|p2a: Poliwrath|Poliwrath, M|116/383\n|turn|11\n|\n|t:|1741235543\n|move|p1a: King Nido|Sludge Bomb|p2a: Poliwrath\n|-damage|p2a: Poliwrath|0 fnt\n|faint|p2a: Poliwrath\n|move|p1b: Apollo|Rage Fist|p2b: Pinsir\n|-damage|p2b: Pinsir|0 fnt\n|faint|p2b: Pinsir\n|\n|win|mistermoscow\n|c|☆Mango Meloetta|ggg\n|c|☆mistermoscow|gg\n|c|☆mistermoscow|i'll upload\n","uploadtime":1741235558,"views":"12","formatid":"gen9doublescustomgame","rating":null,"private":0,"password":null}