{"id":"gen9doublescustomgame-2089959683","format":"[Gen 9] Doubles Custom Game","players":["mistermoscow","noli_cannoli10"],"log":"|j|☆mistermoscow\n|j|☆noli_cannoli10\n|t:|1711504593\n|gametype|doubles\n|player|p1|mistermoscow|alder|\n|player|p2|noli_cannoli10|1|\n|teamsize|p1|6\n|teamsize|p2|6\n|gen|9\n|tier|[Gen 9] Doubles Custom Game\n|clearpoke\n|poke|p1|Pelipper, M|\n|poke|p1|Tapu Koko|\n|poke|p1|Archaludon, M|\n|poke|p1|Iron Bundle|\n|poke|p1|Landorus, M|\n|poke|p1|Basculegion, M|\n|poke|p2|Hatterene, F|\n|poke|p2|Torkoal, F|\n|poke|p2|Camerupt, F|\n|poke|p2|Magearna|\n|poke|p2|Celesteela|\n|poke|p2|Urshifu-*, F|\n|teampreview\n|j| je64\n|j| mattmandaman\n|\n|t:|1711504605\n|start\n|switch|p1a: God|Landorus, M|319/319\n|switch|p1b: Static|Tapu Koko|344/344\n|switch|p2a: Newer Pimp Hands?|Urshifu-Rapid-Strike, F, shiny|341/341\n|switch|p2b: Hat GPT|Hatterene, F, shiny|318/318\n|-fieldstart|move: Electric Terrain|[from] ability: Electric Surge|[of] p1b: Static\n|turn|1\n|\n|t:|1711504663\n|move|p2a: Newer Pimp Hands?|Aqua Jet|p1b: Static\n|-damage|p1b: Static|239/344\n|-damage|p2a: Newer Pimp Hands?|307/341|[from] item: Life Orb\n|move|p1b: Static|Volt Switch|p2a: Newer Pimp Hands?\n|debug|electric terrain boost\n|-supereffective|p2a: Newer Pimp Hands?\n|-crit|p2a: Newer Pimp Hands?\n|-damage|p2a: Newer Pimp Hands?|0 fnt\n|faint|p2a: Newer Pimp Hands?\n|\n|t:|1711504701\n|switch|p1b: Jonathan|Pelipper, M|324/324|[from] Volt Switch\n|-weather|RainDance|[from] ability: Drizzle|[of] p1b: Jonathan\n|move|p1a: God|Sludge Bomb|p2b: Hat GPT\n|-supereffective|p2b: Hat GPT\n|-damage|p2b: Hat GPT|22/318\n|move|p2b: Hat GPT|Dazzling Gleam|p1a: God|[spread] p1a,p1b\n|debug|Spread modifier: 0.75\n|debug|Spread modifier: 0.75\n|-damage|p1a: God|168/319\n|-damage|p1b: Jonathan|219/324\n|\n|-weather|RainDance|[upkeep]\n|upkeep\n|\n|t:|1711504720\n|switch|p2a: Nika|Torkoal, F, shiny|343/343\n|-weather|SunnyDay|[from] ability: Drought|[of] p2a: Nika\n|turn|2\n|\n|t:|1711504753\n|switch|p1b: Robot Santa|Iron Bundle|253/253\n|-activate|p1b: Robot Santa|ability: Quark Drive\n|-start|p1b: Robot Santa|quarkdrivespe\n|debug|Quark Drive spe boost\n|move|p1a: God|Earth Power|p2a: Nika\n|-supereffective|p2a: Nika\n|-damage|p2a: Nika|0 fnt\n|faint|p2a: Nika\n|debug|Quark Drive spe boost\n|move|p2b: Hat GPT|Trick Room|p2b: Hat GPT\n|-fieldstart|move: Trick Room|[of] p2b: Hat GPT\n|\n|debug|Quark Drive spe boost\n|-weather|SunnyDay|[upkeep]\n|upkeep\n|debug|Quark Drive spe boost\n|\n|t:|1711504767\n|switch|p2a: Woah Black Betty|Camerupt, F, shiny|343/343\n|turn|3\n|debug|Quark Drive spe boost\n|debug|Quark Drive spe boost\n|\n|t:|1711504781\n|-end|p1b: Robot Santa|Quark Drive|[silent]\n|switch|p1b: Jonathan|Pelipper, M|219/324\n|-weather|RainDance|[from] ability: Drizzle|[of] p1b: Jonathan\n|detailschange|p2a: Woah Black Betty|Camerupt-Mega, F, shiny\n|-mega|p2a: Woah Black Betty|Camerupt|Cameruptite\n|move|p2a: Woah Black Betty|Eruption|p1a: God|[spread] p1a,p1b\n|debug|BP: 150\n|debug|Spread modifier: 0.75\n|debug|rain fire suppress\n|debug|BP: 150\n|debug|Spread modifier: 0.75\n|debug|rain fire suppress\n|-resisted|p1b: Jonathan\n|-damage|p1a: God|14/319\n|-damage|p1b: Jonathan|167/324\n|move|p2b: Hat GPT|Dazzling Gleam|p1a: God|[spread] p1a,p1b\n|debug|Spread modifier: 0.75\n|debug|Spread modifier: 0.75\n|-damage|p1a: God|0 fnt\n|-damage|p1b: Jonathan|62/324\n|faint|p1a: God\n|\n|-weather|RainDance|[upkeep]\n|upkeep\n|\n|t:|1711504803\n|switch|p1a: Death Fish|Basculegion, M|381/381\n|turn|4\n|j| smokeydabearrr\n|\n|t:|1711504822\n|move|p1b: Jonathan|Wide Guard|p1b: Jonathan\n|-singleturn|p1b: Jonathan|Wide Guard\n|move|p1a: Death Fish|Aqua Jet|p2b: Hat GPT\n|debug|rain water boost\n|-damage|p2b: Hat GPT|0 fnt\n|-damage|p1a: Death Fish|318/381|[from] item: Rocky Helmet|[of] p2b: Hat GPT\n|faint|p2b: Hat GPT\n|move|p2a: Woah Black Betty|Zen Headbutt|p1a: Death Fish\n|-damage|p1a: Death Fish|170/381\n|\n|-weather|RainDance|[upkeep]\n|upkeep\n|\n|t:|1711504832\n|switch|p2b: Steely Dan|Celesteela, shiny|398/398\n|turn|5\n|\n|t:|1711504848\n|move|p1a: Death Fish|Protect|p1a: Death Fish\n|-singleturn|p1a: Death Fish|Protect\n|move|p2a: Woah Black Betty|Stone Edge|p1a: Death Fish\n|-activate|p1a: Death Fish|move: Protect\n|move|p2b: Steely Dan|Leech Seed|p1b: Jonathan\n|-start|p1b: Jonathan|move: Leech Seed\n|move|p1b: Jonathan|Muddy Water|p2a: Woah Black Betty|[spread] p2a,p2b\n|debug|Spread modifier: 0.75\n|debug|rain water boost\n|-supereffective|p2a: Woah Black Betty\n|debug|Spread modifier: 0.75\n|debug|rain water boost\n|-damage|p2a: Woah Black Betty|0 fnt\n|-damage|p2b: Steely Dan|286/398\n|faint|p2a: Woah Black Betty\n|\n|-weather|RainDance|[upkeep]\n|-damage|p1b: Jonathan|22/324|[from] Leech Seed|[of] p2b: Steely Dan\n|-heal|p2b: Steely Dan|326/398|[silent]\n|-fieldend|move: Electric Terrain\n|upkeep\n|\n|t:|1711504861\n|switch|p2a: Magz|Magearna|364/364\n|turn|6\n|\n|t:|1711504873\n|switch|p1b: Static|Tapu Koko|239/344\n|-fieldstart|move: Electric Terrain|[from] ability: Electric Surge|[of] p1b: Static\n|switch|p1a: Archie|Archaludon, M|384/384\n|move|p2b: Steely Dan|Heavy Slam|p1b: Static\n|debug|BP: 120\n|-damage|p1b: Static|80/344\n|move|p2a: Magz|Fleur Cannon|p1a: Archie\n|-damage|p1a: Archie|234/384\n|-unboost|p2a: Magz|spa|2\n|-ability|p1a: Archie|Stamina|boost\n|-boost|p1a: Archie|def|1\n|\n|-weather|RainDance|[upkeep]\n|-fieldend|move: Trick Room\n|upkeep\n|turn|7\n|\n|t:|1711504905\n|move|p1b: Static|Nature's Madness|p2a: Magz\n|-damage|p2a: Magz|182/364\n|move|p1a: Archie|Electro Shot||[still]\n|-prepare|p1a: Archie|Electro Shot\n|-boost|p1a: Archie|spa|1\n|-anim|p1a: Archie|Electro Shot|p2b: Steely Dan\n|debug|electric terrain boost\n|-supereffective|p2b: Steely Dan\n|-damage|p2b: Steely Dan|0 fnt\n|faint|p2b: Steely Dan\n|-ability|p2a: Magz|Soul-Heart|boost\n|-boost|p2a: Magz|spa|1\n|move|p2a: Magz|Flash Cannon|p1b: Static\n|-damage|p1b: Static|0 fnt\n|faint|p1b: Static\n|-ability|p2a: Magz|Soul-Heart|boost\n|-boost|p2a: Magz|spa|1\n|\n|-weather|RainDance|[upkeep]\n|-heal|p2a: Magz|204/364|[from] item: Leftovers\n|upkeep\n|\n|t:|1711504922\n|switch|p1b: Death Fish|Basculegion, M|170/381\n|turn|8\n|\n|t:|1711504936\n|move|p1b: Death Fish|Last Respects|p2a: Magz\n|-damage|p2a: Magz|0 fnt\n|faint|p2a: Magz\n|\n|win|mistermoscow\n|l|☆noli_cannoli10\n|player|p2|\n","uploadtime":1711504968,"views":"22","formatid":"gen9doublescustomgame","rating":null,"private":0,"password":null}