{"id":"gen9doublescustomgame-2323365718","format":"[Gen 9] Doubles Custom Game","players":["mistermoscow","mattmandaman"],"log":"|j|☆mistermoscow\n|j|☆mattmandaman\n|t:|1742411999\n|gametype|doubles\n|player|p1|mistermoscow|alder|\n|player|p2|mattmandaman|giovanni|\n|teamsize|p1|6\n|teamsize|p2|6\n|gen|9\n|tier|[Gen 9] Doubles Custom Game\n|clearpoke\n|poke|p1|Nidoking, M|\n|poke|p1|Dugtrio, M|\n|poke|p1|Primeape, M|\n|poke|p1|Mr. Mime, M|\n|poke|p1|Jolteon, M|\n|poke|p1|Dragonite, M|\n|poke|p2|Slowpoke, M|\n|poke|p2|Dodrio, M|\n|poke|p2|Nidoking, M|\n|poke|p2|Starmie|\n|poke|p2|Electrode|\n|poke|p2|Gengar, F|\n|teampreview\n|\n|t:|1742412043\n|start\n|switch|p1a: Mimsy|Mr. Mime, M|284/284\n|switch|p1b: King Nido|Nidoking, M|304/304\n|switch|p2a: Electrode|Electrode|289/289\n|switch|p2b: Dodrio|Dodrio, M|262/262\n|turn|1\n|\n|t:|1742412156\n|move|p2a: Electrode|Protect|p2a: Electrode\n|-singleturn|p2a: Electrode|Protect\n|move|p2b: Dodrio|Protect|p2b: Dodrio\n|-singleturn|p2b: Dodrio|Protect\n|move|p1a: Mimsy|Fake Out|p2b: Dodrio\n|-activate|p2b: Dodrio|move: Protect\n|move|p1b: King Nido|Ice Beam|p2b: Dodrio\n|-activate|p2b: Dodrio|move: Protect\n|\n|upkeep\n|turn|2\n|\n|t:|1742412212\n|switch|p1a: Dougie|Dugtrio, M|212/212\n|move|p2a: Electrode|Metal Sound|p1a: Dougie\n|-unboost|p1a: Dougie|spd|2\n|move|p1b: King Nido|Ice Beam|p2b: Dodrio\n|-supereffective|p2b: Dodrio\n|-enditem|p2b: Dodrio|Focus Sash\n|-damage|p2b: Dodrio|1/262\n|move|p2b: Dodrio|Tailwind|p2b: Dodrio\n|-sidestart|p2: mattmandaman|move: Tailwind\n|\n|upkeep\n|turn|3\n|\n|t:|1742412250\n|switch|p1b: Apollo|Primeape, M|271/271\n|move|p1a: Dougie|Sucker Punch|p2b: Dodrio\n|-damage|p2b: Dodrio|0 fnt\n|faint|p2b: Dodrio\n|move|p2a: Electrode|Signal Beam|p1a: Dougie\n|-damage|p1a: Dougie|52/212\n|\n|upkeep\n|\n|t:|1742412272\n|switch|p2b: Slowpoke|Slowpoke, M|384/384\n|turn|4\n|\n|t:|1742412304\n|switch|p1a: Mimsy|Mr. Mime, M|284/284\n|switch|p1b: Sparky|Jolteon, M|272/272\n|move|p2a: Electrode|Signal Beam|p1a: Mimsy\n|-damage|p1a: Mimsy|225/284\n|move|p2b: Slowpoke|Psychic Terrain|p2b: Slowpoke\n|-fieldstart|move: Psychic Terrain\n|\n|-heal|p1a: Mimsy|242/284|[from] item: Leftovers\n|upkeep\n|turn|5\n|\n|t:|1742412384\n|move|p2a: Electrode|Metal Sound|p1a: Mimsy\n|-unboost|p1a: Mimsy|spd|2\n|move|p1b: Sparky|Volt Switch|p2b: Slowpoke\n|-supereffective|p2b: Slowpoke\n|-damage|p2b: Slowpoke|112/384\n|\n|t:|1742412392\n|switch|p1b: Puff Daddy|Dragonite, M|324/324|[from] Volt Switch\n|move|p1a: Mimsy|Seismic Toss|p2b: Slowpoke\n|-damage|p2b: Slowpoke|12/384\n|move|p2b: Slowpoke|Teleport|p2b: Slowpoke\n|\n|t:|1742412401\n|switch|p2b: Starmie|Starmie|262/262|[from] Teleport\n|\n|-heal|p1a: Mimsy|259/284|[from] item: Leftovers\n|-sideend|p2: mattmandaman|move: Tailwind\n|upkeep\n|turn|6\n|\n|t:|1742412419\n|move|p2a: Electrode|Electroweb|p1a: Mimsy|[spread] p1a,p1b\n|debug|Spread modifier: 0.75\n|debug|Spread modifier: 0.75\n|-damage|p1a: Mimsy|172/284\n|-damage|p1b: Puff Daddy|273/324\n|-unboost|p1a: Mimsy|spe|1\n|-unboost|p1b: Puff Daddy|spe|1\n|move|p2b: Starmie|Expanding Force|p1a: Mimsy|[spread] p1a,p1b\n|debug|psychic terrain boost\n|debug|terrain buff\n|debug|Spread modifier: 0.75\n|-resisted|p1a: Mimsy\n|debug|psychic terrain boost\n|debug|terrain buff\n|debug|Spread modifier: 0.75\n|-damage|p1a: Mimsy|0 fnt\n|-damage|p1b: Puff Daddy|0 fnt\n|faint|p1a: Mimsy\n|faint|p1b: Puff Daddy\n|\n|upkeep\n|\n|t:|1742412461\n|switch|p1b: Apollo|Primeape, M|271/271\n|switch|p1a: Sparky|Jolteon, M|272/272\n|turn|7\n|\n|t:|1742412480\n|switch|p2b: Slowpoke|Slowpoke, M|12/384\n|move|p1b: Apollo|Protect|p1b: Apollo\n|-singleturn|p1b: Apollo|Protect\n|move|p2a: Electrode|Metal Sound|p1b: Apollo\n|-activate|p1b: Apollo|move: Protect\n|move|p1a: Sparky|Electroweb|p2a: Electrode|[spread] p2a,p2b\n|debug|Spread modifier: 0.75\n|-resisted|p2a: Electrode\n|debug|Spread modifier: 0.75\n|-supereffective|p2b: Slowpoke\n|-damage|p2a: Electrode|252/289\n|-damage|p2b: Slowpoke|0 fnt\n|-unboost|p2a: Electrode|spe|1\n|faint|p2b: Slowpoke\n|\n|upkeep\n|\n|t:|1742412494\n|switch|p2b: Nidoking|Nidoking, M|304/304\n|turn|8\n|\n|t:|1742412522\n|move|p2b: Nidoking|Earth Power|p1a: Sparky\n|-supereffective|p1a: Sparky\n|-damage|p1a: Sparky|0 fnt\n|faint|p1a: Sparky\n|move|p2a: Electrode|Metal Sound|p1b: Apollo\n|-unboost|p1b: Apollo|spd|2\n|-ability|p1b: Apollo|Defiant|boost\n|-boost|p1b: Apollo|atk|2\n|move|p1b: Apollo|Rage Fist|p2b: Nidoking\n|-damage|p2b: Nidoking|163/304\n|\n|upkeep\n|\n|t:|1742412534\n|switch|p1a: Dougie|Dugtrio, M|52/212\n|turn|9\n|\n|t:|1742412588\n|switch|p1a: King Nido|Nidoking, M|304/304\n|move|p2b: Nidoking|Earth Power|p1a: King Nido\n|-supereffective|p1a: King Nido\n|-damage|p1a: King Nido|0 fnt\n|faint|p1a: King Nido\n|move|p2a: Electrode|Signal Beam|p1b: Apollo\n|-resisted|p1b: Apollo\n|-damage|p1b: Apollo|231/271\n|move|p1b: Apollo|Rage Fist|p2b: Nidoking\n|-damage|p2b: Nidoking|0 fnt\n|faint|p2b: Nidoking\n|\n|upkeep\n|\n|t:|1742412607\n|switch|p2b: Starmie|Starmie|262/262\n|switch|p1a: Dougie|Dugtrio, M|52/212\n|turn|10\n|\n|t:|1742412625\n|move|p1a: Dougie|Rock Slide|p2b: Starmie|[spread] p2a\n|-miss|p1a: Dougie|p2b: Starmie\n|debug|Spread modifier: 0.75\n|-damage|p2a: Electrode|181/289\n|move|p2b: Starmie|Expanding Force|p1a: Dougie|[spread] p1a,p1b\n|debug|psychic terrain boost\n|debug|terrain buff\n|debug|Spread modifier: 0.75\n|debug|psychic terrain boost\n|debug|terrain buff\n|debug|Spread modifier: 0.75\n|-supereffective|p1b: Apollo\n|-damage|p1a: Dougie|0 fnt\n|-damage|p1b: Apollo|0 fnt\n|faint|p1a: Dougie\n|faint|p1b: Apollo\n|\n|win|mattmandaman\n","uploadtime":1742412640,"views":"21","formatid":"gen9doublescustomgame","rating":null,"private":0,"password":null}