{"id":"gen9doublescustomgame-2286339875","format":"[Gen 9] Doubles Custom Game","players":["je64","Mattmandaman"],"log":"|j|☆je64\n|j|☆Mattmandaman\n|t:|1737593527\n|gametype|doubles\n|player|p1|je64|2|\n|player|p2|Mattmandaman|giovanni|\n|teamsize|p1|6\n|teamsize|p2|6\n|gen|9\n|tier|[Gen 9] Doubles Custom Game\n|clearpoke\n|poke|p1|Kadabra, M|\n|poke|p1|Exeggutor, F|\n|poke|p1|Hitmonchan, M|\n|poke|p1|Electabuzz, F|\n|poke|p1|Magmar, M|\n|poke|p1|Articuno|\n|poke|p2|Electrode|\n|poke|p2|Rhydon, F|\n|poke|p2|Machamp, F|\n|poke|p2|Dodrio, M|\n|poke|p2|Starmie|\n|poke|p2|Chansey, F|\n|teampreview\n|j| mistermoscow\n|\n|t:|1737593650\n|start\n|switch|p1a: San Ti Ren 三体人|Exeggutor, F|332/332\n|switch|p1b: Articu-no-hit-me|Articuno|384/384\n|switch|p2a: Dodrio|Dodrio, M|262/262\n|switch|p2b: Rhydon|Rhydon, F|352/352\n|turn|1\n|\n|t:|1737593695\n|switch|p2b: Chansey|Chansey, F|648/648\n|move|p1a: San Ti Ren 三体人|Protect|p1a: San Ti Ren 三体人\n|-singleturn|p1a: San Ti Ren 三体人|Protect\n|move|p2a: Dodrio|Frustration|p1a: San Ti Ren 三体人\n|-activate|p1a: San Ti Ren 三体人|move: Protect\n|move|p1b: Articu-no-hit-me|Sunny Day|p1b: Articu-no-hit-me\n|-weather|SunnyDay\n|\n|-weather|SunnyDay|[upkeep]\n|upkeep\n|turn|2\n|\n|t:|1737593754\n|switch|p2a: Starmie|Starmie|262/262\n|move|p1a: San Ti Ren 三体人|Expanding Force|p2a: Starmie\n|-resisted|p2a: Starmie\n|-damage|p2a: Starmie|173/262\n|move|p1b: Articu-no-hit-me|Tailwind|p1b: Articu-no-hit-me\n|-sidestart|p1: je64|move: Tailwind\n|move|p2b: Chansey|Thunder Wave|p1a: San Ti Ren 三体人\n|-status|p1a: San Ti Ren 三体人|par\n|\n|-weather|SunnyDay|[upkeep]\n|upkeep\n|turn|3\n|\n|t:|1737593806\n|move|p1b: Articu-no-hit-me|Sheer Cold|p2b: Chansey|[miss]\n|-miss|p1b: Articu-no-hit-me|p2b: Chansey\n|move|p2a: Starmie|Icy Wind|p1b: Articu-no-hit-me|[spread] p1a,p1b\n|debug|Spread modifier: 0.75\n|-supereffective|p1a: San Ti Ren 三体人\n|debug|Spread modifier: 0.75\n|-damage|p1a: San Ti Ren 三体人|202/332 par\n|-damage|p1b: Articu-no-hit-me|342/384\n|debug|Covert Cloak prevent secondary\n|-unboost|p1b: Articu-no-hit-me|spe|1\n|-damage|p2a: Starmie|147/262|[from] item: Life Orb\n|move|p1a: San Ti Ren 三体人|Giga Drain|p2a: Starmie\n|-supereffective|p2a: Starmie\n|-damage|p2a: Starmie|0 fnt\n|-heal|p1a: San Ti Ren 三体人|276/332 par|[from] drain|[of] p2a: Starmie\n|faint|p2a: Starmie\n|move|p2b: Chansey|Teleport|p2b: Chansey\n|\n|t:|1737593820\n|switch|p2b: Electrode|Electrode|299/299|[from] Teleport\n|\n|-weather|SunnyDay|[upkeep]\n|upkeep\n|\n|t:|1737593831\n|switch|p2a: Rhydon|Rhydon, F|352/352\n|turn|4\n|\n|t:|1737593859\n|switch|p1b: K.Dot|Kadabra, M|221/221\n|move|p2b: Electrode|Signal Beam|p1a: San Ti Ren 三体人\n|-supereffective|p1a: San Ti Ren 三体人\n|-damage|p1a: San Ti Ren 三体人|0 fnt\n|debug|Covert Cloak prevent secondary\n|faint|p1a: San Ti Ren 三体人\n|move|p2a: Rhydon|Rock Polish|p2a: Rhydon\n|-boost|p2a: Rhydon|spe|2\n|\n|-weather|SunnyDay|[upkeep]\n|upkeep\n|\n|t:|1737593884\n|switch|p1a: Myagmar|Magmar, M|271/271\n|turn|5\n|\n|t:|1737593904\n|move|p2b: Electrode|Protect|p2b: Electrode\n|-singleturn|p2b: Electrode|Protect\n|move|p2a: Rhydon|Protect|p2a: Rhydon\n|-singleturn|p2a: Rhydon|Protect\n|move|p1b: K.Dot|Expanding Force|p2a: Rhydon\n|-activate|p2a: Rhydon|move: Protect\n|move|p1a: Myagmar|Heat Wave|p2a: Rhydon|[spread] \n|-activate|p2a: Rhydon|move: Protect\n|-activate|p2b: Electrode|move: Protect\n|\n|-weather|SunnyDay|[upkeep]\n|-sideend|p1: je64|move: Tailwind\n|upkeep\n|turn|6\n|\n|t:|1737593996\n|switch|p2b: Dodrio|Dodrio, M|262/262\n|switch|p1a: Jackie|Hitmonchan, M|242/242\n|move|p1b: K.Dot|Protect|p1b: K.Dot\n|-singleturn|p1b: K.Dot|Protect\n|move|p2a: Rhydon|Earthquake|p1a: Jackie|[spread] p1a\n|-activate|p1b: K.Dot|move: Protect\n|-immune|p2b: Dodrio\n|debug|Spread modifier: 0.75\n|-damage|p1a: Jackie|68/242\n|\n|-weather|SunnyDay|[upkeep]\n|upkeep\n|turn|7\n|\n|t:|1737594044\n|move|p1a: Jackie|Fake Out|p2b: Dodrio\n|-damage|p2b: Dodrio|206/262\n|move|p2a: Rhydon|Earthquake|p1b: K.Dot|[spread] p1a,p1b\n|-immune|p2b: Dodrio\n|debug|Spread modifier: 0.75\n|debug|Spread modifier: 0.75\n|-damage|p1a: Jackie|0 fnt\n|-enditem|p1b: K.Dot|Focus Sash\n|-damage|p1b: K.Dot|1/221\n|faint|p1a: Jackie\n|cant|p2b: Dodrio|flinch\n|move|p1b: K.Dot|Thunder Wave|p2a: Rhydon\n|-activate|p2a: Rhydon|ability: Lightning Rod\n|-ability|p2a: Rhydon|Lightning Rod|boost\n|-boost|p2a: Rhydon|spa|1\n|\n|-weather|SunnyDay|[upkeep]\n|upkeep\n|\n|t:|1737594063\n|switch|p1a: Articu-no-hit-me|Articuno|342/384\n|turn|8\n|\n|t:|1737594098\n|move|p1b: K.Dot|Protect|p1b: K.Dot\n|-singleturn|p1b: K.Dot|Protect\n|move|p2a: Rhydon|Rock Slide|p1a: Articu-no-hit-me|[spread] \n|-activate|p1b: K.Dot|move: Protect\n|-miss|p2a: Rhydon|p1a: Articu-no-hit-me\n|move|p2b: Dodrio|Tailwind|p2b: Dodrio\n|-sidestart|p2: Mattmandaman|move: Tailwind\n|move|p1a: Articu-no-hit-me|Ice Beam|p2a: Rhydon\n|-supereffective|p2a: Rhydon\n|-damage|p2a: Rhydon|0 fnt\n|faint|p2a: Rhydon\n|\n|-weather|none\n|upkeep\n|\n|t:|1737594111\n|switch|p2a: Machamp|Machamp, F|371/371\n|turn|9\n|\n|t:|1737594257\n|switch|p1a: Buzz Lightyear|Electabuzz, F|334/334\n|move|p2b: Dodrio|Frustration|p1b: K.Dot\n|-damage|p1b: K.Dot|0 fnt\n|faint|p1b: K.Dot\n|move|p2a: Machamp|Stone Edge|p1a: Buzz Lightyear\n|-damage|p1a: Buzz Lightyear|235/334\n|\n|upkeep\n|\n|t:|1737594282\n|switch|p1b: Myagmar|Magmar, M|271/271\n|turn|10\n|\n|t:|1737594307\n|move|p1a: Buzz Lightyear|Follow Me|p1a: Buzz Lightyear\n|-singleturn|p1a: Buzz Lightyear|move: Follow Me\n|move|p2b: Dodrio|Frustration|p1a: Buzz Lightyear\n|debug|Follow Me redirected target of move\n|-damage|p1a: Buzz Lightyear|112/334\n|move|p2a: Machamp|Dynamic Punch|p1a: Buzz Lightyear\n|debug|Follow Me redirected target of move\n|debug|Punching Glove boost\n|-damage|p1a: Buzz Lightyear|0 fnt\n|debug|move failed because it did nothing\n|faint|p1a: Buzz Lightyear\n|move|p1b: Myagmar|Heat Wave|p2b: Dodrio|[spread] p2a,p2b\n|debug|Spread modifier: 0.75\n|debug|Spread modifier: 0.75\n|-damage|p2a: Machamp|182/371\n|-damage|p2b: Dodrio|0 fnt\n|faint|p2b: Dodrio\n|\n|upkeep\n|\n|t:|1737594324\n|switch|p2b: Electrode|Electrode|299/299\n|switch|p1a: Articu-no-hit-me|Articuno|342/384\n|turn|11\n|\n|t:|1737594379\n|move|p2b: Electrode|Electroweb|p1b: Myagmar|[spread] p1a,p1b\n|debug|Spread modifier: 0.75\n|-supereffective|p1a: Articu-no-hit-me\n|debug|Spread modifier: 0.75\n|-damage|p1a: Articu-no-hit-me|264/384\n|-damage|p1b: Myagmar|207/271\n|-unboost|p1a: Articu-no-hit-me|spe|1\n|-unboost|p1b: Myagmar|spe|1\n|move|p2a: Machamp|Stone Edge|p1b: Myagmar\n|-supereffective|p1b: Myagmar\n|-damage|p1b: Myagmar|0 fnt\n|faint|p1b: Myagmar\n|move|p1a: Articu-no-hit-me|Sheer Cold|p2b: Electrode|[miss]\n|-miss|p1a: Articu-no-hit-me|p2b: Electrode\n|\n|-sideend|p2: Mattmandaman|move: Tailwind\n|upkeep\n|turn|12\n|\n|t:|1737594404\n|move|p2b: Electrode|Electroweb|p1a: Articu-no-hit-me\n|-supereffective|p1a: Articu-no-hit-me\n|-damage|p1a: Articu-no-hit-me|154/384\n|-unboost|p1a: Articu-no-hit-me|spe|1\n|move|p2a: Machamp|Stone Edge|p1a: Articu-no-hit-me\n|-supereffective|p1a: Articu-no-hit-me\n|-damage|p1a: Articu-no-hit-me|0 fnt\n|faint|p1a: Articu-no-hit-me\n|\n|win|Mattmandaman\n","uploadtime":1737594464,"views":"24","formatid":"gen9doublescustomgame","rating":null,"private":0,"password":null}