{"id":"gen9doublescustomgame-2288351236","format":"[Gen 9] Doubles Custom Game","players":["mistermoscow","je64"],"log":"|j|☆mistermoscow\n|j|☆je64\n|t:|1737865885\n|gametype|doubles\n|player|p1|mistermoscow|alder|\n|player|p2|je64|101|\n|teamsize|p1|6\n|teamsize|p2|6\n|gen|9\n|tier|[Gen 9] Doubles Custom Game\n|clearpoke\n|poke|p1|Flareon, M|\n|poke|p1|Gengar, M|\n|poke|p1|Victreebel, M|\n|poke|p1|Jolteon, M|\n|poke|p1|Dragonite, M|\n|poke|p1|Fearow, M|\n|poke|p2|Kadabra, M|\n|poke|p2|Exeggutor, F|\n|poke|p2|Electabuzz, F|\n|poke|p2|Magmar, M|\n|poke|p2|Articuno|\n|poke|p2|Chansey, F|\n|teampreview\n|\n|t:|1737865965\n|start\n|switch|p1a: Sparky|Jolteon, M|271/271\n|switch|p1b: Bernie|Flareon, M|271/271\n|switch|p2a: Articu-no-hit-me|Articuno|384/384\n|switch|p2b: San Ti Ren 三体人|Exeggutor, F|332/332\n|turn|1\n|\n|t:|1737866001\n|switch|p2b: Lizzo|Chansey, F|704/704\n|move|p1a: Sparky|Electroweb|p2a: Articu-no-hit-me|[spread] p2a,p2b\n|debug|Spread modifier: 0.75\n|-supereffective|p2a: Articu-no-hit-me\n|debug|Spread modifier: 0.75\n|-damage|p2a: Articu-no-hit-me|282/384\n|-damage|p2b: Lizzo|658/704\n|-unboost|p2a: Articu-no-hit-me|spe|1\n|-unboost|p2b: Lizzo|spe|1\n|move|p1b: Bernie|Flare Blitz|p2b: Lizzo\n|-damage|p2b: Lizzo|331/704\n|-status|p2b: Lizzo|brn\n|-damage|p1b: Bernie|163/271|[from] Recoil\n|move|p2a: Articu-no-hit-me|Whirlwind|p1b: Bernie\n|drag|p1b: Big Bird|Fearow, M|334/334\n|\n|-damage|p2b: Lizzo|287/704 brn|[from] brn\n|upkeep\n|turn|2\n|c|☆je64|ugh\n|c|☆je64|the burn\n|\n|t:|1737866048\n|switch|p2a: Buzz Lightyear|Electabuzz, F|334/334\n|move|p1a: Sparky|Electroweb|p2a: Buzz Lightyear|[spread] p2a,p2b\n|debug|Spread modifier: 0.75\n|-resisted|p2a: Buzz Lightyear\n|debug|Spread modifier: 0.75\n|-crit|p2b: Lizzo\n|-damage|p2a: Buzz Lightyear|309/334\n|-damage|p2b: Lizzo|229/704 brn\n|-unboost|p2a: Buzz Lightyear|spe|1\n|-unboost|p2b: Lizzo|spe|1\n|move|p1b: Big Bird|Drill Peck|p2b: Lizzo\n|-damage|p2b: Lizzo|108/704 brn\n|move|p2b: Lizzo|Soft-Boiled|p2b: Lizzo\n|-heal|p2b: Lizzo|460/704 brn\n|\n|-damage|p2b: Lizzo|416/704 brn|[from] brn\n|upkeep\n|turn|3\n|\n|t:|1737866092\n|switch|p1b: Victor|Victreebel, M|333/333\n|move|p1a: Sparky|Sunny Day|p1a: Sparky\n|-weather|SunnyDay\n|move|p2a: Buzz Lightyear|Volt Switch|p1b: Victor\n|-resisted|p1b: Victor\n|-damage|p1b: Victor|282/333\n|\n|t:|1737866101\n|switch|p2a: Myagmar|Magmar, M|271/271|[from] Volt Switch\n|move|p2b: Lizzo|Toxic|p1a: Sparky\n|-status|p1a: Sparky|tox\n|\n|-weather|SunnyDay|[upkeep]\n|-heal|p1b: Victor|302/333|[from] item: Black Sludge\n|-damage|p1a: Sparky|255/271 tox|[from] psn\n|-damage|p2b: Lizzo|372/704 brn|[from] brn\n|upkeep\n|turn|4\n|\n|t:|1737866120\n|move|p1b: Victor|Sludge Bomb|p2a: Myagmar\n|-damage|p2a: Myagmar|93/271\n|-status|p2a: Myagmar|psn\n|move|p1a: Sparky|Electroweb|p2a: Myagmar|[spread] p2a,p2b\n|debug|Spread modifier: 0.75\n|debug|Spread modifier: 0.75\n|-damage|p2a: Myagmar|14/271 psn\n|-damage|p2b: Lizzo|327/704 brn\n|-unboost|p2a: Myagmar|spe|1\n|-unboost|p2b: Lizzo|spe|1\n|move|p2a: Myagmar|Heat Wave|p1b: Victor|[spread] p1a,p1b\n|debug|Spread modifier: 0.75\n|debug|Sunny Day fire boost\n|debug|Spread modifier: 0.75\n|debug|Sunny Day fire boost\n|-supereffective|p1b: Victor\n|-damage|p1a: Sparky|0 fnt\n|-damage|p1b: Victor|0 fnt\n|debug|Covert Cloak prevent secondary\n|faint|p1a: Sparky\n|faint|p1b: Victor\n|move|p2b: Lizzo|Teleport|p2b: Lizzo\n|\n|t:|1737866137\n|-curestatus|p2b: Lizzo|brn|[from] ability: Natural Cure\n|switch|p2b: San Ti Ren 三体人|Exeggutor, F|332/332|[from] Teleport\n|\n|-weather|SunnyDay|[upkeep]\n|-damage|p2a: Myagmar|0 fnt|[from] psn\n|faint|p2a: Myagmar\n|upkeep\n|\n|t:|1737866158\n|switch|p1a: Puff Daddy|Dragonite, M|386/386\n|switch|p2a: K.Dot|Kadabra, M|221/221\n|switch|p1b: Gang Gang|Gengar, M|262/262\n|turn|5\n|\n|t:|1737866177\n|move|p2b: San Ti Ren 三体人|Expanding Force|p1b: Gang Gang\n|-supereffective|p1b: Gang Gang\n|-enditem|p1b: Gang Gang|Focus Sash\n|-damage|p1b: Gang Gang|1/262\n|move|p1b: Gang Gang|Icy Wind|p2b: San Ti Ren 三体人|[spread] p2a,p2b\n|debug|Spread modifier: 0.75\n|-crit|p2a: K.Dot\n|debug|Spread modifier: 0.75\n|-supereffective|p2b: San Ti Ren 三体人\n|-damage|p2a: K.Dot|130/221\n|-damage|p2b: San Ti Ren 三体人|204/332\n|-unboost|p2a: K.Dot|spe|1\n|debug|Covert Cloak prevent secondary\n|move|p2a: K.Dot|Psychic Terrain|p2a: K.Dot\n|-fieldstart|move: Psychic Terrain\n|move|p1a: Puff Daddy|Dual Wingbeat|p2b: San Ti Ren 三体人\n|-supereffective|p2b: San Ti Ren 三体人\n|-damage|p2b: San Ti Ren 三体人|0 fnt\n|faint|p2b: San Ti Ren 三体人\n|-hitcount|p2: San Ti Ren 三体人|1\n|-damage|p1a: Puff Daddy|348/386|[from] item: Life Orb\n|\n|-weather|SunnyDay|[upkeep]\n|upkeep\n|c|☆je64|ouch\n|\n|t:|1737866200\n|switch|p2b: Articu-no-hit-me|Articuno|282/384\n|turn|6\n|\n|t:|1737866235\n|move|p2a: K.Dot|Protect|p2a: K.Dot\n|-singleturn|p2a: K.Dot|Protect\n|move|p1b: Gang Gang|Icy Wind|p2a: K.Dot|[spread] p2b\n|-activate|p2a: K.Dot|move: Protect\n|debug|Spread modifier: 0.75\n|-damage|p2b: Articu-no-hit-me|246/384\n|-unboost|p2b: Articu-no-hit-me|spe|1\n|move|p1a: Puff Daddy|Ice Spinner|p2a: K.Dot\n|-activate|p2a: K.Dot|move: Protect\n|move|p2b: Articu-no-hit-me|Tailwind|p2b: Articu-no-hit-me\n|-sidestart|p2: je64|move: Tailwind\n|\n|-weather|SunnyDay|[upkeep]\n|upkeep\n|turn|7\n|\n|t:|1737866301\n|switch|p2a: Lizzo|Chansey, F|327/704\n|move|p1a: Puff Daddy|Extreme Speed|p2b: Articu-no-hit-me\n|-hint|Psychic Terrain doesn't affect Pokémon immune to Ground.\n|-damage|p2b: Articu-no-hit-me|124/384\n|-damage|p1a: Puff Daddy|310/386|[from] item: Life Orb\n|move|p1b: Gang Gang|Icy Wind|p2a: Lizzo|[spread] p2a,p2b\n|debug|Spread modifier: 0.75\n|debug|Spread modifier: 0.75\n|-damage|p2a: Lizzo|299/704\n|-damage|p2b: Articu-no-hit-me|91/384\n|-unboost|p2a: Lizzo|spe|1\n|-unboost|p2b: Articu-no-hit-me|spe|1\n|move|p2b: Articu-no-hit-me|Ice Beam|p1a: Puff Daddy\n|-supereffective|p1a: Puff Daddy\n|-damage|p1a: Puff Daddy|0 fnt\n|faint|p1a: Puff Daddy\n|\n|-weather|none\n|upkeep\n|\n|t:|1737866317\n|switch|p1a: Big Bird|Fearow, M|334/334\n|turn|8\n|\n|t:|1737866336\n|move|p1b: Gang Gang|Shadow Ball|p2b: Articu-no-hit-me\n|-damage|p2b: Articu-no-hit-me|0 fnt\n|faint|p2b: Articu-no-hit-me\n|move|p1a: Big Bird|Tailwind|p1a: Big Bird\n|-sidestart|p1: mistermoscow|move: Tailwind\n|move|p2a: Lizzo|Soft-Boiled|p2a: Lizzo\n|-heal|p2a: Lizzo|651/704\n|\n|upkeep\n|\n|t:|1737866354\n|switch|p2b: Buzz Lightyear|Electabuzz, F|309/334\n|turn|9\n|\n|t:|1737866391\n|move|p1b: Gang Gang|Protect|p1b: Gang Gang\n|-singleturn|p1b: Gang Gang|Protect\n|move|p1a: Big Bird|Protect|p1a: Big Bird\n|-singleturn|p1a: Big Bird|Protect\n|move|p2b: Buzz Lightyear|Volt Switch|p1b: Gang Gang\n|-activate|p1b: Gang Gang|move: Protect\n|move|p2a: Lizzo|Toxic|p1a: Big Bird\n|-activate|p1a: Big Bird|move: Protect\n|\n|-sideend|p2: je64|move: Tailwind\n|-fieldend|move: Psychic Terrain\n|upkeep\n|turn|10\n|\n|t:|1737866412\n|move|p1b: Gang Gang|Shadow Ball|p2b: Buzz Lightyear\n|-damage|p2b: Buzz Lightyear|207/334\n|move|p1a: Big Bird|Sunny Day|p1a: Big Bird\n|-weather|SunnyDay\n|move|p2b: Buzz Lightyear|Volt Switch|p1b: Gang Gang\n|-damage|p1b: Gang Gang|0 fnt\n|faint|p1b: Gang Gang\n|\n|t:|1737866424\n|switch|p2b: K.Dot|Kadabra, M|130/221|[from] Volt Switch\n|move|p2a: Lizzo|Toxic|p1a: Big Bird\n|-status|p1a: Big Bird|tox\n|\n|-weather|SunnyDay|[upkeep]\n|-damage|p1a: Big Bird|314/334 tox|[from] psn\n|upkeep\n|\n|t:|1737866431\n|switch|p1b: Bernie|Flareon, M|163/271\n|turn|11\n|\n|t:|1737866453\n|move|p2b: K.Dot|Protect|p2b: K.Dot\n|-singleturn|p2b: K.Dot|Protect\n|move|p1a: Big Bird|Drill Peck|p2b: K.Dot\n|-activate|p2b: K.Dot|move: Protect\n|move|p1b: Bernie|Trailblaze|p2b: K.Dot\n|-activate|p2b: K.Dot|move: Protect\n|move|p2a: Lizzo|Seismic Toss|p1b: Bernie\n|-damage|p1b: Bernie|63/271\n|\n|-weather|SunnyDay|[upkeep]\n|-damage|p1a: Big Bird|274/334 tox|[from] psn\n|-sideend|p1: mistermoscow|move: Tailwind\n|-status|p1b: Bernie|tox|[from] item: Toxic Orb\n|upkeep\n|turn|12\n|\n|t:|1737866502\n|move|p1b: Bernie|Protect|p1b: Bernie\n|-singleturn|p1b: Bernie|Protect\n|move|p2b: K.Dot|Expanding Force|p1a: Big Bird\n|-damage|p1a: Big Bird|0 fnt\n|faint|p1a: Big Bird\n|debug|damage event failed\n|move|p2a: Lizzo|Seismic Toss|p1b: Bernie\n|-activate|p1b: Bernie|move: Protect\n|\n|-weather|SunnyDay|[upkeep]\n|-damage|p1b: Bernie|47/271 tox|[from] psn\n|upkeep\n|turn|13\n|c|☆je64|yay\n|c|☆mistermoscow|gg\n|\n|t:|1737866518\n|move|p2b: K.Dot|Expanding Force|p1b: Bernie\n|-damage|p1b: Bernie|0 fnt\n|faint|p1b: Bernie\n|debug|damage event failed\n|\n|win|je64\n|c|☆mistermoscow|one more?\n|c|☆je64|I thought ferrow would be faster\n|c|☆je64|sure\n","uploadtime":1737866534,"views":"13","formatid":"gen9doublescustomgame","rating":null,"private":0,"password":null}