{"id":"gen9doublescustomgame-2293868593","format":"[Gen 9] Doubles Custom Game","players":["je64","mistermoscow"],"log":"|j|☆je64\n|j|☆mistermoscow\n|t:|1738624797\n|gametype|doubles\n|player|p1|je64|1|\n|player|p2|mistermoscow|alder|\n|teamsize|p1|6\n|teamsize|p2|6\n|gen|9\n|tier|[Gen 9] Doubles Custom Game\n|clearpoke\n|poke|p1|Dugtrio, F|\n|poke|p1|Dodrio, M|\n|poke|p1|Dewgong, M|\n|poke|p1|Exeggutor, F|\n|poke|p1|Electabuzz, F|\n|poke|p1|Magmar, M|\n|poke|p2|Victreebel, M|\n|poke|p2|Dewgong, M|\n|poke|p2|Nidoking, M|\n|poke|p2|Poliwrath, M|\n|poke|p2|Gengar, M|\n|poke|p2|Dragonite, M|\n|teampreview\n|\n|t:|1738624856\n|start\n|switch|p1a: Dude Thong|Dewgong, M|384/384\n|switch|p1b: Shai-Hulud|Dugtrio, F|212/212\n|switch|p2a: Gang Gang|Gengar, M|262/262\n|switch|p2b: King Nido|Nidoking, M|304/304\n|debug|natural status immunity\n|turn|1\n|\n|t:|1738624906\n|move|p1a: Dude Thong|Fake Out|p2b: King Nido\n|-damage|p2b: King Nido|276/304\n|cant|p2b: King Nido|flinch\n|move|p1b: Shai-Hulud|Substitute|p1b: Shai-Hulud\n|-start|p1b: Shai-Hulud|Substitute\n|-damage|p1b: Shai-Hulud|159/212\n|move|p2a: Gang Gang|Icy Wind|p1b: Shai-Hulud|[spread] p1a,p1b\n|debug|Spread modifier: 0.75\n|-supereffective|p1b: Shai-Hulud\n|-crit|p1b: Shai-Hulud\n|-end|p1b: Shai-Hulud|Substitute\n|debug|Thick Fat weaken\n|debug|Spread modifier: 0.75\n|-resisted|p1a: Dude Thong\n|-damage|p1a: Dude Thong|380/384\n|-unboost|p1a: Dude Thong|spe|1\n|\n|upkeep\n|debug|natural status immunity\n|turn|2\n|\n|t:|1738624965\n|switch|p1b: Buzz Lightyear|Electabuzz, F|334/334\n|move|p2b: King Nido|Ice Beam|p1b: Buzz Lightyear\n|-damage|p1b: Buzz Lightyear|254/334\n|move|p2a: Gang Gang|Icy Wind|p1a: Dude Thong|[spread] p1a,p1b\n|debug|Thick Fat weaken\n|debug|Spread modifier: 0.75\n|-resisted|p1a: Dude Thong\n|debug|Spread modifier: 0.75\n|-damage|p1a: Dude Thong|376/384\n|-damage|p1b: Buzz Lightyear|219/334\n|-unboost|p1a: Dude Thong|spe|1\n|-unboost|p1b: Buzz Lightyear|spe|1\n|move|p1a: Dude Thong|Triple Axel|p2b: King Nido\n|-supereffective|p2b: King Nido\n|-damage|p2b: King Nido|228/304\n|-supereffective|p2b: King Nido\n|-damage|p2b: King Nido|144/304\n|-hitcount|p2b: King Nido|2\n|\n|upkeep\n|turn|3\n|c|☆je64|awww\n|\n|t:|1738625022\n|switch|p2b: Polly|Poliwrath, M|322/322\n|move|p2a: Gang Gang|Will-O-Wisp|p1b: Buzz Lightyear\n|-status|p1b: Buzz Lightyear|brn\n|move|p1b: Buzz Lightyear|Volt Switch|p2a: Gang Gang\n|-damage|p2a: Gang Gang|165/262\n|-start|p1b: Buzz Lightyear|Disable|Volt Switch|[from] ability: Cursed Body|[of] p2a: Gang Gang\n|\n|t:|1738625042\n|switch|p1b: El Chupacabra|Dodrio, M|262/262|[from] Volt Switch\n|move|p1a: Dude Thong|Knock Off|p2a: Gang Gang\n|-supereffective|p2a: Gang Gang\n|-damage|p2a: Gang Gang|0 fnt\n|-enditem|p2a: Gang Gang|Focus Sash|[from] move: Knock Off|[of] p1a: Dude Thong\n|faint|p2a: Gang Gang\n|\n|upkeep\n|\n|t:|1738625068\n|switch|p2a: Dewey|Dewgong, M|384/384\n|turn|4\n|\n|t:|1738625096\n|switch|p1a: Buzz Lightyear|Electabuzz, F|219/334 brn\n|move|p2a: Dewey|Fake Out|p1b: El Chupacabra\n|-damage|p1b: El Chupacabra|213/262\n|cant|p1b: El Chupacabra|flinch\n|move|p2b: Polly|Rock Slide|p1b: El Chupacabra|[spread] p1a,p1b\n|debug|Spread modifier: 0.75\n|debug|Spread modifier: 0.75\n|-supereffective|p1b: El Chupacabra\n|-damage|p1a: Buzz Lightyear|173/334 brn\n|-damage|p1b: El Chupacabra|67/262\n|\n|-damage|p1a: Buzz Lightyear|153/334 brn|[from] brn\n|upkeep\n|turn|5\n|\n|t:|1738625152\n|switch|p2b: Victor|Victreebel, M|364/364\n|move|p2a: Dewey|Ice Shard|p1b: El Chupacabra\n|-supereffective|p1b: El Chupacabra\n|-damage|p1b: El Chupacabra|0 fnt\n|faint|p1b: El Chupacabra\n|move|p1a: Buzz Lightyear|Electroweb|p2b: Victor|[spread] p2a,p2b\n|debug|Spread modifier: 0.75\n|-supereffective|p2a: Dewey\n|debug|Spread modifier: 0.75\n|-resisted|p2b: Victor\n|-damage|p2a: Dewey|298/384\n|-damage|p2b: Victor|336/364\n|-unboost|p2a: Dewey|spe|1\n|-unboost|p2b: Victor|spe|1\n|\n|-heal|p2a: Dewey|322/384|[from] item: Leftovers\n|-damage|p1a: Buzz Lightyear|133/334 brn|[from] brn\n|upkeep\n|c|☆je64|noooo\n|\n|t:|1738625171\n|switch|p1b: Myagmar|Magmar, M|334/334\n|turn|6\n|\n|t:|1738625213\n|move|p2b: Victor|Protect|p2b: Victor\n|-singleturn|p2b: Victor|Protect\n|move|p1a: Buzz Lightyear|Volt Switch|p2a: Dewey\n|-supereffective|p2a: Dewey\n|-damage|p2a: Dewey|142/384\n|\n|t:|1738625220\n|switch|p1a: Dude Thong|Dewgong, M|376/384|[from] Volt Switch\n|move|p1b: Myagmar|Overheat|p2b: Victor\n|-activate|p2b: Victor|move: Protect\n|move|p2a: Dewey|Flip Turn|p1b: Myagmar\n|-supereffective|p1b: Myagmar\n|-damage|p1b: Myagmar|220/334\n|-status|p2a: Dewey|brn|[from] ability: Flame Body|[of] p1b: Myagmar\n|c|☆mistermoscow|Oof\n|c|☆je64|yeah that was pretty big honestly\n|\n|t:|1738625252\n|switch|p2a: Puff Daddy|Dragonite, M|323/323|[from] Flip Turn\n|\n|upkeep\n|turn|7\n|\n|t:|1738625285\n|switch|p2b: Dewey|Dewgong, M|142/384 brn\n|move|p2a: Puff Daddy|Extreme Speed|p1b: Myagmar\n|-damage|p1b: Myagmar|137/334\n|move|p1b: Myagmar|Will-O-Wisp|p2a: Puff Daddy\n|-status|p2a: Puff Daddy|brn\n|move|p1a: Dude Thong|Triple Axel|p2b: Dewey\n|debug|Thick Fat weaken\n|-resisted|p2b: Dewey\n|-damage|p2b: Dewey|139/384 brn\n|debug|Thick Fat weaken\n|-resisted|p2b: Dewey\n|-damage|p2b: Dewey|134/384 brn\n|debug|Thick Fat weaken\n|-resisted|p2b: Dewey\n|-damage|p2b: Dewey|127/384 brn\n|-hitcount|p2b: Dewey|3\n|\n|-heal|p2b: Dewey|151/384 brn|[from] item: Leftovers\n|-damage|p2a: Puff Daddy|303/323 brn|[from] brn\n|-damage|p2b: Dewey|127/384 brn|[from] brn\n|upkeep\n|turn|8\n|c|☆mistermoscow|That did nothing...\n|\n|t:|1738625330\n|switch|p1b: Buzz Lightyear|Electabuzz, F|133/334 brn\n|move|p2b: Dewey|Fake Out|p1a: Dude Thong\n|-damage|p1a: Dude Thong|361/384\n|move|p2a: Puff Daddy|Rain Dance|p2a: Puff Daddy\n|-weather|RainDance\n|cant|p1a: Dude Thong|flinch\n|\n|-weather|RainDance|[upkeep]\n|-heal|p2b: Dewey|151/384 brn|[from] item: Leftovers\n|-damage|p2a: Puff Daddy|283/323 brn|[from] brn\n|-damage|p1b: Buzz Lightyear|113/334 brn|[from] brn\n|-damage|p2b: Dewey|127/384 brn|[from] brn\n|upkeep\n|turn|9\n|\n|t:|1738625352\n|switch|p2b: Polly|Poliwrath, M|322/322\n|move|p2a: Puff Daddy|Extreme Speed|p1b: Buzz Lightyear\n|-damage|p1b: Buzz Lightyear|71/334 brn\n|move|p1b: Buzz Lightyear|Volt Switch|p2b: Polly\n|-supereffective|p2b: Polly\n|-damage|p2b: Polly|202/322\n|\n|t:|1738625365\n|switch|p1b: Shai-Hulud|Dugtrio, F|159/212|[from] Volt Switch\n|move|p1a: Dude Thong|Triple Axel|p2a: Puff Daddy\n|-supereffective|p2a: Puff Daddy\n|-damage|p2a: Puff Daddy|199/323 brn\n|-supereffective|p2a: Puff Daddy\n|-damage|p2a: Puff Daddy|43/323 brn\n|-supereffective|p2a: Puff Daddy\n|-damage|p2a: Puff Daddy|0 fnt\n|faint|p2a: Puff Daddy\n|-hitcount|p2: Puff Daddy|3\n|\n|-weather|RainDance|[upkeep]\n|upkeep\n|\n|t:|1738625387\n|switch|p2a: King Nido|Nidoking, M|144/304\n|turn|10\n|\n|t:|1738625457\n|move|p2a: King Nido|Surf|p1a: Dude Thong|[spread] p1a,p1b\n|-heal|p2b: Polly|282/322|[from] ability: Water Absorb|[of] p2a: King Nido\n|debug|Spread modifier: 0.75\n|debug|rain water boost\n|-resisted|p1a: Dude Thong\n|debug|Spread modifier: 0.75\n|debug|rain water boost\n|-supereffective|p1b: Shai-Hulud\n|-damage|p1a: Dude Thong|325/384\n|-damage|p1b: Shai-Hulud|0 fnt\n|faint|p1b: Shai-Hulud\n|move|p2b: Polly|Drain Punch|p1a: Dude Thong\n|-supereffective|p1a: Dude Thong\n|-damage|p1a: Dude Thong|115/384\n|-heal|p2b: Polly|322/322|[from] drain|[of] p1a: Dude Thong\n|move|p1a: Dude Thong|Triple Axel|p2a: King Nido\n|-supereffective|p2a: King Nido\n|-damage|p2a: King Nido|102/304\n|-supereffective|p2a: King Nido\n|-damage|p2a: King Nido|16/304\n|-hitcount|p2a: King Nido|2\n|\n|-weather|RainDance|[upkeep]\n|upkeep\n|c|☆je64|god damn dude\n|c|☆je64|bad luck\n|c|☆mistermoscow|Huge miss there\n|\n|t:|1738625496\n|switch|p1b: San Ti Ren 三体人|Exeggutor, F|332/332\n|turn|11\n|\n|t:|1738625557\n|switch|p2a: Dewey|Dewgong, M|127/384 brn\n|move|p1b: San Ti Ren 三体人|Psychic|p2b: Polly\n|-supereffective|p2b: Polly\n|-damage|p2b: Polly|86/322\n|move|p1a: Dude Thong|Flip Turn|p2a: Dewey\n|debug|rain water boost\n|-resisted|p2a: Dewey\n|-damage|p2a: Dewey|77/384 brn\n|\n|t:|1738625565\n|switch|p1a: Myagmar|Magmar, M|137/334|[from] Flip Turn\n|move|p2b: Polly|Circle Throw|p1b: San Ti Ren 三体人\n|-resisted|p1b: San Ti Ren 三体人\n|-damage|p1b: San Ti Ren 三体人|278/332\n|drag|p1b: Dude Thong|Dewgong, M|115/384\n|\n|-weather|RainDance|[upkeep]\n|-heal|p2a: Dewey|101/384 brn|[from] item: Leftovers\n|-damage|p2a: Dewey|77/384 brn|[from] brn\n|upkeep\n|turn|12\n|\n|t:|1738625608\n|move|p1b: Dude Thong|Fake Out|p2a: Dewey\n|-damage|p2a: Dewey|46/384 brn\n|cant|p2a: Dewey|flinch\n|move|p1a: Myagmar|Sunny Day|p1a: Myagmar\n|-weather|SunnyDay\n|move|p2b: Polly|Rock Slide|p1a: Myagmar|[spread] p1a,p1b\n|debug|Spread modifier: 0.75\n|-supereffective|p1a: Myagmar\n|debug|Spread modifier: 0.75\n|-supereffective|p1b: Dude Thong\n|-damage|p1a: Myagmar|43/334\n|-damage|p1b: Dude Thong|15/384\n|\n|-weather|SunnyDay|[upkeep]\n|-heal|p2a: Dewey|70/384 brn|[from] item: Leftovers\n|-damage|p2a: Dewey|46/384 brn|[from] brn\n|upkeep\n|turn|13\n|\n|t:|1738625659\n|move|p2a: Dewey|Ice Shard|p1b: Dude Thong\n|debug|Thick Fat weaken\n|-resisted|p1b: Dude Thong\n|-damage|p1b: Dude Thong|12/384\n|move|p1a: Myagmar|Will-O-Wisp|p2b: Polly\n|-status|p2b: Polly|brn\n|move|p2b: Polly|Rock Slide|p1b: Dude Thong|[spread] p1a,p1b\n|debug|Spread modifier: 0.75\n|-supereffective|p1a: Myagmar\n|debug|Spread modifier: 0.75\n|-supereffective|p1b: Dude Thong\n|-damage|p1a: Myagmar|0 fnt\n|-damage|p1b: Dude Thong|0 fnt\n|faint|p1a: Myagmar\n|faint|p1b: Dude Thong\n|\n|-weather|SunnyDay|[upkeep]\n|-heal|p2a: Dewey|70/384 brn|[from] item: Leftovers\n|-damage|p2a: Dewey|46/384 brn|[from] brn\n|-damage|p2b: Polly|66/322 brn|[from] brn\n|upkeep\n|\n|t:|1738625674\n|switch|p1a: San Ti Ren 三体人|Exeggutor, F|278/332\n|switch|p1b: Buzz Lightyear|Electabuzz, F|71/334 brn\n|turn|14\n|c|☆mistermoscow|Wow, not even 1% on that ice shard lmao\n|c|☆je64|that's nuts haha\n|c|☆je64|burned\n|c|☆je64|and 1/4x\n|\n|t:|1738625721\n|move|p1b: Buzz Lightyear|Follow Me|p1b: Buzz Lightyear\n|-singleturn|p1b: Buzz Lightyear|move: Follow Me\n|move|p2a: Dewey|Ice Shard|p1b: Buzz Lightyear\n|debug|Follow Me redirected target of move\n|-damage|p1b: Buzz Lightyear|53/334 brn\n|move|p1a: San Ti Ren 三体人|Psychic|p2a: Dewey\n|-damage|p2a: Dewey|0 fnt\n|faint|p2a: Dewey\n|move|p2b: Polly|Rock Slide|p1b: Buzz Lightyear|[spread] p1b\n|-miss|p2b: Polly|p1a: San Ti Ren 三体人\n|debug|Spread modifier: 0.75\n|-damage|p1b: Buzz Lightyear|32/334 brn\n|\n|-weather|SunnyDay|[upkeep]\n|-damage|p1b: Buzz Lightyear|12/334 brn|[from] brn\n|-damage|p2b: Polly|46/322 brn|[from] brn\n|upkeep\n|\n|t:|1738625736\n|switch|p2a: Victor|Victreebel, M|336/364\n|turn|15\n|\n|t:|1738625759\n|move|p1b: Buzz Lightyear|Follow Me|p1b: Buzz Lightyear\n|-singleturn|p1b: Buzz Lightyear|move: Follow Me\n|move|p2a: Victor|Sucker Punch||[still]\n|debug|Follow Me redirected target of move\n|-fail|p2a: Victor\n|move|p1a: San Ti Ren 三体人|Psychic|p2a: Victor\n|-supereffective|p2a: Victor\n|-damage|p2a: Victor|0 fnt\n|faint|p2a: Victor\n|move|p2b: Polly|Drain Punch|p1b: Buzz Lightyear\n|debug|Follow Me redirected target of move\n|-damage|p1b: Buzz Lightyear|0 fnt\n|-heal|p2b: Polly|52/322 brn|[from] drain|[of] p1b: Buzz Lightyear\n|faint|p1b: Buzz Lightyear\n|\n|-weather|SunnyDay|[upkeep]\n|-damage|p2b: Polly|32/322 brn|[from] brn\n|upkeep\n|\n|t:|1738625778\n|switch|p2a: King Nido|Nidoking, M|16/304\n|turn|16\n|c|☆mistermoscow|This was a close one\n|c|☆je64|damn that tripple axel\n|c|☆je64|for not hitting all 3\n|\n|t:|1738625805\n|move|p1a: San Ti Ren 三体人|Psychic|p2a: King Nido\n|-supereffective|p2a: King Nido\n|-damage|p2a: King Nido|0 fnt\n|faint|p2a: King Nido\n|move|p2b: Polly|Rock Slide|p1a: San Ti Ren 三体人\n|-damage|p1a: San Ti Ren 三体人|230/332\n|\n|-weather|none\n|-damage|p2b: Polly|12/322 brn|[from] brn\n|upkeep\n|turn|17\n|c|☆je64|oh you were slower\n|c|☆je64|thank god\n|c|☆je64|ggs\n|c|☆mistermoscow|How? I have choice scarf plus max speed evs\n|c|☆je64|I'm also max speed\n|c|☆je64|in the sun\n|c|☆mistermoscow|Oh fuck, forgot about chlorophyll, fuck\n|\n|t:|1738625875\n|move|p1a: San Ti Ren 三体人|Protect|p1a: San Ti Ren 三体人\n|-singleturn|p1a: San Ti Ren 三体人|Protect\n|move|p2b: Polly|Rock Slide|p1a: San Ti Ren 三体人\n|-activate|p1a: San Ti Ren 三体人|move: Protect\n|\n|-damage|p2b: Polly|0 fnt|[from] brn\n|faint|p2b: Polly\n|\n|win|je64\n|upkeep\n|c|☆mistermoscow|Gg\n|c|☆je64|ggs man\n|c|☆je64|that was really close\n|c|☆mistermoscow|Yeah, fucking didn't realize you'd be faster there. Might have played those last turns different lol\n|c|☆je64|depends if you had protect on poli\n","uploadtime":1738625958,"views":"16","formatid":"gen9doublescustomgame","rating":null,"private":0,"password":null}