{"id":"gen9doublescustomgame-2265013442","format":"[Gen 9] Doubles Custom Game","players":["mistermoscow","Mattmandaman"],"log":"|badge|p2|gold|gen9doublesou|3-3\n|uhtml|medal-msg|<div class=\"broadcast-blue\">Curious what those medals under the avatar are? PS now has Ladder Seasons! For more information, check out the <a href=\"https://www.smogon.com/forums/threads/3740067/\">thread on Smogon.</a></div>\n|j|☆mistermoscow\n|j|☆Mattmandaman\n|t:|1734480568\n|gametype|doubles\n|player|p1|mistermoscow|alder|\n|player|p2|Mattmandaman|giovanni|\n|teamsize|p1|6\n|teamsize|p2|6\n|gen|9\n|tier|[Gen 9] Doubles Custom Game\n|clearpoke\n|poke|p1|Butterfree, F|\n|poke|p1|Fearow, M|\n|poke|p1|Clefairy, M|\n|poke|p1|Poliwrath, F|\n|poke|p1|Victreebel, M|\n|poke|p1|Snorlax, M|\n|poke|p2|Primeape, M|\n|poke|p2|Marowak, F|\n|poke|p2|Dodrio, M|\n|poke|p2|Gengar, M|\n|poke|p2|Pikachu, F|\n|poke|p2|Tentacruel, F|\n|teampreview\n|\n|t:|1734480616\n|start\n|switch|p1a: Polly|Poliwrath, F|384/384\n|switch|p1b: Clifford|Clefairy, M|344/344\n|switch|p2a: Dodrio|Dodrio, M|262/262\n|switch|p2b: Primeape|Primeape, M|272/272\n|turn|1\n|\n|t:|1734480712\n|switch|p2b: Gengar|Gengar, M|262/262\n|move|p2a: Dodrio|Brave Bird|p1a: Polly\n|-supereffective|p1a: Polly\n|debug|Friend Guard weaken\n|-damage|p1a: Polly|96/384\n|-damage|p2a: Dodrio|167/262|[from] Recoil\n|move|p1a: Polly|Ice Punch|p2a: Dodrio\n|-supereffective|p2a: Dodrio\n|-damage|p2a: Dodrio|0 fnt\n|debug|Covert Cloak prevent secondary\n|faint|p2a: Dodrio\n|move|p1b: Clifford|Minimize|p1b: Clifford\n|-boost|p1b: Clifford|evasion|2\n|\n|upkeep\n|\n|t:|1734480734\n|switch|p2a: Marowak|Marowak, F|262/262\n|turn|2\n|\n|t:|1734480788\n|move|p2b: Gengar|Sludge Bomb|p1a: Polly\n|debug|Friend Guard weaken\n|-damage|p1a: Polly|0 fnt\n|faint|p1a: Polly\n|move|p2a: Marowak|Stealth Rock|p1b: Clifford\n|-sidestart|p1: mistermoscow|move: Stealth Rock\n|move|p1b: Clifford|Minimize|p1b: Clifford\n|-boost|p1b: Clifford|evasion|2\n|\n|upkeep\n|\n|t:|1734480829\n|switch|p1a: Victor|Victreebel, M|333/333\n|-damage|p1a: Victor|292/333|[from] Stealth Rock\n|turn|3\n|\n|t:|1734480865\n|switch|p2a: Primeape|Primeape, M|272/272\n|move|p1a: Victor|Sucker Punch||[still]\n|-fail|p1a: Victor\n|move|p2b: Gengar|Will-O-Wisp|p1a: Victor\n|-status|p1a: Victor|brn\n|move|p1b: Clifford|Heal Pulse|p1a: Victor\n|-heal|p1a: Victor|333/333 brn\n|\n|-damage|p1a: Victor|313/333 brn|[from] brn\n|upkeep\n|turn|4\n|\n|t:|1734480889\n|move|p2b: Gengar|Haze|p2b: Gengar\n|-clearallboost\n|move|p2a: Primeape|Rock Slide|p1b: Clifford|[spread] p1a,p1b\n|debug|Spread modifier: 0.75\n|debug|Friend Guard weaken\n|debug|Spread modifier: 0.75\n|-damage|p1a: Victor|255/333 brn\n|-damage|p1b: Clifford|295/344\n|cant|p1a: Victor|flinch\n|move|p1b: Clifford|Minimize|p1b: Clifford\n|-boost|p1b: Clifford|evasion|2\n|\n|-heal|p1a: Victor|275/333 brn|[from] item: Black Sludge\n|-damage|p1a: Victor|255/333 brn|[from] brn\n|upkeep\n|turn|5\n|\n|t:|1734480909\n|move|p2b: Gengar|Sludge Bomb|p1b: Clifford\n|-supereffective|p1b: Clifford\n|-damage|p1b: Clifford|25/344\n|move|p2a: Primeape|Rock Slide|p1b: Clifford|[spread] \n|-miss|p2a: Primeape|p1a: Victor\n|-miss|p2a: Primeape|p1b: Clifford\n|move|p1a: Victor|Sleep Powder|p2b: Gengar\n|-status|p2b: Gengar|slp|[from] move: Sleep Powder\n|move|p1b: Clifford|Heal Pulse|p1a: Victor\n|-heal|p1a: Victor|333/333 brn\n|\n|-damage|p1a: Victor|313/333 brn|[from] brn\n|upkeep\n|turn|6\n|\n|t:|1734480950\n|cant|p2b: Gengar|slp\n|move|p2a: Primeape|Rock Slide|p1a: Victor|[spread] p1a,p1b\n|debug|Spread modifier: 0.75\n|debug|Friend Guard weaken\n|debug|Spread modifier: 0.75\n|-damage|p1a: Victor|250/333 brn\n|-damage|p1b: Clifford|0 fnt\n|faint|p1b: Clifford\n|cant|p1a: Victor|flinch\n|\n|-heal|p1a: Victor|270/333 brn|[from] item: Black Sludge\n|-damage|p1a: Victor|250/333 brn|[from] brn\n|upkeep\n|c|☆Mattmandaman|lotta flinches tn sry\n|\n|t:|1734480966\n|switch|p1b: Purple Haze|Butterfree, F|262/262\n|-damage|p1b: Purple Haze|131/262|[from] Stealth Rock\n|turn|7\n|\n|t:|1734480978\n|move|p1a: Victor|Sucker Punch|p2b: Gengar\n|-supereffective|p2b: Gengar\n|-damage|p2b: Gengar|145/262 slp\n|cant|p2b: Gengar|slp\n|move|p2a: Primeape|Rock Slide|p1a: Victor|[spread] p1a,p1b\n|debug|Spread modifier: 0.75\n|debug|Spread modifier: 0.75\n|-supereffective|p1b: Purple Haze\n|-crit|p1b: Purple Haze\n|-damage|p1a: Victor|170/333 brn\n|-damage|p1b: Purple Haze|0 fnt\n|debug|move failed because it did nothing\n|faint|p1b: Purple Haze\n|\n|-heal|p1a: Victor|190/333 brn|[from] item: Black Sludge\n|-damage|p1a: Victor|170/333 brn|[from] brn\n|upkeep\n|\n|t:|1734480990\n|switch|p1b: Big Bird|Fearow, M|271/271\n|-damage|p1b: Big Bird|204/271|[from] Stealth Rock\n|turn|8\n|\n|t:|1734481002\n|move|p1a: Victor|Protect|p1a: Victor\n|-singleturn|p1a: Victor|Protect\n|move|p1b: Big Bird|Drill Run|p2b: Gengar\n|-supereffective|p2b: Gengar\n|-damage|p2b: Gengar|0 fnt\n|-start|p1b: Big Bird|Disable|Drill Run|[from] ability: Cursed Body|[of] p2b: Gengar\n|faint|p2b: Gengar\n|move|p2a: Primeape|Rock Slide|p1a: Victor|[spread] p1b\n|-activate|p1a: Victor|move: Protect\n|debug|Spread modifier: 0.75\n|-supereffective|p1b: Big Bird\n|-damage|p1b: Big Bird|34/271\n|debug|Covert Cloak prevent secondary\n|\n|-heal|p1a: Victor|190/333 brn|[from] item: Black Sludge\n|-damage|p1a: Victor|170/333 brn|[from] brn\n|upkeep\n|\n|t:|1734481021\n|switch|p2b: Pikachu|Pikachu, F|211/211\n|turn|9\n|\n|t:|1734481044\n|switch|p2a: Tentacruel|Tentacruel, F|364/364\n|move|p2b: Pikachu|Fake Out|p1b: Big Bird\n|-damage|p1b: Big Bird|0 fnt\n|debug|Covert Cloak prevent secondary\n|faint|p1b: Big Bird\n|move|p1a: Victor|Leaf Blade|p2b: Pikachu\n|-crit|p2b: Pikachu\n|-damage|p2b: Pikachu|0 fnt\n|faint|p2b: Pikachu\n|\n|-heal|p1a: Victor|190/333 brn|[from] item: Black Sludge\n|-damage|p1a: Victor|170/333 brn|[from] brn\n|upkeep\n|\n|t:|1734481060\n|switch|p1b: Snax|Snorlax, M|524/524\n|switch|p2b: Primeape|Primeape, M|272/272\n|-damage|p1b: Snax|459/524|[from] Stealth Rock\n|turn|10\n|\n|t:|1734481093\n|move|p2a: Tentacruel|Safeguard|p2a: Tentacruel\n|-sidestart|p2: Mattmandaman|Safeguard\n|move|p2b: Primeape|Drain Punch|p1b: Snax\n|-supereffective|p1b: Snax\n|-damage|p1b: Snax|237/524\n|move|p1a: Victor|Leaf Blade|p2b: Primeape\n|-damage|p2b: Primeape|198/272\n|move|p1b: Snax|Double-Edge|p2b: Primeape\n|-damage|p2b: Primeape|41/272\n|-damage|p1b: Snax|185/524|[from] Recoil\n|\n|-heal|p1a: Victor|190/333 brn|[from] item: Black Sludge\n|-heal|p1b: Snax|217/524|[from] item: Leftovers\n|-damage|p1a: Victor|170/333 brn|[from] brn\n|upkeep\n|turn|11\n|\n|t:|1734481111\n|move|p1a: Victor|Protect|p1a: Victor\n|-singleturn|p1a: Victor|Protect\n|move|p2a: Tentacruel|Icy Wind|p1a: Victor|[spread] p1b\n|-activate|p1a: Victor|move: Protect\n|debug|Spread modifier: 0.75\n|-damage|p1b: Snax|192/524\n|-unboost|p1b: Snax|spe|1\n|move|p2b: Primeape|Drain Punch|p1b: Snax\n|-supereffective|p1b: Snax\n|-damage|p1b: Snax|0 fnt\n|-heal|p2b: Primeape|137/272|[from] drain|[of] p1b: Snax\n|faint|p1b: Snax\n|\n|-heal|p1a: Victor|190/333 brn|[from] item: Black Sludge\n|-damage|p1a: Victor|170/333 brn|[from] brn\n|upkeep\n|turn|12\n|-message|mistermoscow forfeited.\n|\n|win|Mattmandaman\n|c|☆mistermoscow|can we turn off rng please?\n|c|☆Mattmandaman|lmao those flinches never gave you a chance\n|c|☆mistermoscow|so many flinches\n|c|☆mistermoscow|gg tho i guess\n","uploadtime":1734481175,"views":"48","formatid":"gen9doublescustomgame","rating":null,"private":0,"password":null}