{"id":"gen9doublescustomgame-2279957587","format":"[Gen 9] Doubles Custom Game","players":["mistermoscow","Mattmandaman"],"log":"|j|☆mistermoscow\n|j|☆Mattmandaman\n|t:|1736727952\n|gametype|doubles\n|player|p1|mistermoscow|alder|\n|player|p2|Mattmandaman|giovanni|\n|teamsize|p1|6\n|teamsize|p2|6\n|gen|9\n|tier|[Gen 9] Doubles Custom Game\n|clearpoke\n|poke|p1|Butterfree, F|\n|poke|p1|Fearow, M|\n|poke|p1|Clefairy, M|\n|poke|p1|Poliwrath, F|\n|poke|p1|Victreebel, M|\n|poke|p1|Ditto|\n|poke|p2|Primeape, M|\n|poke|p2|Marowak, F|\n|poke|p2|Dodrio, F|\n|poke|p2|Gengar, M|\n|poke|p2|Pikachu, M|\n|poke|p2|Electrode|\n|teampreview\n|\n|t:|1736728017\n|start\n|switch|p1a: Purple Haze|Butterfree, F|262/262\n|switch|p1b: Big Bird|Fearow, M|272/272\n|switch|p2a: Electrode|Electrode|324/324\n|switch|p2b: Pikachu|Pikachu, M|211/211\n|turn|1\n|\n|t:|1736728046\n|switch|p1a: Imp|Ditto|300/300\n|-transform|p1a: Imp|p2b: Pikachu|[from] ability: Imposter\n|move|p1b: Big Bird|Protect|p1b: Big Bird\n|-singleturn|p1b: Big Bird|Protect\n|move|p2a: Electrode|Thunderbolt|p1b: Big Bird\n|-activate|p1b: Big Bird|move: Protect\n|move|p2b: Pikachu|Volt Switch|p1a: Imp\n|-resisted|p1a: Imp\n|-damage|p1a: Imp|215/300\n|\n|t:|1736728064\n|switch|p2b: Gengar|Gengar, M|262/262|[from] Volt Switch\n|\n|upkeep\n|turn|2\n|\n|t:|1736728100\n|move|p1a: Imp|Fake Out|p2a: Electrode\n|-damage|p2a: Electrode|290/324\n|cant|p2a: Electrode|flinch\n|move|p1b: Big Bird|Tailwind|p1b: Big Bird\n|-sidestart|p1: mistermoscow|move: Tailwind\n|move|p2b: Gengar|Sludge Bomb|p1a: Imp\n|-damage|p1a: Imp|0 fnt\n|faint|p1a: Imp\n|\n|upkeep\n|\n|t:|1736728138\n|switch|p1a: Purple Haze|Butterfree, F|262/262\n|turn|3\n|\n|t:|1736728150\n|move|p2a: Electrode|Protect|p2a: Electrode\n|-singleturn|p2a: Electrode|Protect\n|move|p2b: Gengar|Protect|p2b: Gengar\n|-singleturn|p2b: Gengar|Protect\n|move|p1a: Purple Haze|Sleep Powder|p2a: Electrode\n|-activate|p2a: Electrode|move: Protect\n|move|p1b: Big Bird|Drill Peck|p2b: Gengar\n|-activate|p2b: Gengar|move: Protect\n|\n|upkeep\n|turn|4\n|\n|t:|1736728179\n|switch|p2b: Primeape|Primeape, M|272/272\n|move|p1a: Purple Haze|Sleep Powder|p2a: Electrode\n|debug|compoundeyes - enhancing accuracy\n|-status|p2a: Electrode|slp|[from] move: Sleep Powder\n|move|p1b: Big Bird|Drill Peck|p2a: Electrode\n|-resisted|p2a: Electrode\n|-damage|p2a: Electrode|212/324 slp\n|-status|p1b: Big Bird|par|[from] ability: Static|[of] p2a: Electrode\n|cant|p2a: Electrode|slp\n|\n|upkeep\n|turn|5\n|\n|t:|1736728214\n|switch|p1a: Victor|Victreebel, M|364/364\n|move|p2b: Primeape|Protect|p2b: Primeape\n|-singleturn|p2b: Primeape|Protect\n|-curestatus|p2a: Electrode|slp|[msg]\n|move|p2a: Electrode|Electroweb|p1a: Victor|[spread] p1a,p1b\n|debug|Spread modifier: 0.75\n|-resisted|p1a: Victor\n|debug|Spread modifier: 0.75\n|-supereffective|p1b: Big Bird\n|-damage|p1a: Victor|321/364\n|-damage|p1b: Big Bird|56/272 par\n|-unboost|p1a: Victor|spe|1\n|debug|Covert Cloak prevent secondary\n|move|p1b: Big Bird|Drill Peck|p2b: Primeape\n|-activate|p2b: Primeape|move: Protect\n|\n|-sideend|p1: mistermoscow|move: Tailwind\n|upkeep\n|turn|6\n|\n|t:|1736728239\n|switch|p1b: Clifford|Clefairy, M|344/344\n|move|p2a: Electrode|Electroweb|p1b: Clifford|[spread] p1a,p1b\n|debug|Spread modifier: 0.75\n|-resisted|p1a: Victor\n|debug|Friend Guard weaken\n|debug|Spread modifier: 0.75\n|-damage|p1a: Victor|289/364\n|-damage|p1b: Clifford|281/344\n|-unboost|p1a: Victor|spe|1\n|-unboost|p1b: Clifford|spe|1\n|move|p2b: Primeape|Rock Slide|p1b: Clifford|[spread] p1a,p1b\n|debug|Spread modifier: 0.75\n|debug|Friend Guard weaken\n|debug|Spread modifier: 0.75\n|-damage|p1a: Victor|223/364\n|-damage|p1b: Clifford|237/344\n|move|p1a: Victor|Swords Dance|p1a: Victor\n|-boost|p1a: Victor|atk|2\n|\n|upkeep\n|turn|7\n|\n|t:|1736728265\n|switch|p2b: Gengar|Gengar, M|262/262\n|move|p1a: Victor|Sucker Punch||[still]\n|-fail|p1a: Victor\n|move|p2a: Electrode|Taunt|p1b: Clifford\n|-start|p1b: Clifford|move: Taunt\n|cant|p1b: Clifford|move: Taunt|Calm Mind\n|\n|upkeep\n|turn|8\n|\n|t:|1736728288\n|switch|p1b: Purple Haze|Butterfree, F|262/262\n|move|p1a: Victor|Protect|p1a: Victor\n|-singleturn|p1a: Victor|Protect\n|move|p2a: Electrode|Thunderbolt|p1b: Purple Haze\n|-supereffective|p1b: Purple Haze\n|-damage|p1b: Purple Haze|0 fnt\n|faint|p1b: Purple Haze\n|move|p2b: Gengar|Will-O-Wisp|p1a: Victor\n|-activate|p1a: Victor|move: Protect\n|\n|upkeep\n|\n|t:|1736728305\n|switch|p1b: Clifford|Clefairy, M|237/344\n|turn|9\n|\n|t:|1736728327\n|move|p1b: Clifford|Follow Me|p1b: Clifford\n|-singleturn|p1b: Clifford|move: Follow Me\n|move|p2a: Electrode|Taunt|p1b: Clifford\n|debug|Follow Me redirected target of move\n|-start|p1b: Clifford|move: Taunt\n|move|p2b: Gengar|Haze|p2b: Gengar\n|-clearallboost\n|move|p1a: Victor|Leaf Blade|p2a: Electrode\n|-damage|p2a: Electrode|0 fnt\n|faint|p2a: Electrode\n|-damage|p1a: Victor|187/364|[from] item: Life Orb\n|\n|upkeep\n|\n|t:|1736728351\n|switch|p2a: Dodrio|Dodrio, F|262/262\n|turn|10\n|\n|t:|1736728375\n|switch|p1b: Big Bird|Fearow, M|56/272 par\n|move|p1a: Victor|Protect|p1a: Victor\n|-singleturn|p1a: Victor|Protect\n|move|p2a: Dodrio|Brave Bird|p1a: Victor\n|-activate|p1a: Victor|move: Protect\n|move|p2b: Gengar|Sludge Bomb|p1b: Big Bird\n|-damage|p1b: Big Bird|0 fnt\n|debug|Covert Cloak prevent secondary\n|faint|p1b: Big Bird\n|\n|upkeep\n|\n|t:|1736728400\n|switch|p1b: Clifford|Clefairy, M|237/344\n|turn|11\n|\n|t:|1736728425\n|move|p1b: Clifford|Follow Me|p1b: Clifford\n|-singleturn|p1b: Clifford|move: Follow Me\n|move|p2a: Dodrio|Tailwind|p2a: Dodrio\n|-sidestart|p2: Mattmandaman|move: Tailwind\n|move|p2b: Gengar|Sludge Bomb|p1b: Clifford\n|debug|Follow Me redirected target of move\n|-supereffective|p1b: Clifford\n|-damage|p1b: Clifford|0 fnt\n|faint|p1b: Clifford\n|move|p1a: Victor|Swords Dance|p1a: Victor\n|-boost|p1a: Victor|atk|2\n|\n|upkeep\n|\n|t:|1736728437\n|switch|p1b: Polly|Poliwrath, F|384/384\n|turn|12\n|\n|t:|1736728446\n|move|p1a: Victor|Sucker Punch|p2a: Dodrio\n|-damage|p2a: Dodrio|11/262\n|-damage|p1a: Victor|151/364|[from] item: Life Orb\n|move|p2a: Dodrio|Brave Bird|p1b: Polly\n|-supereffective|p1b: Polly\n|-damage|p1b: Polly|0 fnt\n|faint|p1b: Polly\n|-damage|p2a: Dodrio|0 fnt|[from] Recoil\n|faint|p2a: Dodrio\n|move|p2b: Gengar|Sludge Bomb|p1a: Victor\n|-damage|p1a: Victor|0 fnt\n|debug|move failed because it did nothing\n|faint|p1a: Victor\n|\n|win|Mattmandaman\n|c|☆mistermoscow|boo\n|c|☆Mattmandaman|no yay\n","uploadtime":1736728490,"views":"24","formatid":"gen9doublescustomgame","rating":null,"private":0,"password":null}