{"id":"gen9doublescustomgame-2388842716","format":"[Gen 9] Doubles Custom Game","players":["je64","Mattmandaman"],"log":"|j|☆je64\n|j|☆Mattmandaman\n|t:|1750475117\n|gametype|doubles\n|player|p1|je64|170|\n|player|p2|Mattmandaman|giovanni|\n|teamsize|p1|6\n|teamsize|p2|6\n|gen|9\n|tier|[Gen 9] Doubles Custom Game\n|clearpoke\n|poke|p1|Kadabra|\n|poke|p1|Gengar|\n|poke|p1|Chansey, F|\n|poke|p1|Electabuzz|\n|poke|p1|Articuno|\n|poke|p1|Hitmonchan, M|\n|poke|p2|Onix|\n|poke|p2|Starmie|\n|poke|p2|Nidoking, M|\n|poke|p2|Snorlax|\n|poke|p2|Gengar|\n|poke|p2|Muk|\n|teampreview\n|j| mistermoscow\n|\n|t:|1750475154\n|start\n|switch|p1a: Stranger|Gengar|262/262\n|switch|p1b: Jackie|Hitmonchan, M|242/242\n|switch|p2a: Starmie|Starmie|262/262\n|switch|p2b: Gengar|Gengar|262/262\n|turn|1\n|j| EvilLord123456789\n|c| mistermoscow|hello there\n|\n|t:|1750475191\n|switch|p2b: Muk|Muk|385/385\n|move|p2a: Starmie|Protect|p2a: Starmie\n|-singleturn|p2a: Starmie|Protect\n|move|p1b: Jackie|Fake Out|p2a: Starmie\n|-activate|p2a: Starmie|move: Protect\n|move|p1a: Stranger|Psychic|p2b: Muk\n|-supereffective|p2b: Muk\n|-damage|p2b: Muk|251/385\n|-unboost|p2b: Muk|spd|1\n|\n|upkeep\n|turn|2\n|l| EvilLord123456789\n|\n|t:|1750475287\n|switch|p1a: Joys hot assistnt|Chansey, F|704/704\n|move|p2a: Starmie|Psychic|p1a: Joys hot assistnt\n|-damage|p1a: Joys hot assistnt|619/704\n|move|p1b: Jackie|Ice Punch|p2b: Muk\n|debug|Iron Fist boost\n|debug|Punching Glove boost\n|-damage|p2b: Muk|107/385\n|move|p2b: Muk|Poison Jab|p1b: Jackie\n|-damage|p1b: Jackie|70/242\n|-status|p1b: Jackie|psn\n|\n|-damage|p1b: Jackie|40/242 psn|[from] psn\n|upkeep\n|turn|3\n|\n|t:|1750475374\n|move|p2a: Starmie|Psychic|p1b: Jackie\n|-supereffective|p1b: Jackie\n|-damage|p1b: Jackie|0 fnt\n|faint|p1b: Jackie\n|move|p1a: Joys hot assistnt|Thunder Wave|p2a: Starmie\n|-status|p2a: Starmie|par\n|move|p2b: Muk|Drain Punch|p1a: Joys hot assistnt\n|-supereffective|p1a: Joys hot assistnt\n|-damage|p1a: Joys hot assistnt|403/704\n|-heal|p2b: Muk|215/385|[from] drain|[of] p1a: Joys hot assistnt\n|\n|upkeep\n|\n|t:|1750475409\n|switch|p1b: K.Dot|Kadabra|221/221\n|turn|4\n|l|☆Mattmandaman\n|player|p2|\n|inactive|Battle timer is ON: inactive players will automatically lose when time's up. (requested by je64)\n|inactiveoff|Battle timer is now OFF.\n|j|☆Mattmandaman\n|player|p2|Mattmandaman|giovanni|\n|\n|t:|1750475490\n|switch|p1a: Articu-no-hit-me|Articuno|384/384\n|switch|p2b: Snorlax|Snorlax|484/484\n|move|p1b: K.Dot|Shadow Ball|p2a: Starmie\n|-supereffective|p2a: Starmie\n|-damage|p2a: Starmie|46/262 par\n|move|p2a: Starmie|Scald|p1b: K.Dot\n|-crit|p1b: K.Dot\n|-enditem|p1b: K.Dot|Focus Sash\n|-damage|p1b: K.Dot|1/221\n|-status|p1b: K.Dot|brn\n|\n|debug|damage event failed\n|upkeep\n|turn|5\n|\n|t:|1750475538\n|move|p1b: K.Dot|Dazzling Gleam|p2b: Snorlax|[spread] p2a,p2b\n|debug|Spread modifier: 0.75\n|debug|Spread modifier: 0.75\n|-damage|p2a: Starmie|0 fnt\n|-damage|p2b: Snorlax|428/484\n|faint|p2a: Starmie\n|move|p1a: Articu-no-hit-me|Snowscape|p1a: Articu-no-hit-me\n|-weather|Snowscape\n|move|p2b: Snorlax|Body Slam|p1a: Articu-no-hit-me\n|debug|Snow Cloak - decreasing accuracy\n|-damage|p1a: Articu-no-hit-me|279/384\n|\n|-weather|Snowscape|[upkeep]\n|-heal|p1a: Articu-no-hit-me|303/384|[from] item: Leftovers\n|-heal|p2b: Snorlax|458/484|[from] item: Leftovers\n|debug|damage event failed\n|upkeep\n|j| EvilLord123456789\n|l| EvilLord123456789\n|\n|t:|1750475568\n|switch|p2a: Gengar|Gengar|262/262\n|turn|6\n|\n|t:|1750475583\n|switch|p1b: Joys hot assistnt|Chansey, F|403/704\n|move|p2a: Gengar|Icy Wind|p1a: Articu-no-hit-me|[spread] p1a,p1b\n|debug|Snow Cloak - decreasing accuracy\n|debug|Spread modifier: 0.75\n|debug|Spread modifier: 0.75\n|-damage|p1a: Articu-no-hit-me|274/384\n|-damage|p1b: Joys hot assistnt|373/704\n|-unboost|p1a: Articu-no-hit-me|spe|1\n|-unboost|p1b: Joys hot assistnt|spe|1\n|move|p1a: Articu-no-hit-me|Aurora Veil|p1a: Articu-no-hit-me\n|-sidestart|p1: je64|move: Aurora Veil\n|move|p2b: Snorlax|Body Slam|p1a: Articu-no-hit-me|[miss]\n|debug|Snow Cloak - decreasing accuracy\n|-miss|p2b: Snorlax|p1a: Articu-no-hit-me\n|\n|-weather|Snowscape|[upkeep]\n|-heal|p1a: Articu-no-hit-me|298/384|[from] item: Leftovers\n|-heal|p2b: Snorlax|484/484|[from] item: Leftovers\n|upkeep\n|turn|7\n|\n|t:|1750475611\n|move|p2a: Gengar|Sludge Bomb|p1a: Articu-no-hit-me\n|debug|Snow Cloak - decreasing accuracy\n|debug|Aurora Veil weaken\n|-damage|p1a: Articu-no-hit-me|232/384\n|move|p1a: Articu-no-hit-me|Sheer Cold|p2b: Snorlax\n|-damage|p2b: Snorlax|0 fnt\n|faint|p2b: Snorlax\n|-ohko\n|move|p1b: Joys hot assistnt|Thunder Wave|p2a: Gengar\n|-status|p2a: Gengar|par\n|\n|-weather|Snowscape|[upkeep]\n|-heal|p1a: Articu-no-hit-me|256/384|[from] item: Leftovers\n|upkeep\n|\n|t:|1750475631\n|switch|p2b: Onix|Onix|212/212\n|-item|p2b: Onix|Air Balloon\n|turn|8\n|\n|t:|1750475644\n|move|p2b: Onix|Protect|p2b: Onix\n|-singleturn|p2b: Onix|Protect\n|cant|p2a: Gengar|par\n|move|p1a: Articu-no-hit-me|Ice Beam|p2b: Onix\n|-activate|p2b: Onix|move: Protect\n|move|p1b: Joys hot assistnt|Seismic Toss|p2b: Onix\n|-activate|p2b: Onix|move: Protect\n|\n|-weather|Snowscape|[upkeep]\n|-heal|p1a: Articu-no-hit-me|280/384|[from] item: Leftovers\n|upkeep\n|turn|9\n|\n|t:|1750475659\n|move|p2b: Onix|Body Press|p1b: Joys hot assistnt\n|-supereffective|p1b: Joys hot assistnt\n|debug|Aurora Veil weaken\n|-damage|p1b: Joys hot assistnt|164/704\n|move|p2a: Gengar|Sludge Bomb|p1a: Articu-no-hit-me\n|debug|Snow Cloak - decreasing accuracy\n|debug|Aurora Veil weaken\n|-damage|p1a: Articu-no-hit-me|219/384\n|move|p1a: Articu-no-hit-me|Ice Beam|p2b: Onix\n|-supereffective|p2b: Onix\n|-crit|p2b: Onix\n|-ability|p2b: Onix|Sturdy\n|-damage|p2b: Onix|1/212\n|-enditem|p2b: Onix|Air Balloon\n|move|p1b: Joys hot assistnt|Seismic Toss|p2b: Onix\n|-damage|p2b: Onix|0 fnt\n|faint|p2b: Onix\n|\n|-weather|none\n|-heal|p1a: Articu-no-hit-me|243/384|[from] item: Leftovers\n|upkeep\n|\n|t:|1750475699\n|switch|p2b: Muk|Muk|215/385\n|turn|10\n|\n|t:|1750475711\n|move|p2a: Gengar|Sludge Bomb|p1a: Articu-no-hit-me\n|debug|Aurora Veil weaken\n|-damage|p1a: Articu-no-hit-me|171/384\n|move|p1a: Articu-no-hit-me|Snowscape|p1a: Articu-no-hit-me\n|-weather|Snowscape\n|move|p2b: Muk|Drain Punch|p1b: Joys hot assistnt\n|-supereffective|p1b: Joys hot assistnt\n|debug|Aurora Veil weaken\n|-damage|p1b: Joys hot assistnt|24/704\n|-heal|p2b: Muk|285/385|[from] drain|[of] p1b: Joys hot assistnt\n|-status|p1b: Joys hot assistnt|psn|[from] ability: Poison Touch|[of] p2b: Muk\n|move|p1b: Joys hot assistnt|Thunder Wave|p2b: Muk\n|-status|p2b: Muk|par\n|\n|-weather|Snowscape|[upkeep]\n|-heal|p1a: Articu-no-hit-me|195/384|[from] item: Leftovers\n|-damage|p1b: Joys hot assistnt|0 fnt|[from] psn\n|faint|p1b: Joys hot assistnt\n|-sideend|p1: je64|move: Aurora Veil\n|upkeep\n|\n|t:|1750475732\n|switch|p1b: K.Dot|Kadabra|1/221 brn\n|turn|11\n|\n|t:|1750475746\n|move|p1b: K.Dot|Protect|p1b: K.Dot\n|-singleturn|p1b: K.Dot|Protect\n|move|p2b: Muk|Shadow Sneak|p1b: K.Dot\n|-activate|p1b: K.Dot|move: Protect\n|cant|p2a: Gengar|par\n|move|p1a: Articu-no-hit-me|Sheer Cold|p2b: Muk|[miss]\n|-miss|p1a: Articu-no-hit-me|p2b: Muk\n|\n|-weather|Snowscape|[upkeep]\n|-heal|p1a: Articu-no-hit-me|219/384|[from] item: Leftovers\n|debug|damage event failed\n|upkeep\n|turn|12\n|\n|t:|1750475766\n|switch|p1b: Frank the Tank|Electabuzz|334/334\n|move|p2b: Muk|Shadow Sneak|p1b: Frank the Tank\n|-damage|p1b: Frank the Tank|305/334\n|move|p2a: Gengar|Sludge Bomb|p1a: Articu-no-hit-me\n|debug|Snow Cloak - decreasing accuracy\n|-damage|p1a: Articu-no-hit-me|120/384\n|move|p1a: Articu-no-hit-me|Sheer Cold|p2b: Muk|[miss]\n|-miss|p1a: Articu-no-hit-me|p2b: Muk\n|\n|-weather|Snowscape|[upkeep]\n|-heal|p1a: Articu-no-hit-me|144/384|[from] item: Leftovers\n|upkeep\n|turn|13\n|\n|t:|1750475789\n|move|p1b: Frank the Tank|Follow Me|p1b: Frank the Tank\n|-singleturn|p1b: Frank the Tank|move: Follow Me\n|move|p2a: Gengar|Sludge Bomb|p1b: Frank the Tank\n|debug|Follow Me redirected target of move\n|-damage|p1b: Frank the Tank|178/334\n|move|p1a: Articu-no-hit-me|Sheer Cold|p2b: Muk\n|-damage|p2b: Muk|0 fnt\n|faint|p2b: Muk\n|-ohko\n|\n|-weather|Snowscape|[upkeep]\n|-heal|p1a: Articu-no-hit-me|168/384|[from] item: Leftovers\n|upkeep\n|\n|t:|1750475797\n|switch|p2b: Nidoking|Nidoking, M|304/304\n|turn|14\n|\n|t:|1750475823\n|move|p1b: Frank the Tank|Follow Me|p1b: Frank the Tank\n|-singleturn|p1b: Frank the Tank|move: Follow Me\n|move|p2b: Nidoking|Earth Power|p1b: Frank the Tank\n|debug|Follow Me redirected target of move\n|-supereffective|p1b: Frank the Tank\n|-damage|p1b: Frank the Tank|0 fnt\n|faint|p1b: Frank the Tank\n|move|p2a: Gengar|Sludge Bomb|p1a: Articu-no-hit-me\n|debug|Snow Cloak - decreasing accuracy\n|-damage|p1a: Articu-no-hit-me|66/384\n|move|p1a: Articu-no-hit-me|Ice Beam|p2b: Nidoking\n|-supereffective|p2b: Nidoking\n|-damage|p2b: Nidoking|44/304\n|\n|-weather|none\n|-heal|p1a: Articu-no-hit-me|90/384|[from] item: Leftovers\n|upkeep\n|\n|t:|1750475898\n|switch|p1b: K.Dot|Kadabra|1/221 brn\n|turn|15\n|\n|t:|1750475920\n|move|p1b: K.Dot|Protect|p1b: K.Dot\n|-singleturn|p1b: K.Dot|Protect\n|move|p2b: Nidoking|Earth Power|p1b: K.Dot\n|-activate|p1b: K.Dot|move: Protect\n|cant|p2a: Gengar|par\n|move|p1a: Articu-no-hit-me|Ice Beam|p2b: Nidoking\n|-supereffective|p2b: Nidoking\n|-damage|p2b: Nidoking|0 fnt\n|debug|move failed because it did nothing\n|faint|p2b: Nidoking\n|\n|-heal|p1a: Articu-no-hit-me|114/384|[from] item: Leftovers\n|debug|damage event failed\n|upkeep\n|turn|16\n|\n|t:|1750475953\n|move|p1b: K.Dot|Psychic|p2a: Gengar\n|-supereffective|p2a: Gengar\n|-enditem|p2a: Gengar|Focus Sash\n|-damage|p2a: Gengar|1/262 par\n|cant|p2a: Gengar|par\n|move|p1a: Articu-no-hit-me|Snowscape|p1a: Articu-no-hit-me\n|-weather|Snowscape\n|\n|-weather|Snowscape|[upkeep]\n|-heal|p1a: Articu-no-hit-me|138/384|[from] item: Leftovers\n|debug|damage event failed\n|upkeep\n|turn|17\n|\n|t:|1750475980\n|move|p1b: K.Dot|Psychic|p2a: Gengar\n|-supereffective|p2a: Gengar\n|-damage|p2a: Gengar|0 fnt\n|faint|p2a: Gengar\n|\n|win|je64\n","uploadtime":1750475990,"views":"30","formatid":"gen9doublescustomgame","rating":null,"private":0,"password":null}