{"id":"gen9doublescustomgame-2242754546","format":"[Gen 9] Doubles Custom Game","players":["mistermoscow","je64"],"log":"|j|☆mistermoscow\n|j|☆je64\n|t:|1731459912\n|gametype|doubles\n|player|p1|mistermoscow|alder|\n|player|p2|je64|1|\n|teamsize|p1|6\n|teamsize|p2|6\n|gen|9\n|tier|[Gen 9] Doubles Custom Game\n|clearpoke\n|poke|p1|Murkrow, M|\n|poke|p1|Landorus, M|\n|poke|p1|Incineroar, F|\n|poke|p1|Iron Hands|\n|poke|p1|Gholdengo|\n|poke|p1|Ogerpon-Wellspring, F|\n|poke|p2|Flutter Mane|\n|poke|p2|Salamence, M|\n|poke|p2|Tapu Fini|\n|poke|p2|Zeraora|\n|poke|p2|Ursaluna-Bloodmoon, M|\n|poke|p2|Farigiraf, F|\n|teampreview\n|\n|t:|1731459999\n|start\n|switch|p1a: Krowbar|Murkrow, M|324/324\n|switch|p1b: Cindy|Incineroar, F|363/363\n|switch|p2a: Gucci Mane|Flutter Mane|284/284\n|switch|p2b: M as in Mancy|Salamence, M|331/331\n|-ability|p2b: M as in Mancy|Intimidate|boost\n|-unboost|p1a: Krowbar|atk|1\n|-unboost|p1b: Cindy|atk|1\n|-ability|p1b: Cindy|Intimidate|boost\n|-unboost|p2a: Gucci Mane|atk|1\n|-unboost|p2b: M as in Mancy|atk|1\n|-enditem|p2a: Gucci Mane|Booster Energy\n|-activate|p2a: Gucci Mane|ability: Protosynthesis|[fromitem]\n|-start|p2a: Gucci Mane|protosynthesisspe\n|turn|1\n|j| noli_cannoli10\n|debug|Protosynthesis spe boost\n|debug|Protosynthesis spe boost\n|\n|t:|1731460034\n|switch|p2b: Farigiraf|Farigiraf, F|444/444\n|debug|Protosynthesis spe boost\n|debug|Protosynthesis spe boost\n|move|p1b: Cindy|Fake Out||[still]\n|cant|p2b: Farigiraf|ability: Armor Tail|Fake Out|[of] p1b: Cindy\n|debug|Protosynthesis spe boost\n|debug|Protosynthesis spe boost\n|move|p1a: Krowbar|Thunder Wave||[still]\n|cant|p2b: Farigiraf|ability: Armor Tail|Thunder Wave|[of] p1a: Krowbar\n|debug|Protosynthesis spe boost\n|debug|Protosynthesis spe boost\n|move|p2a: Gucci Mane|Moonblast|p1a: Krowbar\n|-supereffective|p1a: Krowbar\n|-damage|p1a: Krowbar|0 fnt\n|faint|p1a: Krowbar\n|\n|debug|Protosynthesis spe boost\n|upkeep\n|j| mattmandaman\n|debug|Protosynthesis spe boost\n|\n|t:|1731460063\n|switch|p1a: Goldi|Gholdengo|378/378\n|turn|2\n|debug|Protosynthesis spe boost\n|debug|Protosynthesis spe boost\n|\n|t:|1731460099\n|-terastallize|p1a: Goldi|Dark\n|debug|Protosynthesis spe boost\n|debug|Protosynthesis spe boost\n|move|p2a: Gucci Mane|Protect|p2a: Gucci Mane\n|-singleturn|p2a: Gucci Mane|Protect\n|debug|Protosynthesis spe boost\n|move|p1a: Goldi|Shadow Ball|p2a: Gucci Mane\n|-activate|p2a: Gucci Mane|move: Protect\n|debug|Protosynthesis spe boost\n|move|p1b: Cindy|Knock Off|p2b: Farigiraf\n|-supereffective|p2b: Farigiraf\n|-damage|p2b: Farigiraf|238/444\n|-enditem|p2b: Farigiraf|Sitrus Berry|[from] move: Knock Off|[of] p1b: Cindy\n|debug|Protosynthesis spe boost\n|move|p2b: Farigiraf|Foul Play|p1a: Goldi\n|-resisted|p1a: Goldi\n|-damage|p1a: Goldi|360/378\n|\n|debug|Protosynthesis spe boost\n|upkeep\n|turn|3\n|debug|Protosynthesis spe boost\n|debug|Protosynthesis spe boost\n|\n|t:|1731460139\n|switch|p1a: Zora|Ogerpon-Wellspring, F|302/302\n|switch|p2b: M as in Mancy|Salamence, M|331/331\n|-ability|p2b: M as in Mancy|Intimidate|boost\n|-unboost|p1a: Zora|atk|1\n|-unboost|p1b: Cindy|atk|1\n|debug|Protosynthesis spe boost\n|debug|Protosynthesis spe boost\n|move|p2a: Gucci Mane|Moonblast|p1a: Zora\n|-damage|p1a: Zora|109/302\n|debug|Protosynthesis spe boost\n|move|p1b: Cindy|Parting Shot|p2a: Gucci Mane\n|-unboost|p2a: Gucci Mane|atk|1\n|-unboost|p2a: Gucci Mane|spa|1\n|debug|Protosynthesis spe boost\n|\n|t:|1731460162\n|switch|p1b: Goldi|Gholdengo, tera:Dark|360/378|[from] Parting Shot\n|\n|debug|Protosynthesis spe boost\n|upkeep\n|turn|4\n|j| Mango Meloetta\n|debug|Protosynthesis spe boost\n|debug|Protosynthesis spe boost\n|\n|t:|1731460188\n|-end|p2a: Gucci Mane|Protosynthesis|[silent]\n|switch|p2a: Tapu Fini|Tapu Fini|344/344\n|-fieldstart|move: Misty Terrain|[from] ability: Misty Surge|[of] p2a: Tapu Fini\n|switch|p1a: Cindy|Incineroar, F|363/363\n|-ability|p1a: Cindy|Intimidate|boost\n|-unboost|p2a: Tapu Fini|atk|1\n|-unboost|p2b: M as in Mancy|atk|1\n|detailschange|p2b: M as in Mancy|Salamence-Mega, M\n|-mega|p2b: M as in Mancy|Salamence|Salamencite\n|move|p2b: M as in Mancy|Hyper Voice|p1a: Cindy|[spread] p1a,p1b\n|debug|Spread modifier: 0.75\n|debug|Spread modifier: 0.75\n|-damage|p1a: Cindy|239/363\n|-damage|p1b: Goldi|227/378\n|move|p1b: Goldi|Shadow Ball|p2a: Tapu Fini\n|-damage|p2a: Tapu Fini|212/344\n|\n|-heal|p2a: Tapu Fini|233/344|[from] item: Leftovers\n|upkeep\n|turn|5\n|\n|t:|1731460251\n|move|p1a: Cindy|Fake Out|p2b: M as in Mancy\n|-damage|p2b: M as in Mancy|288/331\n|cant|p2b: M as in Mancy|flinch\n|move|p2a: Tapu Fini|Muddy Water|p1a: Cindy|[spread] p1a,p1b\n|debug|Spread modifier: 0.75\n|-supereffective|p1a: Cindy\n|debug|Spread modifier: 0.75\n|-damage|p1a: Cindy|21/363\n|-damage|p1b: Goldi|110/378\n|debug|Covert Cloak prevent secondary\n|move|p1b: Goldi|Make It Rain|p2b: M as in Mancy|[spread] p2a,p2b\n|debug|Spread modifier: 0.75\n|debug|Spread modifier: 0.75\n|-crit|p2b: M as in Mancy\n|-damage|p2a: Tapu Fini|98/344\n|-damage|p2b: M as in Mancy|8/331\n|-unboost|p1b: Goldi|spa|1\n|\n|-heal|p2a: Tapu Fini|119/344|[from] item: Leftovers\n|upkeep\n|turn|6\n|\n|t:|1731460281\n|switch|p1a: God|Landorus, M|319/319\n|move|p2b: M as in Mancy|Hyper Voice|p1a: God|[spread] p1a,p1b\n|debug|Spread modifier: 0.75\n|-crit|p1a: God\n|debug|Spread modifier: 0.75\n|-damage|p1a: God|91/319\n|-damage|p1b: Goldi|0 fnt\n|faint|p1b: Goldi\n|move|p2a: Tapu Fini|Calm Mind|p2a: Tapu Fini\n|-boost|p2a: Tapu Fini|spa|1\n|-boost|p2a: Tapu Fini|spd|1\n|\n|-heal|p2a: Tapu Fini|140/344|[from] item: Leftovers\n|upkeep\n|\n|t:|1731460301\n|switch|p1b: Cindy|Incineroar, F|21/363\n|-ability|p1b: Cindy|Intimidate|boost\n|-unboost|p2a: Tapu Fini|atk|1\n|-unboost|p2b: M as in Mancy|atk|1\n|turn|7\n|\n|t:|1731460325\n|switch|p1b: Handiman|Iron Hands|512/512\n|move|p2b: M as in Mancy|Protect|p2b: M as in Mancy\n|-singleturn|p2b: M as in Mancy|Protect\n|move|p2a: Tapu Fini|Protect|p2a: Tapu Fini\n|-singleturn|p2a: Tapu Fini|Protect\n|move|p1a: God|Earth Power|p2a: Tapu Fini\n|-activate|p2a: Tapu Fini|move: Protect\n|\n|-heal|p2a: Tapu Fini|161/344|[from] item: Leftovers\n|upkeep\n|turn|8\n|\n|t:|1731460363\n|switch|p2b: Farigiraf|Farigiraf, F|238/444\n|move|p1a: God|Protect|p1a: God\n|-singleturn|p1a: God|Protect\n|move|p2a: Tapu Fini|Muddy Water|p1a: God|[spread] p1b\n|-activate|p1a: God|move: Protect\n|debug|Spread modifier: 0.75\n|-damage|p1b: Handiman|362/512\n|move|p1b: Handiman|Volt Switch|p2b: Farigiraf\n|-damage|p2b: Farigiraf|177/444\n|\n|t:|1731460374\n|-end|p1b: Handiman|Quark Drive|[silent]\n|switch|p1b: Zora|Ogerpon-Wellspring, F|109/302|[from] Volt Switch\n|\n|-heal|p2a: Tapu Fini|182/344|[from] item: Leftovers\n|-fieldend|Misty Terrain\n|upkeep\n|turn|9\n|\n|t:|1731460392\n|switch|p2b: M as in Mancy|Salamence-Mega, M|8/331\n|move|p2a: Tapu Fini|Protect|p2a: Tapu Fini\n|-singleturn|p2a: Tapu Fini|Protect\n|move|p1b: Zora|Wood Hammer|p2a: Tapu Fini\n|-activate|p2a: Tapu Fini|move: Protect\n|move|p1a: God|Earth Power|p2b: M as in Mancy\n|-immune|p2b: M as in Mancy\n|\n|-heal|p2a: Tapu Fini|203/344|[from] item: Leftovers\n|upkeep\n|turn|10\n|\n|t:|1731460430\n|move|p1a: God|Protect|p1a: God\n|-singleturn|p1a: God|Protect\n|move|p2b: M as in Mancy|Tailwind|p2b: M as in Mancy\n|-sidestart|p2: je64|move: Tailwind\n|move|p2a: Tapu Fini|Moonblast|p1b: Zora\n|-damage|p1b: Zora|0 fnt\n|faint|p1b: Zora\n|\n|-heal|p2a: Tapu Fini|224/344|[from] item: Leftovers\n|upkeep\n|\n|t:|1731460444\n|switch|p1b: Handiman|Iron Hands|362/512\n|turn|11\n|\n|t:|1731460455\n|switch|p2b: Farigiraf|Farigiraf, F|177/444\n|move|p2a: Tapu Fini|Moonblast|p1b: Handiman\n|-supereffective|p1b: Handiman\n|-damage|p1b: Handiman|0 fnt\n|faint|p1b: Handiman\n|-end|p1b: Handiman|Quark Drive|[silent]\n|move|p1a: God|Sludge Bomb|p2b: Farigiraf\n|-damage|p2b: Farigiraf|0 fnt\n|faint|p2b: Farigiraf\n|\n|-heal|p2a: Tapu Fini|245/344|[from] item: Leftovers\n|upkeep\n|\n|t:|1731460471\n|switch|p2b: Zeraora|Zeraora|318/318\n|switch|p1b: Cindy|Incineroar, F|21/363\n|-item|p2b: Zeraora|Air Balloon\n|-ability|p1b: Cindy|Intimidate|boost\n|-unboost|p2a: Tapu Fini|atk|1\n|-unboost|p2b: Zeraora|atk|1\n|turn|12\n|\n|t:|1731460489\n|move|p1a: God|Protect|p1a: God\n|-singleturn|p1a: God|Protect\n|move|p2b: Zeraora|Fake Out|p1b: Cindy\n|-damage|p1b: Cindy|0 fnt\n|debug|Covert Cloak prevent secondary\n|faint|p1b: Cindy\n|move|p2a: Tapu Fini|Muddy Water|p1a: God\n|-activate|p1a: God|move: Protect\n|\n|-heal|p2a: Tapu Fini|266/344|[from] item: Leftovers\n|upkeep\n|turn|13\n|\n|t:|1731460509\n|switch|p2b: M as in Mancy|Salamence-Mega, M|8/331\n|move|p1a: God|Protect||[still]\n|debug|Success chance: 33%\n|-fail|p1a: God\n|move|p2a: Tapu Fini|Moonblast|p1a: God\n|-damage|p1a: God|0 fnt\n|faint|p1a: God\n|\n|win|je64\n","uploadtime":1731460517,"views":"30","formatid":"gen9doublescustomgame","rating":null,"private":0,"password":null}