{"id":"gen9doublescustomgame-2257561474","format":"[Gen 9] Doubles Custom Game","players":["je64","mistermoscow"],"log":"|j|☆je64\n|j|☆mistermoscow\n|t:|1733440959\n|gametype|doubles\n|player|p1|je64|1|\n|player|p2|mistermoscow|alder|\n|teamsize|p1|6\n|teamsize|p2|6\n|gen|9\n|tier|[Gen 9] Doubles Custom Game\n|clearpoke\n|poke|p1|Hitmonchan, M|\n|poke|p1|Drowzee, F|\n|poke|p1|Chansey, F|\n|poke|p1|Electabuzz, F|\n|poke|p1|Gyarados, F|\n|poke|p1|Articuno|\n|poke|p2|Nidoqueen, F|\n|poke|p2|Clefairy, M|\n|poke|p2|Victreebel, M|\n|poke|p2|Tentacruel, M|\n|poke|p2|Dodrio, F|\n|poke|p2|Snorlax, M|\n|teampreview\n|\n|t:|1733441062\n|start\n|switch|p1a: Hitmonchan|Hitmonchan, M|242/242\n|switch|p1b: Gyarados|Gyarados, F|331/331\n|switch|p2a: Victor|Victreebel, M|364/364\n|switch|p2b: Crude Dude|Tentacruel, M|302/302\n|-ability|p1b: Gyarados|Intimidate|boost\n|-unboost|p2a: Victor|atk|1\n|-fail|p2b: Crude Dude|unboost|[from] ability: Clear Body|[of] p2b: Crude Dude\n|turn|1\n|\n|t:|1733441089\n|move|p1a: Hitmonchan|Fake Out|p2a: Victor\n|-damage|p2a: Victor|301/364\n|move|p1b: Gyarados|Substitute|p1b: Gyarados\n|-start|p1b: Gyarados|Substitute\n|-damage|p1b: Gyarados|249/331\n|move|p2b: Crude Dude|Toxic Spikes|p1b: Gyarados\n|-sidestart|p1: je64|move: Toxic Spikes\n|cant|p2a: Victor|flinch\n|\n|upkeep\n|turn|2\n|\n|t:|1733441138\n|switch|p2b: Miss Nido|Nidoqueen, F|353/353\n|move|p1b: Gyarados|Dragon Dance|p1b: Gyarados\n|-boost|p1b: Gyarados|atk|1\n|-boost|p1b: Gyarados|spe|1\n|move|p1a: Hitmonchan|Ice Punch|p2a: Victor\n|debug|Iron Fist boost\n|debug|Punching Glove boost\n|-supereffective|p2a: Victor\n|-damage|p2a: Victor|11/364\n|-enditem|p2a: Victor|Aguav Berry|[eat]\n|-heal|p2a: Victor|132/364|[from] item: Aguav Berry\n|move|p2a: Victor|Power Whip|p1b: Gyarados|[miss]\n|-miss|p2a: Victor|p1b: Gyarados\n|\n|upkeep\n|turn|3\n|\n|t:|1733441167\n|switch|p2a: Crude Dude|Tentacruel, M|302/302\n|move|p2b: Miss Nido|Protect|p2b: Miss Nido\n|-singleturn|p2b: Miss Nido|Protect\n|move|p1b: Gyarados|Dragon Dance|p1b: Gyarados\n|-boost|p1b: Gyarados|atk|1\n|-boost|p1b: Gyarados|spe|1\n|move|p1a: Hitmonchan|Ice Punch|p2a: Crude Dude\n|debug|Iron Fist boost\n|debug|Punching Glove boost\n|-resisted|p2a: Crude Dude\n|-damage|p2a: Crude Dude|247/302\n|\n|upkeep\n|turn|4\n|\n|t:|1733441189\n|move|p1b: Gyarados|Waterfall|p2b: Miss Nido\n|-supereffective|p2b: Miss Nido\n|-damage|p2b: Miss Nido|0 fnt\n|faint|p2b: Miss Nido\n|move|p1a: Hitmonchan|Thunder Punch|p2a: Crude Dude\n|debug|Iron Fist boost\n|debug|Punching Glove boost\n|-supereffective|p2a: Crude Dude\n|-damage|p2a: Crude Dude|33/302\n|-status|p2a: Crude Dude|par\n|-enditem|p2a: Crude Dude|Wiki Berry|[eat]\n|-heal|p2a: Crude Dude|133/302 par|[from] item: Wiki Berry\n|move|p2a: Crude Dude|Venoshock|p1b: Gyarados\n|-end|p1b: Gyarados|Substitute\n|\n|upkeep\n|\n|t:|1733441214\n|switch|p2b: Dodie|Dodrio, F|261/261\n|turn|5\n|\n|t:|1733441231\n|switch|p1a: Buzz Lightyear|Electabuzz, F|334/334\n|-status|p1a: Buzz Lightyear|psn\n|switch|p2a: Clifford|Clefairy, M|282/282\n|move|p1b: Gyarados|Protect|p1b: Gyarados\n|-singleturn|p1b: Gyarados|Protect\n|move|p2b: Dodie|Brave Bird|p1a: Buzz Lightyear\n|-resisted|p1a: Buzz Lightyear\n|-damage|p1a: Buzz Lightyear|237/334 psn\n|-damage|p2b: Dodie|229/261|[from] Recoil\n|\n|-damage|p1a: Buzz Lightyear|196/334 psn|[from] psn\n|upkeep\n|turn|6\n|\n|t:|1733441251\n|move|p1a: Buzz Lightyear|Protect|p1a: Buzz Lightyear\n|-singleturn|p1a: Buzz Lightyear|Protect\n|move|p1b: Gyarados|Waterfall|p2a: Clifford\n|-damage|p2a: Clifford|74/282\n|move|p2b: Dodie|Tailwind|p2b: Dodie\n|-sidestart|p2: mistermoscow|move: Tailwind\n|move|p2a: Clifford|Alluring Voice|p1b: Gyarados\n|-damage|p1b: Gyarados|188/331\n|\n|-damage|p1a: Buzz Lightyear|155/334 psn|[from] psn\n|upkeep\n|-enditem|p1a: Buzz Lightyear|Sitrus Berry|[eat]\n|-heal|p1a: Buzz Lightyear|238/334 psn|[from] item: Sitrus Berry\n|turn|7\n|\n|t:|1733441287\n|move|p1a: Buzz Lightyear|Follow Me|p1a: Buzz Lightyear\n|-singleturn|p1a: Buzz Lightyear|move: Follow Me\n|move|p2b: Dodie|Drill Run|p1a: Buzz Lightyear|[miss]\n|debug|Follow Me redirected target of move\n|-miss|p2b: Dodie|p1a: Buzz Lightyear\n|move|p1b: Gyarados|Waterfall|p2a: Clifford\n|-damage|p2a: Clifford|0 fnt\n|faint|p2a: Clifford\n|\n|-damage|p1a: Buzz Lightyear|197/334 psn|[from] psn\n|upkeep\n|\n|t:|1733441304\n|switch|p2a: Victor|Victreebel, M|132/364\n|turn|8\n|\n|t:|1733441326\n|switch|p2b: Snax|Snorlax, M|461/461\n|move|p1a: Buzz Lightyear|Follow Me|p1a: Buzz Lightyear\n|-singleturn|p1a: Buzz Lightyear|move: Follow Me\n|move|p1b: Gyarados|Waterfall|p2a: Victor\n|-resisted|p2a: Victor\n|-damage|p2a: Victor|0 fnt\n|faint|p2a: Victor\n|\n|-damage|p1a: Buzz Lightyear|156/334 psn|[from] psn\n|upkeep\n|\n|t:|1733441340\n|switch|p2a: Dodie|Dodrio, F|229/261\n|turn|9\n|\n|t:|1733441353\n|move|p1a: Buzz Lightyear|Follow Me|p1a: Buzz Lightyear\n|-singleturn|p1a: Buzz Lightyear|move: Follow Me\n|move|p2a: Dodie|Brave Bird|p1a: Buzz Lightyear\n|debug|Follow Me redirected target of move\n|-resisted|p1a: Buzz Lightyear\n|-damage|p1a: Buzz Lightyear|46/334 psn\n|-damage|p2a: Dodie|193/261|[from] Recoil\n|move|p1b: Gyarados|Waterfall|p2b: Snax\n|-damage|p2b: Snax|203/461\n|move|p2b: Snax|Power-Up Punch|p1a: Buzz Lightyear\n|debug|Follow Me redirected target of move\n|-crit|p1a: Buzz Lightyear\n|-damage|p1a: Buzz Lightyear|0 fnt\n|-boost|p2b: Snax|atk|1\n|faint|p1a: Buzz Lightyear\n|\n|-heal|p2b: Snax|231/461|[from] item: Leftovers\n|-sideend|p2: mistermoscow|move: Tailwind\n|upkeep\n|\n|t:|1733441369\n|switch|p1a: Hitmonchan|Hitmonchan, M|242/242\n|-status|p1a: Hitmonchan|psn\n|turn|10\n|\n|t:|1733441379\n|move|p2a: Dodie|Protect|p2a: Dodie\n|-singleturn|p2a: Dodie|Protect\n|move|p1a: Hitmonchan|Fake Out|p2a: Dodie\n|-activate|p2a: Dodie|move: Protect\n|move|p1b: Gyarados|Waterfall|p2b: Snax\n|-damage|p2b: Snax|0 fnt\n|debug|move failed because it did nothing\n|faint|p2b: Snax\n|\n|-damage|p1a: Hitmonchan|212/242 psn|[from] psn\n|upkeep\n|\n|t:|1733441392\n|switch|p2b: Crude Dude|Tentacruel, M|133/302 par\n|turn|11\n|\n|t:|1733441406\n|move|p1b: Gyarados|Waterfall|p2a: Dodie\n|-damage|p2a: Dodie|0 fnt\n|debug|Covert Cloak prevent secondary\n|faint|p2a: Dodie\n|move|p1a: Hitmonchan|Thunder Punch|p2b: Crude Dude\n|debug|Iron Fist boost\n|debug|Punching Glove boost\n|-supereffective|p2b: Crude Dude\n|-damage|p2b: Crude Dude|0 fnt\n|faint|p2b: Crude Dude\n|\n|win|je64\n","uploadtime":1733441416,"views":"16","formatid":"gen9doublescustomgame","rating":null,"private":0,"password":null}