{"id":"gen9doublescustomgame-2294574762","format":"[Gen 9] Doubles Custom Game","players":["mistermoscow","Mattmandaman"],"log":"|j|☆mistermoscow\n|j|☆Mattmandaman\n|t:|1738716116\n|gametype|doubles\n|player|p1|mistermoscow|alder|\n|player|p2|Mattmandaman|giovanni|\n|teamsize|p1|6\n|teamsize|p2|6\n|gen|9\n|tier|[Gen 9] Doubles Custom Game\n|clearpoke\n|poke|p1|Nidoking, M|\n|poke|p1|Poliwrath, M|\n|poke|p1|Victreebel, M|\n|poke|p1|Dewgong, M|\n|poke|p1|Gengar, F|\n|poke|p1|Dragonite, M|\n|poke|p2|Machamp, F|\n|poke|p2|Starmie|\n|poke|p2|Chansey, F|\n|poke|p2|Nidoking, M|\n|poke|p2|Gengar, F|\n|poke|p2|Muk, M|\n|teampreview\n|\n|t:|1738716147\n|start\n|switch|p1a: King Nido|Nidoking, M|304/304\n|switch|p1b: Polly|Poliwrath, M|321/321\n|switch|p2a: Gengar|Gengar, F|262/262\n|switch|p2b: Machamp|Machamp, F|384/384\n|turn|1\n|\n|t:|1738716215\n|move|p1a: King Nido|Earth Power|p2b: Machamp\n|-damage|p2b: Machamp|179/384\n|move|p2a: Gengar|Psychic|p1a: King Nido\n|-supereffective|p1a: King Nido\n|-damage|p1a: King Nido|40/304\n|-unboost|p1a: King Nido|spd|1\n|move|p1b: Polly|Liquidation|p2b: Machamp\n|-damage|p2b: Machamp|29/384\n|move|p2b: Machamp|Dynamic Punch|p1b: Polly\n|debug|Punching Glove boost\n|-damage|p1b: Polly|107/321\n|debug|Covert Cloak prevent secondary\n|\n|upkeep\n|turn|2\n|\n|t:|1738716255\n|switch|p1a: Victor|Victreebel, M|364/364\n|move|p2b: Machamp|Bullet Punch|p1a: Victor\n|debug|Punching Glove boost\n|-damage|p1a: Victor|289/364\n|move|p2a: Gengar|Psychic|p1b: Polly\n|-supereffective|p1b: Polly\n|-damage|p1b: Polly|0 fnt\n|debug|Covert Cloak prevent secondary\n|faint|p1b: Polly\n|\n|upkeep\n|\n|t:|1738716267\n|switch|p1b: Dewey|Dewgong, M|384/384\n|turn|3\n|\n|t:|1738716288\n|move|p2a: Gengar|Psychic|p1a: Victor\n|-supereffective|p1a: Victor\n|-damage|p1a: Victor|7/364\n|move|p1a: Victor|Sleep Powder|p2b: Machamp\n|-status|p2b: Machamp|slp|[from] move: Sleep Powder\n|move|p1b: Dewey|Flip Turn|p2a: Gengar\n|-damage|p2a: Gengar|136/262\n|\n|t:|1738716319\n|switch|p1b: King Nido|Nidoking, M|40/304|[from] Flip Turn\n|cant|p2b: Machamp|slp\n|\n|upkeep\n|turn|4\n|\n|t:|1738716336\n|switch|p2a: Chansey|Chansey, F|704/704\n|move|p1a: Victor|Sucker Punch||[still]\n|-fail|p1a: Victor\n|cant|p2b: Machamp|slp\n|move|p1b: King Nido|Earth Power|p2b: Machamp\n|-damage|p2b: Machamp|0 fnt\n|faint|p2b: Machamp\n|\n|upkeep\n|\n|t:|1738716352\n|switch|p2b: Muk|Muk, M|414/414\n|turn|5\n|\n|t:|1738716370\n|switch|p1b: Puff Daddy|Dragonite, M|323/323\n|move|p1a: Victor|Protect|p1a: Victor\n|-singleturn|p1a: Victor|Protect\n|move|p2b: Muk|Shadow Sneak|p1b: Puff Daddy\n|debug|Multiscale weaken\n|-damage|p1b: Puff Daddy|301/323\n|move|p2a: Chansey|Seismic Toss|p1a: Victor\n|-activate|p1a: Victor|move: Protect\n|\n|upkeep\n|turn|6\n|\n|t:|1738716394\n|switch|p1a: Dewey|Dewgong, M|384/384\n|move|p2b: Muk|Shadow Sneak|p1a: Dewey\n|-damage|p1a: Dewey|332/384\n|move|p1b: Puff Daddy|Dragon Claw|p2b: Muk\n|-damage|p2b: Muk|216/414\n|move|p2a: Chansey|Thunder Wave|p1b: Puff Daddy\n|-status|p1b: Puff Daddy|par\n|\n|-heal|p1a: Dewey|356/384|[from] item: Leftovers\n|-heal|p2b: Muk|241/414|[from] item: Black Sludge\n|upkeep\n|turn|7\n|\n|t:|1738716417\n|move|p2b: Muk|Protect|p2b: Muk\n|-singleturn|p2b: Muk|Protect\n|move|p1a: Dewey|Flip Turn|p2b: Muk\n|-activate|p2b: Muk|move: Protect\n|cant|p1b: Puff Daddy|par\n|move|p2a: Chansey|Teleport|p2a: Chansey\n|\n|t:|1738716424\n|switch|p2a: Starmie|Starmie|262/262|[from] Teleport\n|\n|-heal|p1a: Dewey|380/384|[from] item: Leftovers\n|-heal|p2b: Muk|266/414|[from] item: Black Sludge\n|upkeep\n|turn|8\n|\n|t:|1738716438\n|cant|p1b: Puff Daddy|par\n|move|p2a: Starmie|Ice Beam|p1b: Puff Daddy\n|-supereffective|p1b: Puff Daddy\n|-damage|p1b: Puff Daddy|0 fnt\n|faint|p1b: Puff Daddy\n|move|p1a: Dewey|Rain Dance|p1a: Dewey\n|-weather|RainDance\n|move|p2b: Muk|Poison Jab|p1a: Dewey\n|-damage|p1a: Dewey|211/384\n|-status|p1a: Dewey|psn|[from] ability: Poison Touch|[of] p2b: Muk\n|\n|-weather|RainDance|[upkeep]\n|-heal|p1a: Dewey|235/384 psn|[from] item: Leftovers\n|-heal|p2b: Muk|291/414|[from] item: Black Sludge\n|-damage|p1a: Dewey|187/384 psn|[from] psn\n|upkeep\n|\n|t:|1738716456\n|switch|p1b: King Nido|Nidoking, M|40/304\n|turn|9\n|c|☆Mattmandaman|rng doing ya dirty so far tn\n|c|☆mistermoscow|yup\n|\n|t:|1738716509\n|switch|p1b: Gang Gang|Gengar, F|262/262\n|move|p2b: Muk|Shadow Sneak|p1b: Gang Gang\n|-supereffective|p1b: Gang Gang\n|-damage|p1b: Gang Gang|132/262\n|move|p2a: Starmie|Psychic|p1a: Dewey\n|-damage|p1a: Dewey|43/384 psn\n|-unboost|p1a: Dewey|spd|1\n|move|p1a: Dewey|Flip Turn|p2b: Muk\n|debug|rain water boost\n|-damage|p2b: Muk|155/414\n|\n|t:|1738716520\n|switch|p1a: Victor|Victreebel, M|7/364|[from] Flip Turn\n|\n|-weather|RainDance|[upkeep]\n|-heal|p2b: Muk|180/414|[from] item: Black Sludge\n|upkeep\n|turn|10\n|\n|t:|1738716544\n|move|p1b: Gang Gang|Protect|p1b: Gang Gang\n|-singleturn|p1b: Gang Gang|Protect\n|move|p1a: Victor|Protect|p1a: Victor\n|-singleturn|p1a: Victor|Protect\n|move|p2b: Muk|Shadow Sneak|p1a: Victor\n|-activate|p1a: Victor|move: Protect\n|move|p2a: Starmie|Psychic|p1b: Gang Gang\n|-activate|p1b: Gang Gang|move: Protect\n|\n|-weather|RainDance|[upkeep]\n|-heal|p2b: Muk|205/414|[from] item: Black Sludge\n|upkeep\n|turn|11\n|\n|t:|1738716568\n|move|p1a: Victor|Sucker Punch|p2a: Starmie\n|-supereffective|p2a: Starmie\n|-damage|p2a: Starmie|86/262\n|move|p2b: Muk|Shadow Sneak|p1a: Victor\n|-damage|p1a: Victor|0 fnt\n|faint|p1a: Victor\n|move|p2a: Starmie|Psychic|p1b: Gang Gang\n|-supereffective|p1b: Gang Gang\n|-damage|p1b: Gang Gang|0 fnt\n|faint|p1b: Gang Gang\n|\n|-weather|RainDance|[upkeep]\n|-heal|p2b: Muk|230/414|[from] item: Black Sludge\n|upkeep\n|\n|t:|1738716579\n|switch|p1b: King Nido|Nidoking, M|40/304\n|switch|p1a: Dewey|Dewgong, M|43/384 psn\n|turn|12\n|\n|t:|1738716592\n|move|p2b: Muk|Protect|p2b: Muk\n|-singleturn|p2b: Muk|Protect\n|move|p1a: Dewey|Fake Out|p2b: Muk\n|-activate|p2b: Muk|move: Protect\n|move|p1b: King Nido|Sludge Wave|p2a: Starmie|[spread] p1a,p2a\n|-activate|p2b: Muk|move: Protect\n|debug|Spread modifier: 0.75\n|debug|Spread modifier: 0.75\n|-damage|p1a: Dewey|0 fnt\n|-damage|p2a: Starmie|0 fnt\n|faint|p1a: Dewey\n|faint|p2a: Starmie\n|\n|-weather|none\n|-heal|p2b: Muk|255/414|[from] item: Black Sludge\n|upkeep\n|\n|t:|1738716597\n|switch|p2a: Chansey|Chansey, F|704/704\n|turn|13\n|c|☆mistermoscow|need a shadow sneak miss + crit\n|\n|t:|1738716617\n|move|p2b: Muk|Shadow Sneak|p1b: King Nido\n|-damage|p1b: King Nido|0 fnt\n|faint|p1b: King Nido\n|\n|win|Mattmandaman\n|c|☆mistermoscow|rip\n|c|☆mistermoscow|gg\n|c|☆mistermoscow|lol\n|c|☆Mattmandaman|lol gg\n|c|☆mistermoscow|one more?\n|c|☆Mattmandaman|surely\n|l|☆mistermoscow\n|player|p1|\n","uploadtime":1738716640,"views":"9","formatid":"gen9doublescustomgame","rating":null,"private":0,"password":null}