{"id":"gen9doublescustomgame-2331699468","format":"[Gen 9] Doubles Custom Game","players":["mistermoscow","je64"],"log":"|j|☆mistermoscow\n|j|☆je64\n|t:|1743390223\n|gametype|doubles\n|player|p1|mistermoscow|alder|\n|player|p2|je64|169|\n|teamsize|p1|6\n|teamsize|p2|6\n|gen|9\n|tier|[Gen 9] Doubles Custom Game\n|clearpoke\n|poke|p1|Nidoking, M|\n|poke|p1|Machoke, M|\n|poke|p1|Dewgong, M|\n|poke|p1|Exeggutor, M|\n|poke|p1|Mr. Mime, M|\n|poke|p1|Jolteon, M|\n|poke|p2|Dodrio, F|\n|poke|p2|Kadabra, F|\n|poke|p2|Gengar, F|\n|poke|p2|Dewgong, M|\n|poke|p2|Electabuzz, F|\n|poke|p2|Articuno|\n|teampreview\n|\n|t:|1743390321\n|start\n|switch|p1a: Sparky|Jolteon, M|271/271\n|switch|p1b: Mimsy|Mr. Mime, M|221/221\n|switch|p2a: El Chupacabra|Dodrio, F|262/262\n|switch|p2b: Dude Thong|Dewgong, M|384/384\n|turn|1\n|\n|t:|1743390337\n|move|p2b: Dude Thong|Fake Out|p1a: Sparky\n|-damage|p1a: Sparky|232/271\n|cant|p1a: Sparky|flinch\n|move|p2a: El Chupacabra|Tailwind|p2a: El Chupacabra\n|-sidestart|p2: je64|move: Tailwind\n|move|p1b: Mimsy|Psychic Terrain|p1b: Mimsy\n|-fieldstart|move: Psychic Terrain\n|\n|upkeep\n|turn|2\n|\n|t:|1743390355\n|move|p2a: El Chupacabra|Double-Edge|p1a: Sparky\n|-enditem|p2a: El Chupacabra|Normal Gem|[from] gem\n|debug|Gem Boost\n|-damage|p1a: Sparky|0 fnt\n|faint|p1a: Sparky\n|-damage|p2a: El Chupacabra|185/262|[from] Recoil\n|move|p2b: Dude Thong|Knock Off|p1b: Mimsy\n|-damage|p1b: Mimsy|158/221\n|-enditem|p1b: Mimsy|Mental Herb|[from] move: Knock Off|[of] p2b: Dude Thong\n|move|p1b: Mimsy|Expanding Force|p2a: El Chupacabra|[spread] p2a,p2b\n|debug|psychic terrain boost\n|debug|terrain buff\n|debug|Spread modifier: 0.75\n|debug|psychic terrain boost\n|debug|terrain buff\n|debug|Spread modifier: 0.75\n|-damage|p2a: El Chupacabra|0 fnt\n|-damage|p2b: Dude Thong|257/384\n|faint|p2a: El Chupacabra\n|\n|upkeep\n|\n|t:|1743390382\n|switch|p1a: Eggman|Exeggutor, M|394/394\n|switch|p2a: K.Dot|Kadabra, F|221/221\n|turn|3\n|\n|t:|1743390407\n|move|p1a: Eggman|Protect|p1a: Eggman\n|-singleturn|p1a: Eggman|Protect\n|move|p2a: K.Dot|Calm Mind|p2a: K.Dot\n|-boost|p2a: K.Dot|spa|1\n|-boost|p2a: K.Dot|spd|1\n|move|p2b: Dude Thong|Triple Axel|p1a: Eggman\n|-activate|p1a: Eggman|move: Protect\n|move|p1b: Mimsy|Expanding Force|p2b: Dude Thong|[spread] p2a,p2b\n|debug|psychic terrain boost\n|debug|terrain buff\n|debug|Spread modifier: 0.75\n|-resisted|p2a: K.Dot\n|debug|psychic terrain boost\n|debug|terrain buff\n|debug|Spread modifier: 0.75\n|-damage|p2a: K.Dot|132/221\n|-damage|p2b: Dude Thong|115/384\n|\n|upkeep\n|turn|4\n|\n|t:|1743390425\n|switch|p1a: Dewey|Dewgong, M|384/384\n|move|p2a: K.Dot|Calm Mind|p2a: K.Dot\n|-boost|p2a: K.Dot|spa|1\n|-boost|p2a: K.Dot|spd|1\n|move|p2b: Dude Thong|Triple Axel|p1a: Dewey\n|debug|Thick Fat weaken\n|-resisted|p1a: Dewey\n|-damage|p1a: Dewey|381/384\n|debug|Thick Fat weaken\n|-resisted|p1a: Dewey\n|-damage|p1a: Dewey|376/384\n|debug|Thick Fat weaken\n|-resisted|p1a: Dewey\n|-damage|p1a: Dewey|369/384\n|-hitcount|p1a: Dewey|3\n|move|p1b: Mimsy|Expanding Force|p2b: Dude Thong|[spread] p2a,p2b\n|debug|psychic terrain boost\n|debug|terrain buff\n|debug|Spread modifier: 0.75\n|-resisted|p2a: K.Dot\n|debug|psychic terrain boost\n|debug|terrain buff\n|debug|Spread modifier: 0.75\n|-damage|p2a: K.Dot|64/221\n|-damage|p2b: Dude Thong|0 fnt\n|faint|p2b: Dude Thong\n|\n|-heal|p1a: Dewey|384/384|[from] item: Leftovers\n|-sideend|p2: je64|move: Tailwind\n|upkeep\n|\n|t:|1743390447\n|switch|p2b: Stranger|Gengar, F|261/261\n|turn|5\n|\n|t:|1743390504\n|move|p2a: K.Dot|Protect|p2a: K.Dot\n|-singleturn|p2a: K.Dot|Protect\n|move|p2b: Stranger|Shadow Ball|p1b: Mimsy\n|-supereffective|p1b: Mimsy\n|debug|Filter neutralize\n|-damage|p1b: Mimsy|0 fnt\n|faint|p1b: Mimsy\n|move|p1a: Dewey|Knock Off|p2a: K.Dot\n|-activate|p2a: K.Dot|move: Protect\n|\n|-fieldend|move: Psychic Terrain\n|upkeep\n|\n|t:|1743390518\n|switch|p1b: Eggman|Exeggutor, M|394/394\n|turn|6\n|\n|t:|1743390530\n|move|p1b: Eggman|Protect|p1b: Eggman\n|-singleturn|p1b: Eggman|Protect\n|move|p2b: Stranger|Shadow Ball|p1b: Eggman\n|-activate|p1b: Eggman|move: Protect\n|move|p2a: K.Dot|Psychic|p1a: Dewey\n|-damage|p1a: Dewey|0 fnt\n|faint|p1a: Dewey\n|debug|damage event failed\n|\n|upkeep\n|\n|t:|1743390540\n|switch|p1a: King Nido|Nidoking, M|303/303\n|turn|7\n|\n|t:|1743390557\n|move|p1a: King Nido|Earth Power|p2b: Stranger\n|-supereffective|p2b: Stranger\n|-damage|p2b: Stranger|0 fnt\n|-start|p1a: King Nido|Disable|Earth Power|[from] ability: Cursed Body|[of] p2b: Stranger\n|faint|p2b: Stranger\n|move|p2a: K.Dot|Psychic|p1a: King Nido\n|-supereffective|p1a: King Nido\n|-damage|p1a: King Nido|0 fnt\n|faint|p1a: King Nido\n|debug|damage event failed\n|move|p1b: Eggman|Giga Drain|p2a: K.Dot\n|-damage|p2a: K.Dot|0 fnt\n|faint|p2a: K.Dot\n|\n|upkeep\n|\n|t:|1743390569\n|switch|p2b: Articu-no-hit-me|Articuno|384/384\n|switch|p2a: Buzz Lightyear|Electabuzz, F|334/334\n|switch|p1a: Randy|Machoke, M|302/302\n|turn|8\n|\n|t:|1743390606\n|move|p1a: Randy|Protect|p1a: Randy\n|-singleturn|p1a: Randy|Protect\n|move|p2a: Buzz Lightyear|Follow Me|p2a: Buzz Lightyear\n|-singleturn|p2a: Buzz Lightyear|move: Follow Me\n|move|p2b: Articu-no-hit-me|Sheer Cold|p1a: Randy\n|-activate|p1a: Randy|move: Protect\n|move|p1b: Eggman|Psychic Terrain|p1b: Eggman\n|-fieldstart|move: Psychic Terrain\n|\n|upkeep\n|turn|9\n|\n|t:|1743390626\n|move|p1a: Randy|Protect||[still]\n|debug|Success chance: 33%\n|-fail|p1a: Randy\n|move|p2a: Buzz Lightyear|Follow Me|p2a: Buzz Lightyear\n|-singleturn|p2a: Buzz Lightyear|move: Follow Me\n|move|p2b: Articu-no-hit-me|Sheer Cold|p1a: Randy\n|-damage|p1a: Randy|0 fnt\n|faint|p1a: Randy\n|-ohko\n|move|p1b: Eggman|Expanding Force|p2a: Buzz Lightyear|[spread] p2a,p2b\n|debug|psychic terrain boost\n|debug|terrain buff\n|debug|Spread modifier: 0.75\n|debug|psychic terrain boost\n|debug|terrain buff\n|debug|Spread modifier: 0.75\n|-damage|p2a: Buzz Lightyear|183/334\n|-damage|p2b: Articu-no-hit-me|218/384\n|\n|-heal|p2b: Articu-no-hit-me|242/384|[from] item: Leftovers\n|upkeep\n|turn|10\n|\n|t:|1743390680\n|move|p2a: Buzz Lightyear|Volt Switch|p1b: Eggman\n|-resisted|p1b: Eggman\n|-damage|p1b: Eggman|346/394\n|move|p2b: Articu-no-hit-me|Ice Beam|p1b: Eggman\n|-supereffective|p1b: Eggman\n|-damage|p1b: Eggman|74/394\n|-enditem|p1b: Eggman|Sitrus Berry|[eat]\n|-heal|p1b: Eggman|172/394|[from] item: Sitrus Berry\n|move|p1b: Eggman|Expanding Force|p2a: Buzz Lightyear|[spread] p2a,p2b\n|debug|psychic terrain boost\n|debug|terrain buff\n|debug|Spread modifier: 0.75\n|debug|psychic terrain boost\n|debug|terrain buff\n|debug|Spread modifier: 0.75\n|-crit|p2b: Articu-no-hit-me\n|-damage|p2a: Buzz Lightyear|24/334\n|-damage|p2b: Articu-no-hit-me|2/384\n|\n|-heal|p2b: Articu-no-hit-me|26/384|[from] item: Leftovers\n|upkeep\n|turn|11\n|\n|t:|1743390701\n|move|p1b: Eggman|Protect|p1b: Eggman\n|-singleturn|p1b: Eggman|Protect\n|move|p2a: Buzz Lightyear|Feint|p1b: Eggman\n|-activate|p1b: Eggman|move: Psychic Terrain\n|move|p2b: Articu-no-hit-me|Ice Beam|p1b: Eggman\n|-activate|p1b: Eggman|move: Protect\n|\n|-heal|p2b: Articu-no-hit-me|50/384|[from] item: Leftovers\n|-item|p1b: Eggman|Sitrus Berry|[from] ability: Harvest\n|upkeep\n|-enditem|p1b: Eggman|Sitrus Berry|[eat]\n|-heal|p1b: Eggman|270/394|[from] item: Sitrus Berry\n|turn|12\n|\n|t:|1743390753\n|move|p2a: Buzz Lightyear|Volt Switch|p1b: Eggman\n|-resisted|p1b: Eggman\n|-damage|p1b: Eggman|218/394\n|move|p2b: Articu-no-hit-me|Ice Beam|p1b: Eggman\n|-supereffective|p1b: Eggman\n|-damage|p1b: Eggman|0 fnt\n|faint|p1b: Eggman\n|\n|win|je64\n|l|☆je64\n|player|p2|\n","uploadtime":1743390761,"views":"14","formatid":"gen9doublescustomgame","rating":null,"private":0,"password":null}