{"id":"gen9doublescustomgame-2078048205","format":"[Gen 9] Doubles Custom Game","players":["noli_cannoli10","Mango Meloetta"],"log":"|j|☆noli_cannoli10\n|j|☆Mango Meloetta\n|t:|1710107982\n|gametype|doubles\n|player|p1|noli_cannoli10|2|\n|player|p2|Mango Meloetta|li|\n|teamsize|p1|6\n|teamsize|p2|6\n|gen|9\n|tier|[Gen 9] Doubles Custom Game\n|clearpoke\n|poke|p1|Magearna|\n|poke|p1|Camerupt, M|\n|poke|p1|Hatterene, F|\n|poke|p1|Torkoal, M|\n|poke|p1|Celesteela|\n|poke|p1|Melmetal|\n|poke|p2|Zygarde|\n|poke|p2|Pawmot, F|\n|poke|p2|Gengar, M|\n|poke|p2|Porygon2|\n|poke|p2|Ferrothorn, F|\n|poke|p2|Chien-Pao|\n|teampreview\n|j| mistermoscow\n|j| mattmandaman\n|j| je64\n|\n|t:|1710108035\n|start\n|switch|p1a: what's the body?!|Hatterene, F, shiny|318/318\n|switch|p1b: Fire squirtle|Torkoal, M, shiny|344/344\n|switch|p2a: Paper|Zygarde, shiny|357/357\n|switch|p2b: Lighter|Chien-Pao|301/301\n|-ability|p2b: Lighter|Sword of Ruin\n|-ability|p2a: Paper|Aura Break\n|-weather|SunnyDay|[from] ability: Drought|[of] p1b: Fire squirtle\n|turn|1\n|j| Smokeydabearrr\n|c|☆Mango Meloetta|its awnn\n|\n|t:|1710108101\n|move|p2b: Lighter|Sacred Sword|p1b: Fire squirtle\n|debug|Negating (sp)def boost/penalty.\n|debug|Sword of Ruin Def drop\n|-damage|p1b: Fire squirtle|208/344\n|-damage|p2b: Lighter|271/301|[from] item: Life Orb\n|move|p2a: Paper|Thousand Waves|p1b: Fire squirtle|[spread] p1a,p1b\n|debug|Sword of Ruin Def drop\n|debug|Spread modifier: 0.75\n|debug|Sword of Ruin Def drop\n|debug|Spread modifier: 0.75\n|-supereffective|p1b: Fire squirtle\n|-damage|p1a: what's the body?!|99/318\n|-damage|p1b: Fire squirtle|0 fnt\n|-activate|p1a: what's the body?!|trapped\n|faint|p1b: Fire squirtle\n|move|p1a: what's the body?!|Trick Room|p1a: what's the body?!\n|-fieldstart|move: Trick Room|[of] p1a: what's the body?!\n|\n|-weather|SunnyDay|[upkeep]\n|upkeep\n|\n|t:|1710108116\n|switch|p1b: Spicy Camel|Camerupt, M, shiny|344/344\n|turn|2\n|\n|t:|1710108137\n|detailschange|p1b: Spicy Camel|Camerupt-Mega, M, shiny\n|-mega|p1b: Spicy Camel|Camerupt|Cameruptite\n|move|p2b: Lighter|Protect|p2b: Lighter\n|-singleturn|p2b: Lighter|Protect\n|move|p1b: Spicy Camel|Fire Blast|p2b: Lighter\n|-activate|p2b: Lighter|move: Protect\n|move|p1a: what's the body?!|Dazzling Gleam|p2a: Paper|[spread] p2a\n|-activate|p2b: Lighter|move: Protect\n|debug|Spread modifier: 0.75\n|-supereffective|p2a: Paper\n|-crit|p2a: Paper\n|-damage|p2a: Paper|0 fnt\n|faint|p2a: Paper\n|\n|-weather|SunnyDay|[upkeep]\n|upkeep\n|c|☆Mango Meloetta|OHHHHHH\n|\n|t:|1710108152\n|switch|p2a: Filter|Porygon2, shiny|374/374\n|-ability|p2a: Filter|Magic Bounce|[from] ability: Trace|[of] p1a: what's the body?!\n|turn|3\n|\n|t:|1710108216\n|move|p2b: Lighter|Sucker Punch|p1a: what's the body?!\n|debug|Sword of Ruin Def drop\n|-damage|p1a: what's the body?!|0 fnt\n|faint|p1a: what's the body?!\n|-damage|p2b: Lighter|241/301|[from] item: Life Orb\n|move|p1b: Spicy Camel|Earth Power|p2a: Filter\n|-crit|p2a: Filter\n|-damage|p2a: Filter|200/374\n|move|p2a: Filter|Thunder Wave|p1b: Spicy Camel\n|-immune|p1b: Spicy Camel\n|\n|-weather|SunnyDay|[upkeep]\n|upkeep\n|\n|t:|1710108245\n|switch|p1a: New pimp hands|Melmetal|474/474\n|turn|4\n|\n|t:|1710108285\n|-terastallize|p1a: New pimp hands|Ground\n|move|p2b: Lighter|Sucker Punch|p1a: New pimp hands\n|debug|Sword of Ruin Def drop\n|-damage|p1a: New pimp hands|314/474\n|-damage|p2b: Lighter|211/301|[from] item: Life Orb\n|move|p1b: Spicy Camel|Fire Blast|p2b: Lighter\n|debug|Sunny Day fire boost\n|-supereffective|p2b: Lighter\n|-damage|p2b: Lighter|0 fnt\n|faint|p2b: Lighter\n|move|p1a: New pimp hands|Double Iron Bash|p2a: Filter\n|debug|Iron Fist boost\n|-damage|p2a: Filter|80/374\n|debug|Iron Fist boost\n|-damage|p2a: Filter|0 fnt\n|faint|p2a: Filter\n|-hitcount|p2: Filter|2\n|\n|-weather|SunnyDay|[upkeep]\n|upkeep\n|j| gonial angle\n|\n|t:|1710108301\n|switch|p2a: Roller|Pawmot, F, shiny|281/281\n|switch|p2b: Bud|Ferrothorn, F, shiny|351/351\n|turn|5\n|l| gonial angle\n|\n|t:|1710108329\n|-terastallize|p2b: Bud|Dragon\n|move|p2a: Roller|Fake Out|p1a: New pimp hands\n|-damage|p1a: New pimp hands|280/474\n|move|p2b: Bud|Leech Seed|p1b: Spicy Camel\n|-start|p1b: Spicy Camel|move: Leech Seed\n|move|p1b: Spicy Camel|Fire Blast|p2b: Bud\n|debug|Sunny Day fire boost\n|-resisted|p2b: Bud\n|-damage|p2b: Bud|213/351\n|cant|p1a: New pimp hands|flinch\n|\n|-weather|none\n|-damage|p1b: Spicy Camel|301/344|[from] Leech Seed|[of] p2b: Bud\n|-heal|p2b: Bud|256/351|[silent]\n|-fieldend|move: Trick Room\n|upkeep\n|turn|6\n|\n|t:|1710108355\n|switch|p1a: Metal Gyatt|Magearna, shiny|364/364\n|move|p2a: Roller|Revival Blessing|p2a: Roller\n|\n|t:|1710108366\n|-heal|p2: Filter|187/374|[from] move: Revival Blessing\n|move|p1b: Spicy Camel|Hidden Power|p2b: Bud\n|-supereffective|p2b: Bud\n|-damage|p2b: Bud|148/351\n|move|p2b: Bud|Leech Seed|p1a: Metal Gyatt\n|-start|p1a: Metal Gyatt|move: Leech Seed\n|\n|-damage|p1a: Metal Gyatt|319/364|[from] Leech Seed|[of] p2b: Bud\n|-heal|p2b: Bud|193/351|[silent]\n|-damage|p1b: Spicy Camel|258/344|[from] Leech Seed|[of] p2b: Bud\n|-heal|p2b: Bud|236/351|[silent]\n|upkeep\n|turn|7\n|\n|t:|1710108395\n|switch|p2a: Filter|Porygon2, shiny|187/374\n|-ability|p2a: Filter|Sheer Force|[from] ability: Trace|[of] p1b: Spicy Camel\n|move|p2b: Bud|Protect|p2b: Bud\n|-singleturn|p2b: Bud|Protect\n|move|p1b: Spicy Camel|Hidden Power|p2b: Bud\n|-activate|p2b: Bud|move: Protect\n|move|p1a: Metal Gyatt|Trick Room|p1a: Metal Gyatt\n|-fieldstart|move: Trick Room|[of] p1a: Metal Gyatt\n|\n|-heal|p1a: Metal Gyatt|341/364|[from] item: Leftovers\n|-damage|p1b: Spicy Camel|215/344|[from] Leech Seed|[of] p2b: Bud\n|-heal|p2b: Bud|279/351|[silent]\n|-damage|p1a: Metal Gyatt|296/364|[from] Leech Seed|[of] p2b: Bud\n|-heal|p2b: Bud|324/351|[silent]\n|upkeep\n|turn|8\n|c|☆Mango Meloetta|GYATT\n|\n|t:|1710108432\n|move|p2b: Bud|Gyro Ball|p1a: Metal Gyatt\n|debug|BP: 94\n|-damage|p1a: Metal Gyatt|194/364\n|move|p1b: Spicy Camel|Hidden Power|p2b: Bud\n|-supereffective|p2b: Bud\n|-damage|p2b: Bud|212/351\n|move|p1a: Metal Gyatt|Fleur Cannon|p2a: Filter\n|-damage|p2a: Filter|60/374\n|-unboost|p1a: Metal Gyatt|spa|2\n|move|p2a: Filter|Recover|p2a: Filter\n|-heal|p2a: Filter|247/374\n|\n|-heal|p1a: Metal Gyatt|216/364|[from] item: Leftovers\n|-damage|p1b: Spicy Camel|172/344|[from] Leech Seed|[of] p2b: Bud\n|-heal|p2b: Bud|255/351|[silent]\n|-damage|p1a: Metal Gyatt|171/364|[from] Leech Seed|[of] p2b: Bud\n|-heal|p2b: Bud|300/351|[silent]\n|upkeep\n|turn|9\n|\n|t:|1710108460\n|move|p2b: Bud|Gyro Ball|p1a: Metal Gyatt\n|debug|BP: 94\n|-damage|p1a: Metal Gyatt|72/364\n|move|p1b: Spicy Camel|Fire Blast|p2a: Filter\n|-damage|p2a: Filter|97/374\n|move|p1a: Metal Gyatt|Flash Cannon|p2b: Bud\n|-damage|p2b: Bud|251/351\n|move|p2a: Filter|Thunderbolt|p1a: Metal Gyatt\n|-damage|p1a: Metal Gyatt|0 fnt\n|faint|p1a: Metal Gyatt\n|\n|-damage|p1b: Spicy Camel|129/344|[from] Leech Seed|[of] p2b: Bud\n|-heal|p2b: Bud|294/351|[silent]\n|upkeep\n|\n|t:|1710108473\n|switch|p1a: Steely Dan|Celesteela, shiny|397/397\n|turn|10\n|\n|t:|1710108486\n|move|p2b: Bud|Leech Seed|p1a: Steely Dan\n|-start|p1a: Steely Dan|move: Leech Seed\n|move|p1b: Spicy Camel|Hidden Power|p2b: Bud\n|-supereffective|p2b: Bud\n|-damage|p2b: Bud|188/351\n|move|p1a: Steely Dan|Flamethrower|p2a: Filter\n|-damage|p2a: Filter|60/374\n|move|p2a: Filter|Recover|p2a: Filter\n|-heal|p2a: Filter|247/374\n|\n|-damage|p1b: Spicy Camel|86/344|[from] Leech Seed|[of] p2b: Bud\n|-heal|p2b: Bud|231/351|[silent]\n|-damage|p1a: Steely Dan|348/397|[from] Leech Seed|[of] p2b: Bud\n|-heal|p2b: Bud|280/351|[silent]\n|upkeep\n|turn|11\n|\n|t:|1710108511\n|move|p2b: Bud|Seed Bomb|p1b: Spicy Camel\n|-damage|p1b: Spicy Camel|0 fnt\n|faint|p1b: Spicy Camel\n|move|p1a: Steely Dan|Flamethrower|p2b: Bud\n|-resisted|p2b: Bud\n|-damage|p2b: Bud|258/351\n|move|p2a: Filter|Thunderbolt|p1a: Steely Dan\n|-supereffective|p1a: Steely Dan\n|-damage|p1a: Steely Dan|206/397\n|\n|-damage|p1a: Steely Dan|157/397|[from] Leech Seed|[of] p2b: Bud\n|-heal|p2b: Bud|307/351|[silent]\n|-fieldend|move: Trick Room\n|upkeep\n|\n|t:|1710108522\n|switch|p1b: New pimp hands|Melmetal, tera:Ground|280/474\n|turn|12\n|\n|t:|1710108533\n|move|p2a: Filter|Ice Beam|p1b: New pimp hands\n|-supereffective|p1b: New pimp hands\n|-damage|p1b: New pimp hands|94/474\n|move|p1a: Steely Dan|Leech Seed|p2b: Bud\n|-start|p2b: Bud|move: Leech Seed\n|move|p1b: New pimp hands|Double Iron Bash|p2b: Bud\n|debug|Iron Fist boost\n|-damage|p2b: Bud|196/351\n|-damage|p1b: New pimp hands|35/474|[from] ability: Iron Barbs|[of] p2b: Bud\n|-damage|p1b: New pimp hands|0 fnt|[from] item: Rocky Helmet|[of] p2b: Bud\n|faint|p1b: New pimp hands\n|-hitcount|p2b: Bud|1\n|move|p2b: Bud|Leech Seed||[still]\n|-fail|p2b: Bud\n|debug|move failed because it did nothing\n|\n|-damage|p1a: Steely Dan|108/397|[from] Leech Seed|[of] p2b: Bud\n|-heal|p2b: Bud|245/351|[silent]\n|-damage|p2b: Bud|202/351|[from] Leech Seed|[of] p1a: Steely Dan\n|-heal|p1a: Steely Dan|151/397|[silent]\n|upkeep\n|turn|13\n|\n|t:|1710108553\n|move|p2a: Filter|Thunderbolt|p1a: Steely Dan\n|-supereffective|p1a: Steely Dan\n|-damage|p1a: Steely Dan|0 fnt\n|faint|p1a: Steely Dan\n|\n|win|Mango Meloetta\n|c|☆Mango Meloetta|gggg\n|l|☆noli_cannoli10\n|player|p1|\n|l| Smokeydabearrr\n","uploadtime":1710108594,"views":"19","formatid":"gen9doublescustomgame","rating":null,"private":0,"password":null}