{"id":"gen9doublescustomgame-2287439689","format":"[Gen 9] Doubles Custom Game","players":["mistermoscow","Mattmandaman"],"log":"|j|☆mistermoscow\n|j|☆Mattmandaman\n|t:|1737739581\n|gametype|doubles\n|player|p1|mistermoscow|alder|\n|player|p2|Mattmandaman|giovanni|\n|teamsize|p1|6\n|teamsize|p2|6\n|gen|9\n|tier|[Gen 9] Doubles Custom Game\n|clearpoke\n|poke|p1|Flareon, M|\n|poke|p1|Gengar, M|\n|poke|p1|Victreebel, M|\n|poke|p1|Jolteon, M|\n|poke|p1|Dragonite, M|\n|poke|p1|Fearow, M|\n|poke|p2|Primeape, F|\n|poke|p2|Marowak, M|\n|poke|p2|Dodrio, M|\n|poke|p2|Gengar, M|\n|poke|p2|Pikachu, F|\n|poke|p2|Electrode|\n|teampreview\n|\n|t:|1737739621\n|start\n|switch|p1a: Gang Gang|Gengar, M|262/262\n|switch|p1b: Bernie|Flareon, M|272/272\n|switch|p2a: Marowak|Marowak, M|262/262\n|switch|p2b: Dodrio|Dodrio, M|262/262\n|turn|1\n|\n|t:|1737739679\n|move|p2b: Dodrio|Tailwind|p2b: Dodrio\n|-sidestart|p2: Mattmandaman|move: Tailwind\n|move|p2a: Marowak|Stealth Rock|p1a: Gang Gang\n|-sidestart|p1: mistermoscow|move: Stealth Rock\n|move|p1a: Gang Gang|Icy Wind|p2b: Dodrio|[spread] p2a,p2b\n|debug|Spread modifier: 0.75\n|-supereffective|p2a: Marowak\n|debug|Spread modifier: 0.75\n|-supereffective|p2b: Dodrio\n|-damage|p2a: Marowak|144/262\n|-damage|p2b: Dodrio|118/262\n|-unboost|p2a: Marowak|spe|1\n|debug|Covert Cloak prevent secondary\n|move|p1b: Bernie|Trailblaze|p2a: Marowak\n|-supereffective|p2a: Marowak\n|-damage|p2a: Marowak|28/262\n|-boost|p1b: Bernie|spe|1\n|\n|upkeep\n|turn|2\n|\n|t:|1737739725\n|switch|p2a: Electrode|Electrode|324/324\n|move|p1b: Bernie|Quick Attack|p2a: Electrode\n|-damage|p2a: Electrode|254/324\n|move|p2b: Dodrio|Brave Bird|p1b: Bernie\n|-damage|p1b: Bernie|53/272\n|-enditem|p1b: Bernie|Aguav Berry|[eat]\n|-heal|p1b: Bernie|143/272|[from] item: Aguav Berry\n|-damage|p2b: Dodrio|46/262|[from] Recoil\n|move|p1a: Gang Gang|Icy Wind|p2a: Electrode|[spread] p2b\n|-miss|p1a: Gang Gang|p2a: Electrode\n|debug|Spread modifier: 0.75\n|-supereffective|p2b: Dodrio\n|-damage|p2b: Dodrio|0 fnt\n|debug|Covert Cloak prevent secondary\n|faint|p2b: Dodrio\n|\n|upkeep\n|\n|t:|1737739734\n|switch|p2b: Gengar|Gengar, M|262/262\n|turn|3\n|\n|t:|1737739755\n|move|p2a: Electrode|Electroweb|p1a: Gang Gang|[spread] p1a,p1b\n|debug|Spread modifier: 0.75\n|debug|Spread modifier: 0.75\n|-damage|p1a: Gang Gang|186/262\n|-damage|p1b: Bernie|86/272\n|-unboost|p1a: Gang Gang|spe|1\n|-unboost|p1b: Bernie|spe|1\n|move|p2b: Gengar|Sludge Bomb|p1b: Bernie\n|-damage|p1b: Bernie|0 fnt\n|faint|p1b: Bernie\n|move|p1a: Gang Gang|Icy Wind|p2b: Gengar|[spread] p2a,p2b\n|debug|Spread modifier: 0.75\n|debug|Spread modifier: 0.75\n|-damage|p2a: Electrode|195/324\n|-damage|p2b: Gengar|204/262\n|-unboost|p2a: Electrode|spe|1\n|-unboost|p2b: Gengar|spe|1\n|\n|upkeep\n|\n|t:|1737739800\n|switch|p1b: Big Bird|Fearow, M|334/334\n|-damage|p1b: Big Bird|251/334|[from] Stealth Rock\n|turn|4\n|\n|t:|1737739826\n|switch|p1a: Sparky|Jolteon, M|271/271\n|-damage|p1a: Sparky|238/271|[from] Stealth Rock\n|move|p1b: Big Bird|Protect|p1b: Big Bird\n|-singleturn|p1b: Big Bird|Protect\n|move|p2a: Electrode|Thunderbolt|p1b: Big Bird\n|-activate|p1b: Big Bird|move: Protect\n|move|p2b: Gengar|Shadow Ball|p1a: Sparky\n|-damage|p1a: Sparky|94/271\n|debug|Covert Cloak prevent secondary\n|\n|-sideend|p2: Mattmandaman|move: Tailwind\n|upkeep\n|turn|5\n|\n|t:|1737739865\n|switch|p2b: Pikachu|Pikachu, F|211/211\n|move|p1a: Sparky|Electroweb|p2b: Pikachu|[spread] p2a\n|-ability|p2b: Pikachu|Lightning Rod|boost\n|-boost|p2b: Pikachu|spa|1\n|debug|Spread modifier: 0.75\n|-resisted|p2a: Electrode\n|-damage|p2a: Electrode|153/324\n|-unboost|p2a: Electrode|spe|1\n|move|p1b: Big Bird|Tailwind|p1b: Big Bird\n|-sidestart|p1: mistermoscow|move: Tailwind\n|move|p2a: Electrode|Thunderbolt|p2b: Pikachu\n|-activate|p2b: Pikachu|ability: Lightning Rod\n|-ability|p2b: Pikachu|Lightning Rod|boost\n|-boost|p2b: Pikachu|spa|1\n|\n|upkeep\n|turn|6\n|c|☆mistermoscow|lmao\n|c|☆Mattmandaman|oops\n|\n|t:|1737739938\n|switch|p1b: Victor|Victreebel, M|333/333\n|-damage|p1b: Victor|292/333|[from] Stealth Rock\n|switch|p2a: Primeape|Primeape, F|272/272\n|move|p2b: Pikachu|Fake Out|p1a: Sparky\n|-damage|p1a: Sparky|17/271\n|debug|Covert Cloak prevent secondary\n|move|p1a: Sparky|Sunny Day|p1a: Sparky\n|-weather|SunnyDay\n|\n|-weather|SunnyDay|[upkeep]\n|-heal|p1b: Victor|312/333|[from] item: Black Sludge\n|upkeep\n|turn|7\n|\n|t:|1737740022\n|switch|p1a: Puff Daddy|Dragonite, M|386/386\n|-damage|p1a: Puff Daddy|290/386|[from] Stealth Rock\n|move|p1b: Victor|Solar Beam||[still]\n|-prepare|p1b: Victor|Solar Beam\n|-anim|p1b: Victor|Solar Beam|p2b: Pikachu\n|-damage|p2b: Pikachu|0 fnt\n|faint|p2b: Pikachu\n|move|p2a: Primeape|Rock Slide|p1a: Puff Daddy|[spread] p1a\n|-miss|p2a: Primeape|p1b: Victor\n|debug|Spread modifier: 0.75\n|-supereffective|p1a: Puff Daddy\n|-damage|p1a: Puff Daddy|168/386\n|\n|-weather|SunnyDay|[upkeep]\n|-heal|p1b: Victor|332/333|[from] item: Black Sludge\n|upkeep\n|\n|t:|1737740045\n|switch|p2b: Gengar|Gengar, M|204/262\n|turn|8\n|\n|t:|1737740064\n|move|p2b: Gengar|Protect|p2b: Gengar\n|-singleturn|p2b: Gengar|Protect\n|debug|BP: 100\n|move|p1b: Victor|Weather Ball|p2b: Gengar\n|-activate|p2b: Gengar|move: Protect\n|move|p1a: Puff Daddy|Dual Wingbeat|p2a: Primeape\n|-supereffective|p2a: Primeape\n|-damage|p2a: Primeape|67/272\n|-supereffective|p2a: Primeape\n|-damage|p2a: Primeape|0 fnt\n|faint|p2a: Primeape\n|-hitcount|p2: Primeape|2\n|-damage|p1a: Puff Daddy|130/386|[from] item: Life Orb\n|\n|-weather|SunnyDay|[upkeep]\n|-heal|p1b: Victor|333/333|[from] item: Black Sludge\n|-sideend|p1: mistermoscow|move: Tailwind\n|upkeep\n|\n|t:|1737740074\n|switch|p2a: Electrode|Electrode|153/324\n|turn|9\n|\n|t:|1737740096\n|move|p1a: Puff Daddy|Extreme Speed|p2a: Electrode\n|-damage|p2a: Electrode|0 fnt\n|faint|p2a: Electrode\n|-damage|p1a: Puff Daddy|92/386|[from] item: Life Orb\n|debug|BP: 100\n|move|p1b: Victor|Weather Ball|p2b: Gengar\n|debug|Sunny Day fire boost\n|-damage|p2b: Gengar|11/262\n|move|p2b: Gengar|Sludge Bomb|p1b: Victor\n|-damage|p1b: Victor|122/333\n|\n|-weather|SunnyDay|[upkeep]\n|-heal|p1b: Victor|142/333|[from] item: Black Sludge\n|upkeep\n|\n|t:|1737740107\n|switch|p2a: Marowak|Marowak, M|28/262\n|turn|10\n|\n|t:|1737740132\n|move|p2b: Gengar|Protect|p2b: Gengar\n|-singleturn|p2b: Gengar|Protect\n|move|p2a: Marowak|Protect|p2a: Marowak\n|-singleturn|p2a: Marowak|Protect\n|move|p1a: Puff Daddy|Extreme Speed|p2a: Marowak\n|-activate|p2a: Marowak|move: Protect\n|debug|BP: 100\n|move|p1b: Victor|Weather Ball|p2b: Gengar\n|-activate|p2b: Gengar|move: Protect\n|\n|-weather|none\n|-heal|p1b: Victor|162/333|[from] item: Black Sludge\n|upkeep\n|turn|11\n|\n|t:|1737740158\n|move|p1a: Puff Daddy|Extreme Speed|p2a: Marowak\n|-damage|p2a: Marowak|0 fnt\n|faint|p2a: Marowak\n|-damage|p1a: Puff Daddy|54/386|[from] item: Life Orb\n|move|p2b: Gengar|Sludge Bomb|p1b: Victor\n|-damage|p1b: Victor|0 fnt\n|faint|p1b: Victor\n|\n|upkeep\n|\n|t:|1737740169\n|switch|p1b: Big Bird|Fearow, M|251/334\n|-damage|p1b: Big Bird|168/334|[from] Stealth Rock\n|turn|12\n|\n|t:|1737740176\n|move|p2b: Gengar|Sludge Bomb|p1b: Big Bird\n|-damage|p1b: Big Bird|0 fnt\n|faint|p1b: Big Bird\n|move|p1a: Puff Daddy|Dragon Claw|p2b: Gengar\n|-damage|p2b: Gengar|0 fnt\n|faint|p2b: Gengar\n|-damage|p1a: Puff Daddy|16/386|[from] item: Life Orb\n|\n|win|mistermoscow\n|c|☆Mattmandaman|gg\n|c|☆mistermoscow|thank god no sludge wave\n|c|☆mistermoscow|gg\n","uploadtime":1737740207,"views":"18","formatid":"gen9doublescustomgame","rating":null,"private":0,"password":null}