{"id":"gen9doublescustomgame-2343696533","format":"[Gen 9] Doubles Custom Game","players":["mistermoscow","Mattmandaman"],"log":"|j|☆mistermoscow\n|j|☆Mattmandaman\n|t:|1744764085\n|gametype|doubles\n|player|p1|mistermoscow|alder|\n|player|p2|Mattmandaman|giovanni|\n|teamsize|p1|6\n|teamsize|p2|6\n|gen|9\n|tier|[Gen 9] Doubles Custom Game\n|clearpoke\n|poke|p1|Nidoking, M|\n|poke|p1|Primeape, M|\n|poke|p1|Exeggutor, M|\n|poke|p1|Mr. Mime, M|\n|poke|p1|Jolteon, M|\n|poke|p1|Dragonite, M|\n|poke|p2|Gengar, F|\n|poke|p2|Starmie|\n|poke|p2|Chansey, F|\n|poke|p2|Nidoking, M|\n|poke|p2|Snorlax, M|\n|poke|p2|Pinsir, F|\n|teampreview\n|\n|t:|1744764156\n|start\n|switch|p1a: Puff Daddy|Dragonite, M|355/355\n|switch|p1b: Mimsy|Mr. Mime, M|284/284\n|switch|p2a: Pinsir|Pinsir, F|334/334\n|switch|p2b: Gengar|Gengar, F|262/262\n|turn|1\n|\n|t:|1744764172\n|move|p1b: Mimsy|Follow Me|p1b: Mimsy\n|-singleturn|p1b: Mimsy|move: Follow Me\n|move|p2b: Gengar|Sludge Bomb|p1b: Mimsy\n|debug|Follow Me redirected target of move\n|-supereffective|p1b: Mimsy\n|debug|Filter neutralize\n|-damage|p1b: Mimsy|95/284\n|move|p1a: Puff Daddy|Tailwind|p1a: Puff Daddy\n|-sidestart|p1: mistermoscow|move: Tailwind\n|move|p2a: Pinsir|Knock Off|p1b: Mimsy\n|debug|Follow Me redirected target of move\n|-damage|p1b: Mimsy|0 fnt\n|-enditem|p1b: Mimsy|Leftovers|[from] move: Knock Off|[of] p2a: Pinsir\n|faint|p1b: Mimsy\n|-ability|p2a: Pinsir|Moxie|boost\n|-boost|p2a: Pinsir|atk|1\n|\n|upkeep\n|\n|t:|1744764198\n|switch|p1b: Apollo|Primeape, M|271/271\n|turn|2\n|\n|t:|1744764215\n|move|p1a: Puff Daddy|Dragon Dance|p1a: Puff Daddy\n|-boost|p1a: Puff Daddy|atk|1\n|-boost|p1a: Puff Daddy|spe|1\n|move|p1b: Apollo|Bulk Up|p1b: Apollo\n|-boost|p1b: Apollo|atk|1\n|-boost|p1b: Apollo|def|1\n|move|p2b: Gengar|Will-O-Wisp|p1b: Apollo\n|-status|p1b: Apollo|brn\n|move|p2a: Pinsir|Knock Off|p1a: Puff Daddy\n|debug|Multiscale weaken\n|-damage|p1a: Puff Daddy|253/355\n|-enditem|p1a: Puff Daddy|Covert Cloak|[from] move: Knock Off|[of] p2a: Pinsir\n|\n|-damage|p1b: Apollo|255/271 brn|[from] brn\n|upkeep\n|turn|3\n|\n|t:|1744764266\n|move|p1a: Puff Daddy|Scale Shot|p2b: Gengar\n|-damage|p2b: Gengar|148/262\n|-start|p1a: Puff Daddy|Disable|Scale Shot|[from] ability: Cursed Body|[of] p2b: Gengar\n|-damage|p2b: Gengar|36/262\n|-hitcount|p2b: Gengar|2\n|-unboost|p1a: Puff Daddy|def|1\n|-boost|p1a: Puff Daddy|spe|1\n|move|p1b: Apollo|Facade|p2a: Pinsir\n|-damage|p2a: Pinsir|102/334\n|move|p2b: Gengar|Will-O-Wisp|p1a: Puff Daddy\n|-status|p1a: Puff Daddy|brn\n|move|p2a: Pinsir|Knock Off|p1b: Apollo\n|-resisted|p1b: Apollo\n|-damage|p1b: Apollo|192/271 brn\n|-enditem|p1b: Apollo|Eviolite|[from] move: Knock Off|[of] p2a: Pinsir\n|\n|-damage|p1a: Puff Daddy|231/355 brn|[from] brn\n|-damage|p1b: Apollo|176/271 brn|[from] brn\n|upkeep\n|turn|4\n|\n|t:|1744764313\n|move|p2b: Gengar|Protect|p2b: Gengar\n|-singleturn|p2b: Gengar|Protect\n|move|p1a: Puff Daddy|Roost|p1a: Puff Daddy\n|-heal|p1a: Puff Daddy|355/355 brn\n|-singleturn|p1a: Puff Daddy|move: Roost\n|move|p1b: Apollo|Rage Fist|p2b: Gengar\n|-activate|p2b: Gengar|move: Protect\n|move|p2a: Pinsir|Knock Off|p1a: Puff Daddy\n|debug|Multiscale weaken\n|-damage|p1a: Puff Daddy|252/355 brn\n|\n|-damage|p1a: Puff Daddy|230/355 brn|[from] brn\n|-damage|p1b: Apollo|160/271 brn|[from] brn\n|-sideend|p1: mistermoscow|move: Tailwind\n|upkeep\n|turn|5\n|\n|t:|1744764372\n|switch|p2b: Snorlax|Snorlax, M|479/479\n|move|p1a: Puff Daddy|Tailwind|p1a: Puff Daddy\n|-sidestart|p1: mistermoscow|move: Tailwind\n|move|p1b: Apollo|Rage Fist|p2b: Snorlax\n|-immune|p2b: Snorlax\n|move|p2a: Pinsir|Knock Off|p1a: Puff Daddy\n|-damage|p1a: Puff Daddy|23/355 brn\n|\n|-damage|p1a: Puff Daddy|1/355 brn|[from] brn\n|-damage|p1b: Apollo|144/271 brn|[from] brn\n|upkeep\n|turn|6\n|\n|t:|1744764406\n|move|p2b: Snorlax|Protect|p2b: Snorlax\n|-singleturn|p2b: Snorlax|Protect\n|move|p1a: Puff Daddy|Roost|p1a: Puff Daddy\n|-heal|p1a: Puff Daddy|179/355 brn\n|-singleturn|p1a: Puff Daddy|move: Roost\n|move|p1b: Apollo|Bulk Up|p1b: Apollo\n|-boost|p1b: Apollo|atk|1\n|-boost|p1b: Apollo|def|1\n|move|p2a: Pinsir|Earthquake|p1a: Puff Daddy|[spread] p1a,p1b\n|-activate|p2b: Snorlax|move: Protect\n|debug|Spread modifier: 0.75\n|debug|Spread modifier: 0.75\n|-damage|p1a: Puff Daddy|0 fnt\n|-damage|p1b: Apollo|34/271 brn\n|faint|p1a: Puff Daddy\n|-ability|p2a: Pinsir|Moxie|boost\n|-boost|p2a: Pinsir|atk|1\n|\n|-damage|p1b: Apollo|18/271 brn|[from] brn\n|upkeep\n|\n|t:|1744764431\n|switch|p1a: King Nido|Nidoking, M|303/303\n|turn|7\n|\n|t:|1744764450\n|switch|p2b: Gengar|Gengar, F|36/262\n|move|p1a: King Nido|Earth Power|p2a: Pinsir\n|-resisted|p2a: Pinsir\n|-damage|p2a: Pinsir|24/334\n|move|p1b: Apollo|Drain Punch|p2b: Gengar\n|-immune|p2b: Gengar\n|move|p2a: Pinsir|Earthquake|p1b: Apollo|[spread] p2b,p1a,p1b\n|debug|Spread modifier: 0.75\n|-supereffective|p2b: Gengar\n|-crit|p2b: Gengar\n|debug|Spread modifier: 0.75\n|-supereffective|p1a: King Nido\n|debug|Spread modifier: 0.75\n|-damage|p2b: Gengar|0 fnt\n|-damage|p1a: King Nido|0 fnt\n|-damage|p1b: Apollo|0 fnt\n|-start|p2a: Pinsir|Disable|Earthquake|[from] ability: Cursed Body|[of] p2b: Gengar\n|faint|p2b: Gengar\n|faint|p1a: King Nido\n|faint|p1b: Apollo\n|-ability|p2a: Pinsir|Moxie|boost\n|-boost|p2a: Pinsir|atk|3\n|\n|upkeep\n|-message|mistermoscow forfeited.\n|\n|win|Mattmandaman\n|c|☆mistermoscow|boo\n|c|☆Mattmandaman|yay\n|l|☆mistermoscow\n|player|p1|\n","uploadtime":1744764466,"views":"15","formatid":"gen9doublescustomgame","rating":null,"private":0,"password":null}