{"id":"gen9doublescustomgame-2612909984","format":"[Gen 9] Doubles Custom Game","players":["Jamochi","Smokeydabearrr"],"log":"|j|☆Jamochi\n|j|☆Smokeydabearrr\n|t:|1779158644\n|gametype|doubles\n|player|p1|Jamochi|li|\n|player|p2|Smokeydabearrr|102|\n|gen|9\n|tier|[Gen 9] Doubles Custom Game\n|clearpoke\n|poke|p1|Charizard|\n|poke|p1|Brute Bonnet|\n|poke|p1|Landorus-Therian|\n|poke|p1|Kingambit|\n|poke|p1|Dragonite|\n|poke|p1|Porygon2|\n|poke|p2|Blastoise|\n|poke|p2|Gengar|\n|poke|p2|Pelipper|\n|poke|p2|Garganacl|\n|poke|p2|Incineroar|\n|poke|p2|Gholdengo|\n|teampreview\n|l|☆Smokeydabearrr\n|player|p2|\n|j| je64\n|j| mistermoscow\n|j|☆Smokeydabearrr\n|player|p2|Smokeydabearrr|102|\n|\n|t:|1779159874\n|teamsize|p1|6\n|teamsize|p2|6\n|start\n|switch|p1a: Charizard|Charizard|298/298\n|switch|p1b: Brute Bonnet|Brute Bonnet|426/426\n|switch|p2a: Pelipper|Pelipper|261/261\n|switch|p2b: Incineroar|Incineroar|382/382\n|-weather|RainDance|[from] ability: Drizzle|[of] p2a: Pelipper\n|-ability|p2b: Incineroar|Intimidate|boost\n|-unboost|p1a: Charizard|atk|1\n|-unboost|p1b: Brute Bonnet|atk|1\n|-enditem|p1b: Brute Bonnet|Booster Energy\n|-activate|p1b: Brute Bonnet|ability: Protosynthesis|[fromitem]\n|-start|p1b: Brute Bonnet|protosynthesisatk\n|turn|1\n|j| noli_cannoli10\n|\n|t:|1779159902\n|detailschange|p1a: Charizard|Charizard-Mega-Y\n|-mega|p1a: Charizard|Charizard|Charizardite Y\n|-weather|SunnyDay|[from] ability: Drought|[of] p1a: Charizard\n|move|p1a: Charizard|Protect|p1a: Charizard\n|-singleturn|p1a: Charizard|Protect\n|move|p2b: Incineroar|Fake Out|p1a: Charizard\n|-activate|p1a: Charizard|move: Protect\n|move|p2a: Pelipper|Tailwind|p2a: Pelipper\n|-sidestart|p2: Smokeydabearrr|move: Tailwind\n|move|p1b: Brute Bonnet|Spore|p2a: Pelipper\n|-status|p2a: Pelipper|slp|[from] move: Spore\n|\n|-weather|SunnyDay|[upkeep]\n|upkeep\n|turn|2\n|l| noli_cannoli10\n|\n|t:|1779159977\n|switch|p2a: Blastoise|Blastoise|362/362\n|move|p1b: Brute Bonnet|Rage Powder|p1b: Brute Bonnet\n|-singleturn|p1b: Brute Bonnet|move: Rage Powder\n|move|p1a: Charizard|Air Slash|p2b: Incineroar\n|-damage|p2b: Incineroar|246/382\n|cant|p2b: Incineroar|flinch\n|\n|-weather|SunnyDay|[upkeep]\n|upkeep\n|turn|3\n|c|☆Smokeydabearrr|Oof\n|c| je64|ouch\n|c|☆Jamochi|ooof\n|\n|t:|1779160029\n|switch|p1a: Porygon2|Porygon2|374/374\n|-ability|p1a: Porygon2|Download|boost\n|-boost|p1a: Porygon2|atk|1\n|move|p2a: Blastoise|Water Spout|p1a: Porygon2|[spread] p1a,p1b\n|debug|BP: 150\n|debug|Spread modifier: 0.75\n|debug|Sunny Day water suppress\n|debug|BP: 150\n|debug|Spread modifier: 0.75\n|debug|Sunny Day water suppress\n|-resisted|p1b: Brute Bonnet\n|-damage|p1a: Porygon2|338/374\n|-damage|p1b: Brute Bonnet|397/426\n|move|p2b: Incineroar|Parting Shot|p1a: Porygon2\n|-unboost|p1a: Porygon2|atk|1\n|-unboost|p1a: Porygon2|spa|1\n|\n|t:|1779160048\n|switch|p2b: Pelipper|Pelipper|261/261 slp|[from] Parting Shot\n|-weather|RainDance|[from] ability: Drizzle|[of] p2b: Pelipper\n|move|p1b: Brute Bonnet|Spore|p2a: Blastoise\n|-status|p2a: Blastoise|slp|[from] move: Spore\n|\n|-weather|RainDance|[upkeep]\n|upkeep\n|turn|4\n|c| je64|brute bonnet is a menace lol\n|\n|t:|1779160105\n|cant|p2b: Pelipper|slp\n|cant|p2a: Blastoise|slp\n|move|p1a: Porygon2|Thunderbolt|p2b: Pelipper\n|-supereffective|p2b: Pelipper\n|-damage|p2b: Pelipper|0 fnt\n|faint|p2b: Pelipper\n|move|p1b: Brute Bonnet|Seed Bomb|p2a: Blastoise\n|debug|Protosynthesis atk boost\n|-supereffective|p2a: Blastoise\n|-damage|p2a: Blastoise|122/362 slp\n|\n|-weather|RainDance|[upkeep]\n|-heal|p2a: Blastoise|144/362 slp|[from] ability: Rain Dish\n|-heal|p2a: Blastoise|166/362 slp|[from] item: Leftovers\n|-sideend|p2: Smokeydabearrr|move: Tailwind\n|upkeep\n|\n|t:|1779160181\n|switch|p2b: Gengar|Gengar|262/262\n|turn|5\n|\n|t:|1779160207\n|switch|p2a: Gholdengo|Gholdengo|316/316\n|detailschange|p2b: Gengar|Gengar-Mega\n|-mega|p2b: Gengar|Gengar|Gengarite\n|move|p1b: Brute Bonnet|Sucker Punch|p2b: Gengar\n|debug|Protosynthesis atk boost\n|-supereffective|p2b: Gengar\n|-damage|p2b: Gengar|0 fnt\n|faint|p2b: Gengar\n|detailschange|p2: Gengar|Gengar|[silent]\n|move|p1a: Porygon2|Thunderbolt|p2a: Gholdengo\n|-damage|p2a: Gholdengo|257/316\n|\n|-weather|RainDance|[upkeep]\n|upkeep\n|c| je64|jesus\n|\n|t:|1779160230\n|switch|p2b: Blastoise|Blastoise|166/362 slp\n|turn|6\n|\n|t:|1779160248\n|-curestatus|p2b: Blastoise|slp|[msg]\n|move|p2b: Blastoise|Fake Out|p1a: Porygon2\n|-damage|p1a: Porygon2|322/374\n|move|p2a: Gholdengo|Nasty Plot|p2a: Gholdengo\n|-boost|p2a: Gholdengo|spa|2\n|cant|p1a: Porygon2|flinch\n|move|p1b: Brute Bonnet|Seed Bomb|p2b: Blastoise\n|debug|Protosynthesis atk boost\n|-supereffective|p2b: Blastoise\n|-damage|p2b: Blastoise|0 fnt\n|faint|p2b: Blastoise\n|\n|-weather|RainDance|[upkeep]\n|upkeep\n|c| mistermoscow|damnnn\n|\n|t:|1779160264\n|switch|p2b: Incineroar|Incineroar|246/382\n|-ability|p2b: Incineroar|Intimidate|boost\n|-unboost|p1a: Porygon2|atk|1\n|-unboost|p1b: Brute Bonnet|atk|1\n|turn|7\n|c| mistermoscow|brute bonnet doing work\n|c| je64|seriously\n|\n|t:|1779160294\n|switch|p1a: Kingambit|Kingambit|404/404\n|-end|p1b: Brute Bonnet|Protosynthesis|[silent]\n|switch|p1b: Dragonite|Dragonite|323/323\n|move|p2b: Incineroar|Fake Out|p1b: Dragonite\n|debug|Multiscale weaken\n|-damage|p1b: Dragonite|303/323\n|move|p2a: Gholdengo|Make It Rain|p1a: Kingambit|[spread] p1a,p1b\n|debug|Spread modifier: 0.75\n|-resisted|p1a: Kingambit\n|debug|Spread modifier: 0.75\n|-damage|p1a: Kingambit|162/404\n|-damage|p1b: Dragonite|0 fnt\n|-unboost|p2a: Gholdengo|spa|1\n|faint|p1b: Dragonite\n|-damage|p2a: Gholdengo|226/316|[from] item: Life Orb\n|\n|-weather|RainDance|[upkeep]\n|upkeep\n|c| mistermoscow|also im the only one who named their mons ):\n|\n|t:|1779160322\n|switch|p1b: Porygon2|Porygon2|322/374\n|-ability|p1b: Porygon2|Download|boost\n|-boost|p1b: Porygon2|atk|1\n|turn|8\n|c| mistermoscow|ya'll don't love your pokemon\n|\n|t:|1779160476\n|move|p2a: Gholdengo|Nasty Plot|p2a: Gholdengo\n|-boost|p2a: Gholdengo|spa|2\n|move|p2b: Incineroar|Parting Shot|p1a: Kingambit\n|-unboost|p1a: Kingambit|atk|1\n|-unboost|p1a: Kingambit|spa|1\n|\n|t:|1779160483\n|switch|p2b: Garganacl|Garganacl|404/404|[from] Parting Shot\n|move|p1a: Kingambit|Kowtow Cleave|p2a: Gholdengo\n|-supereffective|p2a: Gholdengo\n|-damage|p2a: Gholdengo|0 fnt\n|faint|p2a: Gholdengo\n|move|p1b: Porygon2|Thunderbolt|p2b: Garganacl\n|-damage|p2b: Garganacl|333/404\n|\n|-weather|RainDance|[upkeep]\n|upkeep\n|\n|t:|1779160494\n|switch|p2a: Incineroar|Incineroar|246/382\n|-ability|p2a: Incineroar|Intimidate|boost\n|-unboost|p1a: Kingambit|atk|1\n|-unboost|p1b: Porygon2|atk|1\n|turn|9\n|\n|t:|1779160524\n|move|p1a: Kingambit|Protect|p1a: Kingambit\n|-singleturn|p1a: Kingambit|Protect\n|move|p2a: Incineroar|Fake Out|p1a: Kingambit\n|-activate|p1a: Kingambit|move: Protect\n|move|p1b: Porygon2|Thunderbolt|p2a: Incineroar\n|-damage|p2a: Incineroar|174/382\n|move|p2b: Garganacl|Salt Cure|p1b: Porygon2\n|-damage|p1b: Porygon2|292/374\n|-start|p1b: Porygon2|Salt Cure\n|\n|-weather|RainDance|[upkeep]\n|-damage|p1b: Porygon2|246/374|[from] Salt Cure\n|upkeep\n|turn|10\n|\n|t:|1779160565\n|move|p2a: Incineroar|Knock Off|p1a: Kingambit\n|-resisted|p1a: Kingambit\n|-damage|p1a: Kingambit|101/404\n|-enditem|p1a: Kingambit|Black Glasses|[from] move: Knock Off|[of] p2a: Incineroar\n|move|p1a: Kingambit|Iron Head|p2b: Garganacl\n|debug|Negating (sp)atk boost/penalty.\n|-supereffective|p2b: Garganacl\n|-crit|p2b: Garganacl\n|-damage|p2b: Garganacl|0 fnt\n|faint|p2b: Garganacl\n|move|p1b: Porygon2|Thunderbolt|p2a: Incineroar\n|-damage|p2a: Incineroar|100/382\n|\n|-weather|none\n|-damage|p1b: Porygon2|200/374|[from] Salt Cure\n|upkeep\n|turn|11\n|\n|t:|1779160596\n|move|p2a: Incineroar|Knock Off|p1a: Kingambit\n|-resisted|p1a: Kingambit\n|-damage|p1a: Kingambit|59/404\n|move|p1a: Kingambit|Kowtow Cleave|p2a: Incineroar\n|debug|Negating (sp)atk boost/penalty.\n|-resisted|p2a: Incineroar\n|-crit|p2a: Incineroar\n|-damage|p2a: Incineroar|0 fnt\n|faint|p2a: Incineroar\n|\n|win|Jamochi\n|c|☆Smokeydabearrr|Gg 😞\n|c| mistermoscow|gg!\n|l|☆Jamochi\n|player|p1|\n|c| je64|ggs\n|j|☆Jamochi\n|player|p1|Jamochi|li|\n|c|☆Jamochi|gggs\n|l|☆Smokeydabearrr\n|player|p2|\n|c|☆Jamochi|good tournament haha\n","uploadtime":1779160610,"views":"8","formatid":"gen9doublescustomgame","rating":null,"private":0,"password":null}