{"id":"gen9doublescustomgame-2332365616","format":"[Gen 9] Doubles Custom Game","players":["mistermoscow","Mattmandaman"],"log":"|j|☆mistermoscow\n|j|☆Mattmandaman\n|t:|1743464141\n|gametype|doubles\n|player|p1|mistermoscow|alder|\n|player|p2|Mattmandaman|unknown|\n|teamsize|p1|6\n|teamsize|p2|6\n|gen|9\n|tier|[Gen 9] Doubles Custom Game\n|clearpoke\n|poke|p1|Nidoking, M|\n|poke|p1|Machoke, M|\n|poke|p1|Dewgong, M|\n|poke|p1|Exeggutor, M|\n|poke|p1|Mr. Mime, M|\n|poke|p1|Jolteon, M|\n|poke|p2|Starmie|\n|poke|p2|Snorlax, F|\n|poke|p2|Pikachu, F|\n|poke|p2|Machamp, M|\n|poke|p2|Gengar, F|\n|poke|p2|Clefairy, M|\n|teampreview\n|\n|t:|1743464183\n|start\n|switch|p1a: Eggman|Exeggutor, M|394/394\n|switch|p1b: Sparky|Jolteon, M|271/271\n|switch|p2a: Gengar|Gengar, F|262/262\n|switch|p2b: Pikachu|Pikachu, F|211/211\n|turn|1\n|\n|t:|1743464206\n|move|p1a: Eggman|Protect|p1a: Eggman\n|-singleturn|p1a: Eggman|Protect\n|move|p2b: Pikachu|Fake Out|p1b: Sparky\n|-damage|p1b: Sparky|207/271\n|cant|p1b: Sparky|flinch\n|move|p2a: Gengar|Sludge Bomb|p1a: Eggman\n|-activate|p1a: Eggman|move: Protect\n|\n|upkeep\n|turn|2\n|\n|t:|1743464221\n|switch|p2b: Snorlax|Snorlax, F|513/513\n|switch|p1a: King Nido|Nidoking, M|303/303\n|move|p1b: Sparky|Electroweb|p2a: Gengar|[spread] p2a,p2b\n|debug|Spread modifier: 0.75\n|debug|Spread modifier: 0.75\n|-damage|p2a: Gengar|149/262\n|-damage|p2b: Snorlax|445/513\n|-unboost|p2a: Gengar|spe|1\n|-unboost|p2b: Snorlax|spe|1\n|-damage|p1b: Sparky|180/271|[from] item: Life Orb\n|move|p2a: Gengar|Sludge Bomb|p1a: King Nido\n|-resisted|p1a: King Nido\n|-damage|p1a: King Nido|256/303\n|\n|-heal|p2b: Snorlax|477/513|[from] item: Leftovers\n|upkeep\n|turn|3\n|\n|t:|1743464246\n|switch|p2a: Clefairy|Clefairy, M|344/344\n|move|p1a: King Nido|Sludge Bomb|p2b: Snorlax\n|debug|Friend Guard weaken\n|-damage|p2b: Snorlax|380/513\n|move|p1b: Sparky|Volt Switch|p2b: Snorlax\n|debug|Friend Guard weaken\n|-damage|p2b: Snorlax|289/513\n|-damage|p1b: Sparky|153/271|[from] item: Life Orb\n|\n|t:|1743464259\n|switch|p1b: Randy|Machoke, M|302/302|[from] Volt Switch\n|move|p2b: Snorlax|Body Slam|p1a: King Nido\n|-damage|p1a: King Nido|97/303\n|\n|-heal|p2b: Snorlax|321/513|[from] item: Leftovers\n|upkeep\n|turn|4\n|\n|t:|1743464288\n|switch|p1a: Mimsy|Mr. Mime, M|221/221\n|move|p2a: Clefairy|Follow Me|p2a: Clefairy\n|-singleturn|p2a: Clefairy|move: Follow Me\n|move|p1b: Randy|Fissure|p2a: Clefairy\n|debug|Follow Me redirected target of move\n|-damage|p2a: Clefairy|0 fnt\n|faint|p2a: Clefairy\n|-ohko\n|move|p2b: Snorlax|Body Slam|p1a: Mimsy\n|-damage|p1a: Mimsy|95/221\n|\n|-heal|p2b: Snorlax|353/513|[from] item: Leftovers\n|upkeep\n|\n|t:|1743464307\n|switch|p2a: Gengar|Gengar, F|149/262\n|turn|5\n|\n|t:|1743464326\n|switch|p1a: King Nido|Nidoking, M|97/303\n|move|p1b: Randy|Protect|p1b: Randy\n|-singleturn|p1b: Randy|Protect\n|move|p2a: Gengar|Psychic|p1b: Randy\n|-activate|p1b: Randy|move: Protect\n|move|p2b: Snorlax|Body Slam|p1b: Randy\n|-activate|p1b: Randy|move: Protect\n|\n|-heal|p2b: Snorlax|385/513|[from] item: Leftovers\n|upkeep\n|turn|6\n|\n|t:|1743464360\n|move|p1a: King Nido|Earth Power|p2a: Gengar\n|-supereffective|p2a: Gengar\n|-damage|p2a: Gengar|0 fnt\n|faint|p2a: Gengar\n|move|p1b: Randy|Fissure|p2b: Snorlax\n|-damage|p2b: Snorlax|0 fnt\n|faint|p2b: Snorlax\n|-ohko\n|\n|upkeep\n|\n|t:|1743464380\n|switch|p2a: Machamp|Machamp, M|384/384\n|switch|p2b: Pikachu|Pikachu, F|211/211\n|turn|7\n|\n|t:|1743464394\n|move|p1b: Randy|Protect|p1b: Randy\n|-singleturn|p1b: Randy|Protect\n|move|p2b: Pikachu|Fake Out|p1a: King Nido\n|-damage|p1a: King Nido|49/303\n|cant|p1a: King Nido|flinch\n|move|p2a: Machamp|Fissure|p1b: Randy\n|-activate|p1b: Randy|move: Protect\n|\n|upkeep\n|turn|8\n|\n|t:|1743464433\n|move|p1b: Randy|Protect|p1b: Randy\n|debug|Success chance: 33%\n|-singleturn|p1b: Randy|Protect\n|move|p1a: King Nido|Earth Power|p2a: Machamp\n|-damage|p2a: Machamp|206/384\n|move|p2a: Machamp|Fissure|p1a: King Nido\n|-damage|p1a: King Nido|0 fnt\n|faint|p1a: King Nido\n|-ohko\n|move|p2b: Pikachu|Volt Switch|p1b: Randy\n|-activate|p1b: Randy|move: Protect\n|\n|upkeep\n|\n|t:|1743464475\n|switch|p1a: Eggman|Exeggutor, M|394/394\n|turn|9\n|\n|t:|1743464498\n|move|p2a: Machamp|Fissure|p1a: Eggman\n|-damage|p1a: Eggman|0 fnt\n|faint|p1a: Eggman\n|-ohko\n|move|p2b: Pikachu|Alluring Voice|p1b: Randy\n|-supereffective|p1b: Randy\n|-damage|p1b: Randy|174/302\n|move|p1b: Randy|Fissure|p2a: Machamp\n|-damage|p2a: Machamp|0 fnt\n|faint|p2a: Machamp\n|-ohko\n|\n|upkeep\n|\n|t:|1743464510\n|switch|p2a: Starmie|Starmie|262/262\n|switch|p1a: Sparky|Jolteon, M|153/271\n|turn|10\n|\n|t:|1743464519\n|move|p1a: Sparky|Electroweb|p2a: Starmie|[spread] p2a\n|-ability|p2b: Pikachu|Lightning Rod|boost\n|-boost|p2b: Pikachu|spa|1\n|debug|Spread modifier: 0.75\n|-supereffective|p2a: Starmie\n|-enditem|p2a: Starmie|Wacan Berry|[eat]\n|debug|-50% reduction\n|-enditem|p2a: Starmie|Wacan Berry|[weaken]\n|-damage|p2a: Starmie|155/262\n|-unboost|p2a: Starmie|spe|1\n|-damage|p1a: Sparky|126/271|[from] item: Life Orb\n|move|p2b: Pikachu|Alluring Voice|p1a: Sparky\n|-damage|p1a: Sparky|0 fnt\n|faint|p1a: Sparky\n|move|p2a: Starmie|Psychic|p1b: Randy\n|-supereffective|p1b: Randy\n|-damage|p1b: Randy|6/302\n|move|p1b: Randy|Fissure|p2a: Starmie\n|-damage|p2a: Starmie|0 fnt\n|faint|p2a: Starmie\n|-ohko\n|\n|upkeep\n|\n|t:|1743464539\n|switch|p1a: Dewey|Dewgong, M|384/384\n|turn|11\n|\n|t:|1743464544\n|move|p2b: Pikachu|Protect|p2b: Pikachu\n|-singleturn|p2b: Pikachu|Protect\n|move|p1a: Dewey|Fake Out|p2b: Pikachu\n|-activate|p2b: Pikachu|move: Protect\n|move|p1b: Randy|Fissure|p2b: Pikachu\n|-activate|p2b: Pikachu|move: Protect\n|\n|upkeep\n|turn|12\n|\n|t:|1743464555\n|move|p1b: Randy|Protect|p1b: Randy\n|-singleturn|p1b: Randy|Protect\n|move|p2b: Pikachu|Volt Switch|p1b: Randy\n|-activate|p1b: Randy|move: Protect\n|move|p1a: Dewey|Knock Off|p2b: Pikachu\n|-damage|p2b: Pikachu|17/211\n|-enditem|p2b: Pikachu|Light Ball|[from] move: Knock Off|[of] p1a: Dewey\n|\n|upkeep\n|turn|13\n|\n|t:|1743464570\n|move|p1b: Randy|Bullet Punch|p2b: Pikachu\n|-resisted|p2b: Pikachu\n|-damage|p2b: Pikachu|0 fnt\n|faint|p2b: Pikachu\n|\n|win|mistermoscow\n","uploadtime":1743464585,"views":"16","formatid":"gen9doublescustomgame","rating":null,"private":0,"password":null}