{"id":"gen9doublescustomgame-2286332860","format":"[Gen 9] Doubles Custom Game","players":["mistermoscow","je64"],"log":"|j|☆mistermoscow\n|j|☆je64\n|t:|1737592649\n|gametype|doubles\n|player|p1|mistermoscow|alder|\n|player|p2|je64|2|\n|teamsize|p1|6\n|teamsize|p2|6\n|gen|9\n|tier|[Gen 9] Doubles Custom Game\n|clearpoke\n|poke|p1|Dragonite, M|\n|poke|p1|Fearow, M|\n|poke|p1|Poliwrath, F|\n|poke|p1|Dewgong, M|\n|poke|p1|Kingler, M|\n|poke|p1|Jolteon, M|\n|poke|p2|Kadabra, M|\n|poke|p2|Exeggutor, F|\n|poke|p2|Hitmonchan, M|\n|poke|p2|Electabuzz, M|\n|poke|p2|Magmar, M|\n|poke|p2|Articuno|\n|teampreview\n|j| Mattmandaman\n|\n|t:|1737592687\n|start\n|switch|p1a: Puff Daddy|Dragonite, M|324/324\n|switch|p1b: Sparky|Jolteon, M|271/271\n|switch|p2a: Buzz Lightyear|Electabuzz, M|334/334\n|switch|p2b: Articu-no-hit-me|Articuno|384/384\n|turn|1\n|\n|t:|1737592792\n|move|p2a: Buzz Lightyear|Follow Me|p2a: Buzz Lightyear\n|-singleturn|p2a: Buzz Lightyear|move: Follow Me\n|move|p1b: Sparky|Rain Dance|p1b: Sparky\n|-weather|RainDance\n|move|p1a: Puff Daddy|Dragon Dance|p1a: Puff Daddy\n|-boost|p1a: Puff Daddy|atk|1\n|-boost|p1a: Puff Daddy|spe|1\n|move|p2b: Articu-no-hit-me|Tailwind|p2b: Articu-no-hit-me\n|-sidestart|p2: je64|move: Tailwind\n|\n|-weather|RainDance|[upkeep]\n|upkeep\n|turn|2\n|\n|t:|1737592809\n|move|p2a: Buzz Lightyear|Taunt|p1b: Sparky\n|-start|p1b: Sparky|move: Taunt\n|move|p2b: Articu-no-hit-me|Ice Beam|p1a: Puff Daddy\n|-supereffective|p1a: Puff Daddy\n|-damage|p1a: Puff Daddy|0 fnt\n|debug|move failed because it did nothing\n|faint|p1a: Puff Daddy\n|move|p1b: Sparky|Electroweb|p2a: Buzz Lightyear|[spread] p2a,p2b\n|debug|Spread modifier: 0.75\n|-resisted|p2a: Buzz Lightyear\n|debug|Spread modifier: 0.75\n|-supereffective|p2b: Articu-no-hit-me\n|-damage|p2a: Buzz Lightyear|312/334\n|-damage|p2b: Articu-no-hit-me|282/384\n|-unboost|p2a: Buzz Lightyear|spe|1\n|-unboost|p2b: Articu-no-hit-me|spe|1\n|\n|-weather|RainDance|[upkeep]\n|upkeep\n|\n|t:|1737592842\n|switch|p1a: King Snips|Kingler, M|251/251\n|turn|3\n|\n|t:|1737592880\n|move|p1b: Sparky|Thunder|p2b: Articu-no-hit-me\n|-supereffective|p2b: Articu-no-hit-me\n|-damage|p2b: Articu-no-hit-me|10/384\n|-status|p2b: Articu-no-hit-me|par\n|move|p2a: Buzz Lightyear|Volt Switch|p1a: King Snips\n|-supereffective|p1a: King Snips\n|-damage|p1a: King Snips|57/251\n|\n|t:|1737592903\n|switch|p2a: San Ti Ren 三体人|Exeggutor, F|332/332|[from] Volt Switch\n|move|p1a: King Snips|Rock Slide|p2b: Articu-no-hit-me|[spread] p2b\n|-miss|p1a: King Snips|p2a: San Ti Ren 三体人\n|debug|Spread modifier: 0.75\n|-supereffective|p2b: Articu-no-hit-me\n|-damage|p2b: Articu-no-hit-me|0 fnt\n|faint|p2b: Articu-no-hit-me\n|\n|-weather|RainDance|[upkeep]\n|upkeep\n|\n|t:|1737592939\n|switch|p2b: Jackie|Hitmonchan, M|242/242\n|turn|4\n|\n|t:|1737593027\n|switch|p1a: Dewey|Dewgong, M|384/384\n|move|p2b: Jackie|Fake Out|p1b: Sparky\n|-damage|p1b: Sparky|207/271\n|debug|Covert Cloak prevent secondary\n|move|p1b: Sparky|Thunder|p2b: Jackie\n|-damage|p2b: Jackie|86/242\n|move|p2a: San Ti Ren 三体人|Sunny Day|p2a: San Ti Ren 三体人\n|-weather|SunnyDay\n|\n|-weather|SunnyDay|[upkeep]\n|-end|p1b: Sparky|move: Taunt\n|-sideend|p2: je64|move: Tailwind\n|upkeep\n|turn|5\n|\n|t:|1737593049\n|move|p1a: Dewey|Fake Out|p2a: San Ti Ren 三体人\n|-damage|p2a: San Ti Ren 三体人|306/332\n|debug|Covert Cloak prevent secondary\n|move|p1b: Sparky|Rain Dance|p1b: Sparky\n|-weather|RainDance\n|move|p2b: Jackie|Drain Punch|p1a: Dewey\n|debug|Iron Fist boost\n|debug|Punching Glove boost\n|-supereffective|p1a: Dewey\n|-damage|p1a: Dewey|96/384\n|-heal|p2b: Jackie|230/242|[from] drain|[of] p1a: Dewey\n|move|p2a: San Ti Ren 三体人|Giga Drain|p1b: Sparky\n|-damage|p1b: Sparky|69/271\n|-heal|p2a: San Ti Ren 三体人|332/332|[from] drain|[of] p1b: Sparky\n|\n|-weather|RainDance|[upkeep]\n|upkeep\n|turn|6\n|\n|t:|1737593082\n|switch|p1b: Big Bird|Fearow, M|271/271\n|switch|p2a: Buzz Lightyear|Electabuzz, M|312/334\n|move|p2b: Jackie|Drain Punch|p1b: Big Bird\n|debug|Punching Glove boost\n|debug|Iron Fist boost\n|-damage|p1b: Big Bird|33/271\n|-heal|p2b: Jackie|242/242|[from] drain|[of] p1b: Big Bird\n|move|p1a: Dewey|Icy Wind|p2b: Jackie|[spread] p2a\n|-miss|p1a: Dewey|p2b: Jackie\n|debug|Spread modifier: 0.75\n|-damage|p2a: Buzz Lightyear|285/334\n|-unboost|p2a: Buzz Lightyear|spe|1\n|\n|-weather|RainDance|[upkeep]\n|upkeep\n|turn|7\n|\n|t:|1737593117\n|move|p1b: Big Bird|Tailwind|p1b: Big Bird\n|-sidestart|p1: mistermoscow|move: Tailwind\n|move|p1a: Dewey|Muddy Water|p2a: Buzz Lightyear|[spread] p2a,p2b\n|debug|Spread modifier: 0.75\n|debug|rain water boost\n|debug|Spread modifier: 0.75\n|debug|rain water boost\n|-damage|p2a: Buzz Lightyear|222/334\n|-damage|p2b: Jackie|152/242\n|move|p2b: Jackie|Drain Punch|p1a: Dewey\n|debug|Iron Fist boost\n|debug|Punching Glove boost\n|-supereffective|p1a: Dewey\n|-damage|p1a: Dewey|0 fnt\n|-heal|p2b: Jackie|200/242|[from] drain|[of] p1a: Dewey\n|faint|p1a: Dewey\n|move|p2a: Buzz Lightyear|Volt Switch|p1b: Big Bird\n|-supereffective|p1b: Big Bird\n|-damage|p1b: Big Bird|0 fnt\n|faint|p1b: Big Bird\n|\n|t:|1737593137\n|switch|p2a: K.Dot|Kadabra, M|221/221|[from] Volt Switch\n|\n|-weather|RainDance|[upkeep]\n|upkeep\n|\n|t:|1737593151\n|switch|p1b: Sparky|Jolteon, M|69/271\n|switch|p1a: King Snips|Kingler, M|57/251\n|turn|8\n|\n|t:|1737593176\n|move|p1b: Sparky|Electroweb|p2b: Jackie|[spread] p2a,p2b\n|debug|Spread modifier: 0.75\n|debug|Spread modifier: 0.75\n|-damage|p2a: K.Dot|134/221\n|-damage|p2b: Jackie|140/242\n|-unboost|p2a: K.Dot|spe|1\n|-unboost|p2b: Jackie|spe|1\n|move|p1a: King Snips|Liquidation|p2b: Jackie\n|debug|rain water boost\n|-damage|p2b: Jackie|0 fnt\n|faint|p2b: Jackie\n|move|p2a: K.Dot|Psychic Terrain|p2a: K.Dot\n|-fieldstart|move: Psychic Terrain\n|\n|-weather|RainDance|[upkeep]\n|upkeep\n|\n|t:|1737593194\n|switch|p2b: Buzz Lightyear|Electabuzz, M|222/334\n|turn|9\n|\n|t:|1737593218\n|move|p1a: King Snips|Wide Guard|p1a: King Snips\n|-singleturn|p1a: King Snips|Wide Guard\n|move|p2b: Buzz Lightyear|Follow Me|p2b: Buzz Lightyear\n|-singleturn|p2b: Buzz Lightyear|move: Follow Me\n|move|p1b: Sparky|Hyper Voice|p2a: K.Dot|[spread] p2a,p2b\n|debug|Spread modifier: 0.75\n|debug|Spread modifier: 0.75\n|-damage|p2a: K.Dot|40/221\n|-damage|p2b: Buzz Lightyear|170/334\n|move|p2a: K.Dot|Expanding Force|p1a: King Snips|[spread] \n|-activate|p1a: King Snips|move: Wide Guard\n|-activate|p1b: Sparky|move: Wide Guard\n|\n|-weather|none\n|upkeep\n|turn|10\n|\n|t:|1737593259\n|move|p2a: K.Dot|Protect|p2a: K.Dot\n|-singleturn|p2a: K.Dot|Protect\n|move|p1b: Sparky|Electroweb|p2a: K.Dot|[spread] p2b\n|-activate|p2a: K.Dot|move: Protect\n|debug|Spread modifier: 0.75\n|-resisted|p2b: Buzz Lightyear\n|-damage|p2b: Buzz Lightyear|148/334\n|-unboost|p2b: Buzz Lightyear|spe|1\n|move|p1a: King Snips|Liquidation|p2b: Buzz Lightyear\n|-damage|p2b: Buzz Lightyear|0 fnt\n|faint|p2b: Buzz Lightyear\n|\n|-sideend|p1: mistermoscow|move: Tailwind\n|upkeep\n|\n|t:|1737593294\n|switch|p2b: San Ti Ren 三体人|Exeggutor, F|332/332\n|turn|11\n|\n|t:|1737593352\n|switch|p2a: Myagmar|Magmar, M|271/271\n|switch|p1a: Polly|Poliwrath, F|384/384\n|move|p1b: Sparky|Electroweb|p2a: Myagmar|[spread] p2a,p2b\n|debug|Spread modifier: 0.75\n|debug|Spread modifier: 0.75\n|-resisted|p2b: San Ti Ren 三体人\n|-damage|p2a: Myagmar|195/271\n|-damage|p2b: San Ti Ren 三体人|292/332\n|-unboost|p2a: Myagmar|spe|1\n|debug|Covert Cloak prevent secondary\n|move|p2b: San Ti Ren 三体人|Giga Drain|p1a: Polly\n|-supereffective|p1a: Polly\n|-damage|p1a: Polly|144/384\n|-heal|p2b: San Ti Ren 三体人|332/332|[from] drain|[of] p1a: Polly\n|\n|upkeep\n|turn|12\n|\n|t:|1737593412\n|move|p1b: Sparky|Rain Dance|p1b: Sparky\n|-weather|RainDance\n|move|p1a: Polly|Liquidation|p2b: San Ti Ren 三体人\n|debug|rain water boost\n|-resisted|p2b: San Ti Ren 三体人\n|-damage|p2b: San Ti Ren 三体人|245/332\n|debug|Covert Cloak prevent secondary\n|move|p2a: Myagmar|Heat Wave|p1a: Polly|[spread] p1a,p1b\n|debug|Spread modifier: 0.75\n|debug|rain fire suppress\n|-resisted|p1a: Polly\n|debug|Spread modifier: 0.75\n|debug|rain fire suppress\n|-damage|p1a: Polly|105/384\n|-damage|p1b: Sparky|0 fnt\n|debug|Covert Cloak prevent secondary\n|faint|p1b: Sparky\n|move|p2b: San Ti Ren 三体人|Expanding Force|p1a: Polly\n|debug|psychic terrain boost\n|debug|terrain buff\n|-supereffective|p1a: Polly\n|-damage|p1a: Polly|0 fnt\n|faint|p1a: Polly\n|\n|-weather|RainDance|[upkeep]\n|-fieldend|move: Psychic Terrain\n|upkeep\n|\n|t:|1737593426\n|switch|p1b: King Snips|Kingler, M|57/251\n|turn|13\n|\n|t:|1737593436\n|move|p2a: Myagmar|Heat Wave|p1b: King Snips\n|debug|rain fire suppress\n|-resisted|p1b: King Snips\n|-damage|p1b: King Snips|0 fnt\n|faint|p1b: King Snips\n|\n|win|je64\n","uploadtime":1737593441,"views":"10","formatid":"gen9doublescustomgame","rating":null,"private":0,"password":null}