{"id":"gen9doublescustomgame-2102828601","format":"[Gen 9] Doubles Custom Game","players":["mattmandaman","je64"],"log":"|uhtml|medal-msg|<div class=\"broadcast-blue\">Curious what those medals under the avatar are? PS now has Ladder Seasons! For more information, check out the <a href=\"https://www.smogon.com/forums/threads/3740067/\">thread on Smogon.</a></div>\n|uhtml|medal-msg|<div class=\"broadcast-blue\">Curious what those medals under the avatar are? PS now has Ladder Seasons! For more information, check out the <a href=\"https://www.smogon.com/forums/threads/3740067/\">thread on Smogon.</a></div>\n|j|☆mattmandaman\n|j|☆je64\n|t:|1713047382\n|gametype|doubles\n|player|p1|mattmandaman|giovanni|\n|player|p2|je64|265|\n|teamsize|p1|6\n|teamsize|p2|6\n|gen|9\n|tier|[Gen 9] Doubles Custom Game\n|clearpoke\n|poke|p1|Deoxys-Defense|\n|poke|p1|Ting-Lu|\n|poke|p1|Marshadow|\n|poke|p1|Kangaskhan, F|\n|poke|p1|Kartana|\n|poke|p1|Thundurus, M|\n|poke|p2|Mew|\n|poke|p2|Scizor, F|\n|poke|p2|Jirachi|\n|poke|p2|Tapu Fini|\n|poke|p2|Ursaluna-Bloodmoon, M|\n|poke|p2|Chi-Yu|\n|teampreview\n|j| mistermoscow\n|\n|t:|1713047440\n|start\n|switch|p1a: Marshadow|Marshadow|384/384\n|switch|p1b: Kangaskhan|Kangaskhan, F|414/414\n|switch|p2a: Shi-Yu In Hell|Chi-Yu|252/252\n|switch|p2b: Steve Stolen Star|Jirachi|404/404\n|-ability|p2a: Shi-Yu In Hell|Beads of Ruin\n|turn|1\n|\n|t:|1713047517\n|detailschange|p1b: Kangaskhan|Kangaskhan-Mega, F\n|-mega|p1b: Kangaskhan|Kangaskhan|Kangaskhanite\n|-terastallize|p2a: Shi-Yu In Hell|Fire\n|move|p2b: Steve Stolen Star|Helping Hand|p2a: Shi-Yu In Hell\n|-singleturn|p2a: Shi-Yu In Hell|Helping Hand|[of] p2b: Steve Stolen Star\n|move|p1b: Kangaskhan|Fake Out|p2b: Steve Stolen Star\n|-resisted|p2b: Steve Stolen Star\n|-damage|p2b: Steve Stolen Star|377/404\n|debug|Parental Bond modifier: 0.25\n|-resisted|p2b: Steve Stolen Star\n|-crit|p2b: Steve Stolen Star\n|-damage|p2b: Steve Stolen Star|367/404\n|debug|move failed because it did nothing\n|-hitcount|p2b: Steve Stolen Star|2\n|move|p2a: Shi-Yu In Hell|Overheat|p1a: Marshadow\n|debug|Boosting from Helping Hand: 1.5\n|debug|Beads of Ruin SpD drop\n|-crit|p1a: Marshadow\n|-damage|p1a: Marshadow|0 fnt\n|-unboost|p2a: Shi-Yu In Hell|spa|2\n|faint|p1a: Marshadow\n|\n|upkeep\n|j| Mango Meloetta\n|\n|t:|1713047540\n|switch|p1a: Kartana|Kartana|260/260\n|turn|2\n|\n|t:|1713047576\n|switch|p2a: Voodoo Easter|Tapu Fini|344/344\n|-fieldstart|move: Misty Terrain|[from] ability: Misty Surge|[of] p2a: Voodoo Easter\n|switch|p1b: Ting-Lu|Ting-Lu|514/514\n|-ability|p1b: Ting-Lu|Vessel of Ruin\n|move|p1a: Kartana|Knock Off|p2b: Steve Stolen Star\n|-supereffective|p2b: Steve Stolen Star\n|-damage|p2b: Steve Stolen Star|157/404\n|-enditem|p2b: Steve Stolen Star|Sitrus Berry|[from] move: Knock Off|[of] p1a: Kartana\n|move|p2b: Steve Stolen Star|Trick Room|p2b: Steve Stolen Star\n|-fieldstart|move: Trick Room|[of] p2b: Steve Stolen Star\n|\n|upkeep\n|turn|3\n|\n|t:|1713047671\n|switch|p2a: ScytherPunk 2077|Scizor, F|344/344\n|switch|p2b: Ditto's Daddy|Mew|404/404\n|move|p1b: Ting-Lu|Stealth Rock|p2b: Ditto's Daddy\n|-sidestart|p2: je64|move: Stealth Rock\n|move|p1a: Kartana|Leaf Blade|p2a: ScytherPunk 2077\n|-resisted|p2a: ScytherPunk 2077\n|-damage|p2a: ScytherPunk 2077|290/344\n|\n|upkeep\n|turn|4\n|\n|t:|1713047701\n|switch|p1a: Deoxys|Deoxys-Defense|304/304\n|-ability|p1a: Deoxys|Pressure\n|detailschange|p2a: ScytherPunk 2077|Scizor-Mega, F\n|-mega|p2a: ScytherPunk 2077|Scizor|Scizorite\n|move|p1b: Ting-Lu|Throat Chop|p2b: Ditto's Daddy\n|-supereffective|p2b: Ditto's Daddy\n|-damage|p2b: Ditto's Daddy|236/404\n|-start|p2b: Ditto's Daddy|Throat Chop|[silent]\n|move|p2a: ScytherPunk 2077|Dual Wingbeat|p1a: Deoxys\n|debug|Base Power: 40\n|debug|Technician boost\n|-damage|p1a: Deoxys|255/304\n|debug|Base Power: 40\n|debug|Technician boost\n|-damage|p1a: Deoxys|206/304\n|-hitcount|p1a: Deoxys|2\n|move|p2b: Ditto's Daddy|Coaching|p2a: ScytherPunk 2077\n|-boost|p2a: ScytherPunk 2077|atk|1\n|-boost|p2a: ScytherPunk 2077|def|1\n|\n|upkeep\n|turn|5\n|\n|t:|1713047733\n|move|p2a: ScytherPunk 2077|Dual Wingbeat|p1b: Ting-Lu\n|debug|Base Power: 40\n|debug|Technician boost\n|-damage|p1b: Ting-Lu|429/514\n|debug|Base Power: 40\n|debug|Technician boost\n|-crit|p1b: Ting-Lu\n|-damage|p1b: Ting-Lu|279/514\n|-hitcount|p1b: Ting-Lu|2\n|move|p2b: Ditto's Daddy|Coaching|p2a: ScytherPunk 2077\n|-boost|p2a: ScytherPunk 2077|atk|1\n|-boost|p2a: ScytherPunk 2077|def|1\n|move|p1a: Deoxys|Thunder Wave|p2a: ScytherPunk 2077\n|-activate|p2a: ScytherPunk 2077|move: Misty Terrain\n|debug|set status [par] interrupted\n|debug|move failed because it did nothing\n|move|p1b: Ting-Lu|Whirlwind|p2a: ScytherPunk 2077\n|drag|p2a: Steve Stolen Star|Jirachi|157/404\n|-damage|p2a: Steve Stolen Star|132/404|[from] Stealth Rock\n|\n|-heal|p1b: Ting-Lu|311/514|[from] item: Leftovers\n|-end|p2b: Ditto's Daddy|Throat Chop|[silent]\n|upkeep\n|turn|6\n|\n|t:|1713047771\n|move|p2a: Steve Stolen Star|Follow Me|p2a: Steve Stolen Star\n|-singleturn|p2a: Steve Stolen Star|move: Follow Me\n|move|p1b: Ting-Lu|Throat Chop|p2a: Steve Stolen Star\n|debug|Follow Me redirected target of move\n|-supereffective|p2a: Steve Stolen Star\n|-damage|p2a: Steve Stolen Star|0 fnt\n|faint|p2a: Steve Stolen Star\n|move|p2b: Ditto's Daddy|Pollen Puff|p1b: Ting-Lu\n|debug|Vessel of Ruin SpA drop\n|-supereffective|p1b: Ting-Lu\n|-damage|p1b: Ting-Lu|213/514\n|move|p1a: Deoxys|Teleport|p1a: Deoxys\n|\n|t:|1713047790\n|switch|p1a: Kangaskhan|Kangaskhan-Mega, F|414/414|[from] Teleport\n|\n|-heal|p1b: Ting-Lu|245/514|[from] item: Leftovers\n|-fieldend|move: Trick Room\n|-fieldend|Misty Terrain\n|upkeep\n|\n|t:|1713047865\n|switch|p2a: ScytherPunk 2077|Scizor-Mega, F|290/344\n|-damage|p2a: ScytherPunk 2077|247/344|[from] Stealth Rock\n|turn|7\n|\n|t:|1713047878\n|move|p1a: Kangaskhan|Fake Out|p2b: Ditto's Daddy\n|-damage|p2b: Ditto's Daddy|164/404\n|debug|Parental Bond modifier: 0.25\n|-damage|p2b: Ditto's Daddy|146/404\n|debug|move failed because it did nothing\n|-hitcount|p2b: Ditto's Daddy|2\n|move|p2a: ScytherPunk 2077|Dual Wingbeat|p1b: Ting-Lu\n|debug|Base Power: 40\n|debug|Technician boost\n|-damage|p1b: Ting-Lu|188/514\n|debug|Base Power: 40\n|debug|Technician boost\n|-damage|p1b: Ting-Lu|126/514\n|-hitcount|p1b: Ting-Lu|2\n|move|p1b: Ting-Lu|Throat Chop|p2b: Ditto's Daddy\n|-supereffective|p2b: Ditto's Daddy\n|-damage|p2b: Ditto's Daddy|0 fnt\n|faint|p2b: Ditto's Daddy\n|\n|-heal|p1b: Ting-Lu|158/514|[from] item: Leftovers\n|upkeep\n|\n|t:|1713047905\n|switch|p2b: Voodoo Easter|Tapu Fini|344/344\n|-damage|p2b: Voodoo Easter|301/344|[from] Stealth Rock\n|-fieldstart|move: Misty Terrain|[from] ability: Misty Surge|[of] p2b: Voodoo Easter\n|turn|8\n|\n|t:|1713047924\n|move|p1a: Kangaskhan|Return|p2b: Voodoo Easter\n|-damage|p2b: Voodoo Easter|169/344\n|debug|Parental Bond modifier: 0.25\n|-damage|p2b: Voodoo Easter|136/344\n|-hitcount|p2b: Voodoo Easter|2\n|move|p2a: ScytherPunk 2077|Swords Dance|p2a: ScytherPunk 2077\n|-boost|p2a: ScytherPunk 2077|atk|2\n|move|p2b: Voodoo Easter|Muddy Water|p1b: Ting-Lu|[spread] p1a,p1b\n|debug|Vessel of Ruin SpA drop\n|debug|Spread modifier: 0.75\n|debug|Vessel of Ruin SpA drop\n|debug|Spread modifier: 0.75\n|-supereffective|p1b: Ting-Lu\n|-damage|p1a: Kangaskhan|353/414\n|-damage|p1b: Ting-Lu|36/514\n|-unboost|p1a: Kangaskhan|accuracy|1\n|move|p1b: Ting-Lu|Whirlwind|p2a: ScytherPunk 2077\n|drag|p2a: Yāoguài 妖怪|Ursaluna-Bloodmoon, M|430/430\n|-damage|p2a: Yāoguài 妖怪|404/430|[from] Stealth Rock\n|\n|-heal|p2b: Voodoo Easter|157/344|[from] item: Leftovers\n|-heal|p1b: Ting-Lu|68/514|[from] item: Leftovers\n|upkeep\n|turn|9\n|\n|t:|1713047960\n|switch|p1a: Deoxys|Deoxys-Defense|206/304\n|-ability|p1a: Deoxys|Pressure\n|switch|p2a: ScytherPunk 2077|Scizor-Mega, F|247/344\n|-damage|p2a: ScytherPunk 2077|204/344|[from] Stealth Rock\n|move|p2b: Voodoo Easter|Muddy Water|p1b: Ting-Lu|[spread] p1a,p1b\n|debug|Vessel of Ruin SpA drop\n|debug|Spread modifier: 0.75\n|debug|Vessel of Ruin SpA drop\n|debug|Spread modifier: 0.75\n|-supereffective|p1b: Ting-Lu\n|-damage|p1a: Deoxys|170/304\n|-damage|p1b: Ting-Lu|0 fnt\n|faint|p1b: Ting-Lu\n|\n|-heal|p2b: Voodoo Easter|178/344|[from] item: Leftovers\n|upkeep\n|\n|t:|1713047979\n|switch|p1b: Thundurus|Thundurus, M|300/300\n|turn|10\n|\n|t:|1713048004\n|move|p1b: Thundurus|Electroweb|p2a: ScytherPunk 2077|[spread] p2a,p2b\n|debug|Spread modifier: 0.75\n|debug|Spread modifier: 0.75\n|-supereffective|p2b: Voodoo Easter\n|-damage|p2a: ScytherPunk 2077|131/344\n|-damage|p2b: Voodoo Easter|52/344\n|-unboost|p2a: ScytherPunk 2077|spe|1\n|-unboost|p2b: Voodoo Easter|spe|1\n|move|p2a: ScytherPunk 2077|Swords Dance|p2a: ScytherPunk 2077\n|-boost|p2a: ScytherPunk 2077|atk|2\n|move|p2b: Voodoo Easter|Swagger|p2a: ScytherPunk 2077\n|-boost|p2a: ScytherPunk 2077|atk|2\n|-activate|p2a: ScytherPunk 2077|move: Misty Terrain\n|debug|add volatile [confusion] interrupted\n|move|p1a: Deoxys|Teleport|p1a: Deoxys\n|\n|t:|1713048015\n|switch|p1a: Kangaskhan|Kangaskhan-Mega, F|353/414|[from] Teleport\n|\n|-heal|p2b: Voodoo Easter|73/344|[from] item: Leftovers\n|upkeep\n|turn|11\n|\n|t:|1713048033\n|move|p2a: ScytherPunk 2077|Protect|p2a: ScytherPunk 2077\n|-singleturn|p2a: ScytherPunk 2077|Protect\n|move|p1a: Kangaskhan|Fake Out|p2a: ScytherPunk 2077\n|-activate|p2a: ScytherPunk 2077|move: Protect\n|move|p1b: Thundurus|Electroweb|p2b: Voodoo Easter|[spread] p2b\n|-activate|p2a: ScytherPunk 2077|move: Protect\n|debug|Spread modifier: 0.75\n|-supereffective|p2b: Voodoo Easter\n|-damage|p2b: Voodoo Easter|0 fnt\n|faint|p2b: Voodoo Easter\n|\n|upkeep\n|\n|t:|1713048051\n|switch|p2b: Shi-Yu In Hell|Chi-Yu, tera:Fire|252/252\n|-damage|p2b: Shi-Yu In Hell|189/252|[from] Stealth Rock\n|-ability|p2b: Shi-Yu In Hell|Beads of Ruin\n|turn|12\n|\n|t:|1713048070\n|move|p1b: Thundurus|Leer|p2b: Shi-Yu In Hell|[spread] p2a,p2b\n|-unboost|p2a: ScytherPunk 2077|def|1\n|-unboost|p2b: Shi-Yu In Hell|def|1\n|move|p1a: Kangaskhan|Sucker Punch|p2a: ScytherPunk 2077\n|-damage|p2a: ScytherPunk 2077|25/344\n|debug|Parental Bond modifier: 0.25\n|-damage|p2a: ScytherPunk 2077|1/344\n|-hitcount|p2a: ScytherPunk 2077|2\n|move|p2a: ScytherPunk 2077|Bullet Punch|p1a: Kangaskhan\n|debug|Base Power: 40\n|debug|Technician boost\n|-damage|p1a: Kangaskhan|0 fnt\n|faint|p1a: Kangaskhan\n|move|p2b: Shi-Yu In Hell|Heat Wave|p1b: Thundurus\n|debug|Beads of Ruin SpD drop\n|-damage|p1b: Thundurus|0 fnt\n|debug|Covert Cloak prevent secondary\n|faint|p1b: Thundurus\n|\n|-fieldend|Misty Terrain\n|upkeep\n|\n|t:|1713048087\n|switch|p1b: Deoxys|Deoxys-Defense|170/304\n|switch|p1a: Kartana|Kartana|260/260\n|-ability|p1b: Deoxys|Pressure\n|turn|13\n|\n|t:|1713048103\n|move|p2a: ScytherPunk 2077|Bullet Punch|p1a: Kartana\n|debug|Base Power: 40\n|debug|Technician boost\n|-resisted|p1a: Kartana\n|-damage|p1a: Kartana|116/260\n|move|p2b: Shi-Yu In Hell|Heat Wave|p1b: Deoxys|[spread] p1a\n|-miss|p2b: Shi-Yu In Hell|p1b: Deoxys\n|debug|Beads of Ruin SpD drop\n|debug|Spread modifier: 0.75\n|-supereffective|p1a: Kartana\n|-damage|p1a: Kartana|0 fnt\n|faint|p1a: Kartana\n|move|p1b: Deoxys|Psychic Noise|p2a: ScytherPunk 2077\n|debug|Beads of Ruin SpD drop\n|-resisted|p2a: ScytherPunk 2077\n|-damage|p2a: ScytherPunk 2077|0 fnt\n|debug|move failed because it did nothing\n|faint|p2a: ScytherPunk 2077\n|\n|upkeep\n|\n|t:|1713048113\n|switch|p2a: Yāoguài 妖怪|Ursaluna-Bloodmoon, M|404/430\n|-damage|p2a: Yāoguài 妖怪|378/430|[from] Stealth Rock\n|turn|14\n|\n|t:|1713048119\n|move|p2b: Shi-Yu In Hell|Heat Wave|p1b: Deoxys\n|debug|Beads of Ruin SpD drop\n|-damage|p1b: Deoxys|0 fnt\n|faint|p1b: Deoxys\n|\n|win|je64\n","uploadtime":1713048123,"views":"45","formatid":"gen9doublescustomgame","rating":null,"private":0,"password":null}