{"id":"gen9doublescustomgame-2148865711","format":"[Gen 9] Doubles Custom Game","players":["je64","noli_cannoli10"],"log":"|j|☆je64\n|j|☆noli_cannoli10\n|t:|1719188440\n|gametype|doubles\n|player|p1|je64|266|\n|player|p2|noli_cannoli10|169|\n|teamsize|p1|6\n|teamsize|p2|6\n|gen|9\n|tier|[Gen 9] Doubles Custom Game\n|clearpoke\n|poke|p1|Scizor, F|\n|poke|p1|Mew|\n|poke|p1|Kingdra, M|\n|poke|p1|Tornadus, M|\n|poke|p1|Tapu Bulu|\n|poke|p1|Chi-Yu|\n|poke|p2|Politoed, F|\n|poke|p2|Swampert, M|\n|poke|p2|Volcarona, F|\n|poke|p2|Magearna|\n|poke|p2|Urshifu-*, F|\n|poke|p2|Brute Bonnet|\n|teampreview\n|j| mistermoscow\n|j| smokeydabearrr\n|\n|t:|1719188494\n|start\n|switch|p1a: Ditto's Daddy|Mew|404/404\n|switch|p1b: Kingdra|Kingdra, M|292/292\n|switch|p2a: Twix Yogurt|Politoed, F, shiny|384/384\n|switch|p2b: Anotha Frog|Swampert, M|341/341\n|-weather|RainDance|[from] ability: Drizzle|[of] p2a: Twix Yogurt\n|turn|1\n|j| Mango Meloetta\n|c| Mango Meloetta|IT IS ON\n|\n|t:|1719188554\n|detailschange|p2b: Anotha Frog|Swampert-Mega, M\n|-mega|p2b: Anotha Frog|Swampert|Swampertite\n|move|p2a: Twix Yogurt|Helping Hand|p2b: Anotha Frog\n|-singleturn|p2b: Anotha Frog|Helping Hand|[of] p2a: Twix Yogurt\n|move|p1a: Ditto's Daddy|Fake Out|p2b: Anotha Frog\n|-damage|p2b: Anotha Frog|316/341\n|cant|p2b: Anotha Frog|flinch\n|move|p1b: Kingdra|Focus Energy|p1b: Kingdra\n|-start|p1b: Kingdra|move: Focus Energy\n|\n|-weather|RainDance|[upkeep]\n|upkeep\n|turn|2\n|\n|t:|1719188584\n|move|p1b: Kingdra|Protect|p1b: Kingdra\n|-singleturn|p1b: Kingdra|Protect\n|move|p2b: Anotha Frog|Flip Turn|p1a: Ditto's Daddy\n|debug|rain water boost\n|-crit|p1a: Ditto's Daddy\n|-damage|p1a: Ditto's Daddy|175/404\n|\n|t:|1719188592\n|switch|p2b: Wop Wop Wop|Urshifu-Rapid-Strike, F|341/341|[from] Flip Turn\n|move|p1a: Ditto's Daddy|Tailwind|p1a: Ditto's Daddy\n|-sidestart|p1: je64|move: Tailwind\n|debug|BP: 100\n|move|p2a: Twix Yogurt|Weather Ball|p1a: Ditto's Daddy\n|debug|rain water boost\n|-damage|p1a: Ditto's Daddy|36/404\n|\n|-weather|RainDance|[upkeep]\n|upkeep\n|turn|3\n|\n|t:|1719188617\n|move|p2a: Twix Yogurt|Helping Hand|p2b: Wop Wop Wop\n|-singleturn|p2b: Wop Wop Wop|Helping Hand|[of] p2a: Twix Yogurt\n|move|p1b: Kingdra|Draco Meteor|p2b: Wop Wop Wop\n|-crit|p2b: Wop Wop Wop\n|debug|Sniper boost\n|-damage|p2b: Wop Wop Wop|0 fnt\n|-unboost|p1b: Kingdra|spa|2\n|faint|p2b: Wop Wop Wop\n|move|p1a: Ditto's Daddy|Reflect|p1a: Ditto's Daddy\n|-sidestart|p1: je64|Reflect\n|\n|-weather|RainDance|[upkeep]\n|upkeep\n|\n|t:|1719188630\n|switch|p2b: Anotha Frog|Swampert-Mega, M|316/341\n|turn|4\n|\n|t:|1719188706\n|move|p1b: Kingdra|Draco Meteor|p2b: Anotha Frog\n|debug|Negating (sp)atk boost/penalty.\n|-crit|p2b: Anotha Frog\n|debug|Sniper boost\n|-damage|p2b: Anotha Frog|0 fnt\n|-unboost|p1b: Kingdra|spa|2\n|faint|p2b: Anotha Frog\n|move|p1a: Ditto's Daddy|Light Screen|p1a: Ditto's Daddy\n|-sidestart|p1: je64|move: Light Screen\n|debug|BP: 100\n|move|p2a: Twix Yogurt|Weather Ball|p1b: Kingdra\n|debug|rain water boost\n|-resisted|p1b: Kingdra\n|debug|Light Screen weaken\n|-damage|p1b: Kingdra|262/292\n|\n|-weather|RainDance|[upkeep]\n|upkeep\n|\n|t:|1719188718\n|switch|p2b: Metal Gyatt|Magearna|325/325\n|turn|5\n|\n|t:|1719188737\n|switch|p1a: Rillabulu|Tapu Bulu|282/282\n|-fieldstart|move: Grassy Terrain|[from] ability: Grassy Surge|[of] p1a: Rillabulu\n|move|p1b: Kingdra|Muddy Water|p2b: Metal Gyatt|[spread] p2a,p2b\n|debug|Negating (sp)atk boost/penalty.\n|debug|Spread modifier: 0.75\n|debug|rain water boost\n|-resisted|p2a: Twix Yogurt\n|-crit|p2a: Twix Yogurt\n|debug|Sniper boost\n|debug|Negating (sp)atk boost/penalty.\n|debug|Spread modifier: 0.75\n|debug|rain water boost\n|-crit|p2b: Metal Gyatt\n|debug|Sniper boost\n|-damage|p2a: Twix Yogurt|234/384\n|-damage|p2b: Metal Gyatt|0 fnt\n|faint|p2b: Metal Gyatt\n|-enditem|p2a: Twix Yogurt|Eject Button\n|\n|t:|1719188747\n|switch|p2a: Where are yew?!?|Brute Bonnet|426/426\n|-enditem|p2a: Where are yew?!?|Booster Energy\n|-activate|p2a: Where are yew?!?|ability: Protosynthesis|[fromitem]\n|-start|p2a: Where are yew?!?|protosynthesisatk\n|\n|-weather|none\n|-heal|p1b: Kingdra|280/292|[from] Grassy Terrain\n|-sideend|p1: je64|move: Tailwind\n|upkeep\n|\n|t:|1719188754\n|switch|p2b: Butterfree?!|Volcarona, F|374/374\n|turn|6\n|\n|t:|1719188785\n|move|p2a: Where are yew?!?|Sucker Punch|p1b: Kingdra\n|debug|Protosynthesis atk boost\n|debug|Reflect weaken\n|-damage|p1b: Kingdra|192/292\n|move|p1a: Rillabulu|Close Combat|p2a: Where are yew?!?\n|-supereffective|p2a: Where are yew?!?\n|-damage|p2a: Where are yew?!?|174/426\n|-unboost|p1a: Rillabulu|def|1\n|-unboost|p1a: Rillabulu|spd|1\n|move|p1b: Kingdra|Draco Meteor|p2b: Butterfree?!\n|debug|Negating (sp)atk boost/penalty.\n|-crit|p2b: Butterfree?!\n|debug|Sniper boost\n|-damage|p2b: Butterfree?!|0 fnt\n|-unboost|p1b: Kingdra|spa|2\n|faint|p2b: Butterfree?!\n|\n|-heal|p1b: Kingdra|210/292|[from] Grassy Terrain\n|-heal|p2a: Where are yew?!?|200/426|[from] Grassy Terrain\n|upkeep\n|\n|t:|1719188801\n|switch|p2b: Twix Yogurt|Politoed, F, shiny|234/384\n|-weather|RainDance|[from] ability: Drizzle|[of] p2b: Twix Yogurt\n|turn|7\n|\n|t:|1719188815\n|move|p2a: Where are yew?!?|Sucker Punch|p1a: Rillabulu\n|debug|Protosynthesis atk boost\n|-resisted|p1a: Rillabulu\n|debug|Reflect weaken\n|-damage|p1a: Rillabulu|227/282\n|move|p1a: Rillabulu|Close Combat|p2a: Where are yew?!?\n|-supereffective|p2a: Where are yew?!?\n|-damage|p2a: Where are yew?!?|0 fnt\n|-unboost|p1a: Rillabulu|def|1\n|-unboost|p1a: Rillabulu|spd|1\n|faint|p2a: Where are yew?!?\n|-end|p2a: Where are yew?!?|Protosynthesis|[silent]\n|move|p1b: Kingdra|Draco Meteor|p2b: Twix Yogurt\n|debug|Negating (sp)atk boost/penalty.\n|-crit|p2b: Twix Yogurt\n|debug|Sniper boost\n|-damage|p2b: Twix Yogurt|0 fnt\n|debug|move failed because it did nothing\n|faint|p2b: Twix Yogurt\n|\n|win|je64\n","uploadtime":1719188828,"views":"51","formatid":"gen9doublescustomgame","rating":null,"private":0,"password":null}