{"id":"gen9doublescustomgame-2116642540","format":"[Gen 9] Doubles Custom Game","players":["Mango Meloetta","mattmandaman"],"log":"|j|☆Mango Meloetta\n|j|☆mattmandaman\n|t:|1714697189\n|gametype|doubles\n|player|p1|Mango Meloetta|li|\n|player|p2|mattmandaman|giovanni|\n|teamsize|p1|6\n|teamsize|p2|6\n|gen|9\n|tier|[Gen 9] Doubles Custom Game\n|clearpoke\n|poke|p1|Gengar, F|\n|poke|p1|Murkrow, M|\n|poke|p1|Porygon2|\n|poke|p1|Heatran, M|\n|poke|p1|Zygarde|\n|poke|p1|Chien-Pao|\n|poke|p2|Kommo-o, F|\n|poke|p2|Grimmsnarl, M|\n|poke|p2|Marshadow|\n|poke|p2|Ting-Lu|\n|poke|p2|Volcanion|\n|poke|p2|Kangaskhan, F|\n|teampreview\n|j| noli_cannoli10\n|j| mistermoscow\n|j| smokeydabearrr\n|\n|t:|1714697267\n|start\n|switch|p1a: Muckracker|Murkrow, M|324/324\n|switch|p1b: Goonatar|Gengar, F|262/262\n|switch|p2a: Ting-Lu|Ting-Lu|497/497\n|switch|p2b: Grimmsnarl|Grimmsnarl, M|394/394\n|-ability|p2a: Ting-Lu|Vessel of Ruin\n|turn|1\n|\n|t:|1714697293\n|detailschange|p1b: Goonatar|Gengar-Mega, F\n|-mega|p1b: Goonatar|Gengar|Gengarite\n|move|p1b: Goonatar|Protect|p1b: Goonatar\n|-singleturn|p1b: Goonatar|Protect\n|move|p1a: Muckracker|Tailwind|p1a: Muckracker\n|-sidestart|p1: Mango Meloetta|move: Tailwind\n|move|p2b: Grimmsnarl|Light Screen|p2b: Grimmsnarl\n|-sidestart|p2: mattmandaman|move: Light Screen\n|move|p2a: Ting-Lu|Stealth Rock|p1b: Goonatar\n|-sidestart|p1: Mango Meloetta|move: Stealth Rock\n|\n|upkeep\n|turn|2\n|\n|t:|1714697323\n|move|p1a: Muckracker|Taunt|p2a: Ting-Lu\n|debug|natural prankster immunity\n|-hint|Since gen 7, Dark is immune to Prankster moves.\n|-immune|p2a: Ting-Lu\n|move|p1b: Goonatar|Sludge Bomb|p2b: Grimmsnarl\n|debug|Vessel of Ruin SpA drop\n|-supereffective|p2b: Grimmsnarl\n|debug|Light Screen weaken\n|-damage|p2b: Grimmsnarl|205/394\n|move|p2b: Grimmsnarl|Spirit Break|p1a: Muckracker\n|-supereffective|p1a: Muckracker\n|-damage|p1a: Muckracker|148/324\n|-unboost|p1a: Muckracker|spa|1\n|move|p2a: Ting-Lu|Throat Chop|p1b: Goonatar\n|-supereffective|p1b: Goonatar\n|-damage|p1b: Goonatar|14/262\n|-start|p1b: Goonatar|Throat Chop|[silent]\n|\n|upkeep\n|turn|3\n|\n|t:|1714697357\n|move|p2b: Grimmsnarl|Reflect|p2b: Grimmsnarl\n|-sidestart|p2: mattmandaman|Reflect\n|move|p1b: Goonatar|Sludge Bomb|p2b: Grimmsnarl\n|debug|Vessel of Ruin SpA drop\n|-supereffective|p2b: Grimmsnarl\n|debug|Light Screen weaken\n|-damage|p2b: Grimmsnarl|29/394\n|-status|p2b: Grimmsnarl|psn\n|move|p1a: Muckracker|Foul Play|p2a: Ting-Lu\n|-resisted|p2a: Ting-Lu\n|debug|Reflect weaken\n|-damage|p2a: Ting-Lu|470/497\n|move|p2a: Ting-Lu|Whirlwind|p1b: Goonatar\n|drag|p1b: Porous Gone|Porygon2|374/374\n|-damage|p1b: Porous Gone|328/374|[from] Stealth Rock\n|-ability|p1b: Porous Gone|Download|boost\n|-boost|p1b: Porous Gone|atk|1\n|\n|-heal|p2a: Ting-Lu|497/497|[from] item: Leftovers\n|-damage|p2b: Grimmsnarl|0 fnt|[from] psn\n|faint|p2b: Grimmsnarl\n|upkeep\n|\n|t:|1714697383\n|switch|p2b: Kommo-o|Kommo-o, F|354/354\n|turn|4\n|\n|t:|1714697399\n|move|p1a: Muckracker|Taunt|p2b: Kommo-o\n|-start|p2b: Kommo-o|move: Taunt\n|move|p1b: Porous Gone|Reflect|p1b: Porous Gone\n|-sidestart|p1: Mango Meloetta|Reflect\n|cant|p2b: Kommo-o|move: Taunt|Iron Defense\n|move|p2a: Ting-Lu|Throat Chop|p1b: Porous Gone\n|debug|Reflect weaken\n|-damage|p1b: Porous Gone|287/374\n|-start|p1b: Porous Gone|Throat Chop|[silent]\n|\n|-sideend|p1: Mango Meloetta|move: Tailwind\n|upkeep\n|turn|5\n|\n|t:|1714697418\n|move|p1a: Muckracker|Tailwind|p1a: Muckracker\n|-sidestart|p1: Mango Meloetta|move: Tailwind\n|move|p1b: Porous Gone|Icy Wind|p2b: Kommo-o|[spread] p2a\n|-miss|p1b: Porous Gone|p2b: Kommo-o\n|debug|Vessel of Ruin SpA drop\n|debug|Spread modifier: 0.75\n|-supereffective|p2a: Ting-Lu\n|debug|Light Screen weaken\n|-damage|p2a: Ting-Lu|466/497\n|-unboost|p2a: Ting-Lu|spe|1\n|move|p2b: Kommo-o|Body Press|p1b: Porous Gone\n|-supereffective|p1b: Porous Gone\n|debug|Reflect weaken\n|-damage|p1b: Porous Gone|182/374\n|move|p2a: Ting-Lu|Throat Chop|p1b: Porous Gone\n|debug|Reflect weaken\n|-damage|p1b: Porous Gone|134/374\n|\n|-heal|p2a: Ting-Lu|497/497|[from] item: Leftovers\n|-end|p1b: Porous Gone|Throat Chop|[silent]\n|upkeep\n|turn|6\n|\n|t:|1714697463\n|move|p1a: Muckracker|Foul Play|p2b: Kommo-o\n|-resisted|p2b: Kommo-o\n|debug|Reflect weaken\n|-damage|p2b: Kommo-o|324/354\n|move|p1b: Porous Gone|Recover|p1b: Porous Gone\n|-heal|p1b: Porous Gone|321/374\n|move|p2b: Kommo-o|Body Press|p1a: Muckracker\n|debug|Reflect weaken\n|-damage|p1a: Muckracker|72/324\n|move|p2a: Ting-Lu|Throat Chop|p1b: Porous Gone\n|debug|Reflect weaken\n|-damage|p1b: Porous Gone|273/374\n|-start|p1b: Porous Gone|Throat Chop|[silent]\n|\n|-end|p2b: Kommo-o|move: Taunt\n|upkeep\n|turn|7\n|\n|t:|1714697496\n|switch|p1a: Goonatar|Gengar-Mega, F|14/262\n|-damage|p1a: Goonatar|0 fnt|[from] Stealth Rock\n|faint|p1a: Goonatar\n|move|p1b: Porous Gone|Icy Wind|p2b: Kommo-o|[spread] p2a,p2b\n|debug|Vessel of Ruin SpA drop\n|debug|Spread modifier: 0.75\n|-supereffective|p2a: Ting-Lu\n|debug|Light Screen weaken\n|debug|Vessel of Ruin SpA drop\n|debug|Spread modifier: 0.75\n|-supereffective|p2b: Kommo-o\n|debug|Light Screen weaken\n|-damage|p2a: Ting-Lu|466/497\n|-damage|p2b: Kommo-o|299/354\n|-unboost|p2a: Ting-Lu|spe|1\n|-unboost|p2b: Kommo-o|spe|1\n|move|p2b: Kommo-o|Iron Defense|p2b: Kommo-o\n|-boost|p2b: Kommo-o|def|2\n|move|p2a: Ting-Lu|Whirlwind|p1b: Porous Gone\n|drag|p1b: Muckracker|Murkrow, M|72/324\n|-damage|p1b: Muckracker|0 fnt|[from] Stealth Rock\n|faint|p1b: Muckracker\n|\n|-heal|p2a: Ting-Lu|497/497|[from] item: Leftovers\n|upkeep\n|\n|t:|1714697522\n|switch|p1a: Porous Gone|Porygon2|273/374\n|switch|p1b: Heatran|Heatran, M|386/386\n|-damage|p1b: Heatran|338/386|[from] Stealth Rock\n|-damage|p1a: Porous Gone|227/374|[from] Stealth Rock\n|-ability|p1a: Porous Gone|Download|boost\n|-boost|p1a: Porous Gone|spa|1\n|turn|8\n|\n|t:|1714697548\n|-terastallize|p1b: Heatran|Grass\n|move|p1b: Heatran|Tera Blast|p2a: Ting-Lu|[anim] Tera Blast Grass\n|debug|Vessel of Ruin SpA drop\n|-supereffective|p2a: Ting-Lu\n|debug|Light Screen weaken\n|-damage|p2a: Ting-Lu|360/497\n|move|p1a: Porous Gone|Shadow Ball|p2b: Kommo-o\n|debug|Vessel of Ruin SpA drop\n|-crit|p2b: Kommo-o\n|-damage|p2b: Kommo-o|214/354\n|move|p2b: Kommo-o|Body Press|p1a: Porous Gone\n|-supereffective|p1a: Porous Gone\n|debug|Reflect weaken\n|-damage|p1a: Porous Gone|26/374\n|move|p2a: Ting-Lu|Stomping Tantrum|p1b: Heatran\n|-resisted|p1b: Heatran\n|-crit|p1b: Heatran\n|-damage|p1b: Heatran|264/386\n|\n|-heal|p2a: Ting-Lu|391/497|[from] item: Leftovers\n|-sideend|p1: Mango Meloetta|Reflect\n|-sideend|p2: mattmandaman|move: Light Screen\n|-sideend|p1: Mango Meloetta|move: Tailwind\n|upkeep\n|turn|9\n|\n|t:|1714697585\n|move|p1b: Heatran|Tera Blast|p2a: Ting-Lu|[anim] Tera Blast Grass\n|debug|Vessel of Ruin SpA drop\n|-supereffective|p2a: Ting-Lu\n|-damage|p2a: Ting-Lu|169/497\n|move|p1a: Porous Gone|Icy Wind|p2a: Ting-Lu|[spread] p2a,p2b\n|debug|Vessel of Ruin SpA drop\n|debug|Spread modifier: 0.75\n|-supereffective|p2a: Ting-Lu\n|debug|Vessel of Ruin SpA drop\n|debug|Spread modifier: 0.75\n|-supereffective|p2b: Kommo-o\n|-damage|p2a: Ting-Lu|95/497\n|-damage|p2b: Kommo-o|160/354\n|-unboost|p2a: Ting-Lu|spe|1\n|-unboost|p2b: Kommo-o|spe|1\n|-enditem|p2b: Kommo-o|Sitrus Berry|[eat]\n|-heal|p2b: Kommo-o|248/354|[from] item: Sitrus Berry\n|move|p2b: Kommo-o|Body Press|p1b: Heatran\n|-crit|p1b: Heatran\n|-damage|p1b: Heatran|0 fnt\n|faint|p1b: Heatran\n|move|p2a: Ting-Lu|Throat Chop|p1a: Porous Gone\n|-damage|p1a: Porous Gone|0 fnt\n|faint|p1a: Porous Gone\n|\n|-heal|p2a: Ting-Lu|126/497|[from] item: Leftovers\n|upkeep\n|\n|t:|1714697601\n|switch|p1b: Kung Pao Chicken|Chien-Pao|301/301\n|switch|p1a: My Guard|Zygarde|420/420\n|-damage|p1b: Kung Pao Chicken|226/301|[from] Stealth Rock\n|-ability|p1b: Kung Pao Chicken|Sword of Ruin\n|-damage|p1a: My Guard|394/420|[from] Stealth Rock\n|-ability|p1a: My Guard|Aura Break\n|turn|10\n|\n|t:|1714697646\n|move|p1b: Kung Pao Chicken|Swords Dance|p1b: Kung Pao Chicken\n|-boost|p1b: Kung Pao Chicken|atk|2\n|move|p1a: My Guard|Dragon Dance|p1a: My Guard\n|-boost|p1a: My Guard|atk|1\n|-boost|p1a: My Guard|spe|1\n|move|p2b: Kommo-o|Body Press|p1b: Kung Pao Chicken\n|-supereffective|p1b: Kung Pao Chicken\n|-damage|p1b: Kung Pao Chicken|0 fnt\n|faint|p1b: Kung Pao Chicken\n|move|p2a: Ting-Lu|Throat Chop|p1a: My Guard\n|-damage|p1a: My Guard|310/420\n|-start|p1a: My Guard|Throat Chop|[silent]\n|\n|-heal|p1a: My Guard|336/420|[from] item: Leftovers\n|-heal|p2a: Ting-Lu|157/497|[from] item: Leftovers\n|-sideend|p2: mattmandaman|Reflect\n|upkeep\n|turn|11\n|\n|t:|1714697671\n|move|p1a: My Guard|Substitute|p1a: My Guard\n|-start|p1a: My Guard|Substitute\n|-damage|p1a: My Guard|231/420\n|move|p2b: Kommo-o|Body Press|p1a: My Guard\n|-end|p1a: My Guard|Substitute\n|move|p2a: Ting-Lu|Throat Chop|p1a: My Guard\n|-damage|p1a: My Guard|140/420\n|\n|-heal|p1a: My Guard|166/420|[from] item: Leftovers\n|-heal|p2a: Ting-Lu|188/497|[from] item: Leftovers\n|-end|p1a: My Guard|Throat Chop|[silent]\n|upkeep\n|turn|12\n|\n|t:|1714697683\n|move|p1a: My Guard|Thousand Arrows|p2a: Ting-Lu|[spread] p2a,p2b\n|debug|Spread modifier: 0.75\n|debug|Spread modifier: 0.75\n|-damage|p2a: Ting-Lu|80/497\n|-damage|p2b: Kommo-o|185/354\n|move|p2b: Kommo-o|Body Press|p1a: My Guard\n|-damage|p1a: My Guard|0 fnt\n|faint|p1a: My Guard\n|\n|win|mattmandaman\n","uploadtime":1714697708,"views":"35","formatid":"gen9doublescustomgame","rating":null,"private":0,"password":null}