{"id":"gen9doublescustomgame-2293273117","format":"[Gen 9] Doubles Custom Game","players":["mistermoscow","Mattmandaman"],"log":"|j|☆mistermoscow\n|j|☆Mattmandaman\n|t:|1738544857\n|gametype|doubles\n|player|p1|mistermoscow|alder|\n|player|p2|Mattmandaman|giovanni|\n|teamsize|p1|6\n|teamsize|p2|6\n|gen|9\n|tier|[Gen 9] Doubles Custom Game\n|clearpoke\n|poke|p1|Poliwrath, F|\n|poke|p1|Victreebel, M|\n|poke|p1|Gengar, M|\n|poke|p1|Jolteon, M|\n|poke|p1|Snorlax, M|\n|poke|p1|Dragonite, M|\n|poke|p2|Machamp, F|\n|poke|p2|Starmie|\n|poke|p2|Chansey, F|\n|poke|p2|Nidoking, M|\n|poke|p2|Gengar, F|\n|poke|p2|Muk, M|\n|teampreview\n|\n|t:|1738544918\n|start\n|switch|p1a: Gang Gang|Gengar, M|262/262\n|switch|p1b: Sparky|Jolteon, M|271/271\n|switch|p2a: Muk|Muk, M|414/414\n|switch|p2b: Gengar|Gengar, F|262/262\n|turn|1\n|\n|t:|1738544936\n|move|p1a: Gang Gang|Protect|p1a: Gang Gang\n|-singleturn|p1a: Gang Gang|Protect\n|move|p2b: Gengar|Protect|p2b: Gengar\n|-singleturn|p2b: Gengar|Protect\n|move|p1b: Sparky|Electroweb|p2b: Gengar|[spread] p2a\n|-activate|p2b: Gengar|move: Protect\n|debug|Spread modifier: 0.75\n|-damage|p2a: Muk|353/414\n|-unboost|p2a: Muk|spe|1\n|move|p2a: Muk|Poison Jab|p1b: Sparky\n|-damage|p1b: Sparky|64/271\n|debug|Covert Cloak prevent secondary\n|\n|-heal|p2a: Muk|378/414|[from] item: Black Sludge\n|upkeep\n|turn|2\n|\n|t:|1738544956\n|switch|p2b: Chansey|Chansey, F|704/704\n|move|p1b: Sparky|Electroweb|p2a: Muk|[spread] p2a,p2b\n|debug|Spread modifier: 0.75\n|debug|Spread modifier: 0.75\n|-damage|p2a: Muk|311/414\n|-damage|p2b: Chansey|670/704\n|-unboost|p2a: Muk|spe|1\n|-unboost|p2b: Chansey|spe|1\n|move|p1a: Gang Gang|Shadow Ball|p2b: Chansey\n|-immune|p2b: Chansey\n|move|p2a: Muk|Ice Punch|p1a: Gang Gang\n|-damage|p1a: Gang Gang|134/262\n|\n|-heal|p2a: Muk|336/414|[from] item: Black Sludge\n|upkeep\n|turn|3\n|\n|t:|1738544993\n|move|p1b: Sparky|Hyper Voice|p2a: Muk|[spread] p2a,p2b\n|debug|Spread modifier: 0.75\n|debug|Spread modifier: 0.75\n|-damage|p2a: Muk|265/414\n|-damage|p2b: Chansey|627/704\n|move|p1a: Gang Gang|Psychic|p2a: Muk\n|-supereffective|p2a: Muk\n|-damage|p2a: Muk|65/414\n|move|p2b: Chansey|Seismic Toss|p1b: Sparky\n|-damage|p1b: Sparky|0 fnt\n|faint|p1b: Sparky\n|move|p2a: Muk|Ice Punch|p1a: Gang Gang\n|-damage|p1a: Gang Gang|12/262\n|\n|-heal|p2a: Muk|90/414|[from] item: Black Sludge\n|upkeep\n|\n|t:|1738545023\n|switch|p1b: Puff Daddy|Dragonite, M|386/386\n|turn|4\n|\n|t:|1738545034\n|move|p2a: Muk|Protect|p2a: Muk\n|-singleturn|p2a: Muk|Protect\n|move|p1a: Gang Gang|Psychic|p2a: Muk\n|-activate|p2a: Muk|move: Protect\n|move|p1b: Puff Daddy|Tailwind|p1b: Puff Daddy\n|-sidestart|p1: mistermoscow|move: Tailwind\n|move|p2b: Chansey|Teleport|p2b: Chansey\n|\n|t:|1738545048\n|switch|p2b: Starmie|Starmie|262/262|[from] Teleport\n|\n|-heal|p2a: Muk|115/414|[from] item: Black Sludge\n|upkeep\n|turn|5\n|\n|t:|1738545073\n|move|p1a: Gang Gang|Protect|p1a: Gang Gang\n|-singleturn|p1a: Gang Gang|Protect\n|move|p2a: Muk|Shadow Sneak|p1a: Gang Gang\n|-activate|p1a: Gang Gang|move: Protect\n|move|p1b: Puff Daddy|Dragon Claw|p2b: Starmie\n|-damage|p2b: Starmie|91/262\n|move|p2b: Starmie|Icy Wind|p1a: Gang Gang|[spread] p1b\n|-activate|p1a: Gang Gang|move: Protect\n|debug|Spread modifier: 0.75\n|-supereffective|p1b: Puff Daddy\n|-damage|p1b: Puff Daddy|226/386\n|debug|move failed because it did nothing\n|\n|-heal|p2a: Muk|140/414|[from] item: Black Sludge\n|upkeep\n|turn|6\n|\n|t:|1738545116\n|move|p1a: Gang Gang|Psychic|p2a: Muk\n|-supereffective|p2a: Muk\n|-crit|p2a: Muk\n|-damage|p2a: Muk|0 fnt\n|faint|p2a: Muk\n|move|p1b: Puff Daddy|Dragon Claw|p2b: Starmie\n|-damage|p2b: Starmie|0 fnt\n|faint|p2b: Starmie\n|\n|upkeep\n|\n|t:|1738545132\n|switch|p2b: Nidoking|Nidoking, M|304/304\n|switch|p2a: Machamp|Machamp, F|384/384\n|turn|7\n|\n|t:|1738545155\n|move|p1a: Gang Gang|Protect|p1a: Gang Gang\n|-singleturn|p1a: Gang Gang|Protect\n|move|p2a: Machamp|Bullet Punch|p1a: Gang Gang\n|-activate|p1a: Gang Gang|move: Protect\n|move|p2b: Nidoking|Ice Beam|p1b: Puff Daddy\n|-supereffective|p1b: Puff Daddy\n|-damage|p1b: Puff Daddy|0 fnt\n|faint|p1b: Puff Daddy\n|\n|-sideend|p1: mistermoscow|move: Tailwind\n|upkeep\n|\n|t:|1738545169\n|switch|p1b: Snax|Snorlax, M|461/461\n|turn|8\n|\n|t:|1738545197\n|switch|p1a: Polly|Poliwrath, F|322/322\n|move|p2b: Nidoking|Ice Beam|p1a: Polly\n|-resisted|p1a: Polly\n|-damage|p1a: Polly|259/322\n|move|p2a: Machamp|Dynamic Punch|p1b: Snax\n|debug|Punching Glove boost\n|-supereffective|p1b: Snax\n|-damage|p1b: Snax|41/461\n|-start|p1b: Snax|confusion\n|-activate|p1b: Snax|confusion\n|move|p1b: Snax|Outrage|p2a: Machamp\n|-damage|p2a: Machamp|220/384\n|\n|upkeep\n|turn|9\n|\n|t:|1738545223\n|move|p2b: Nidoking|Ice Beam|p1b: Snax\n|-damage|p1b: Snax|0 fnt\n|faint|p1b: Snax\n|move|p1a: Polly|Liquidation|p2b: Nidoking\n|-supereffective|p2b: Nidoking\n|-damage|p2b: Nidoking|0 fnt\n|faint|p2b: Nidoking\n|move|p2a: Machamp|Dynamic Punch|p1a: Polly\n|debug|Punching Glove boost\n|-damage|p1a: Polly|36/322\n|-start|p1a: Polly|confusion\n|-enditem|p1a: Polly|Aguav Berry|[eat]\n|-heal|p1a: Polly|143/322|[from] item: Aguav Berry\n|\n|upkeep\n|\n|t:|1738545249\n|switch|p2b: Chansey|Chansey, F|627/704\n|switch|p1b: Victor|Victreebel, M|302/302\n|turn|10\n|\n|t:|1738545312\n|switch|p2b: Gengar|Gengar, F|262/262\n|-activate|p1a: Polly|confusion\n|-damage|p1a: Polly|98/322|[from] confusion\n|move|p1b: Victor|Leaf Blade|p2b: Gengar\n|-resisted|p2b: Gengar\n|-damage|p2b: Gengar|114/262\n|-damage|p1b: Victor|272/302|[from] item: Life Orb\n|move|p2a: Machamp|Dynamic Punch|p1b: Victor\n|debug|Punching Glove boost\n|-resisted|p1b: Victor\n|-damage|p1b: Victor|124/302\n|-start|p1b: Victor|confusion\n|\n|upkeep\n|turn|11\n|\n|t:|1738545344\n|switch|p2a: Chansey|Chansey, F|627/704\n|move|p2b: Gengar|Will-O-Wisp|p1a: Polly\n|-status|p1a: Polly|brn\n|-end|p1a: Polly|confusion\n|move|p1a: Polly|Liquidation|p2b: Gengar\n|-damage|p2b: Gengar|6/262\n|-activate|p1b: Victor|confusion\n|move|p1b: Victor|Leaf Blade|p2a: Chansey\n|-damage|p2a: Chansey|357/704\n|-damage|p1b: Victor|94/302|[from] item: Life Orb\n|\n|-damage|p1a: Polly|78/322 brn|[from] brn\n|upkeep\n|turn|12\n|\n|t:|1738545413\n|move|p2b: Gengar|Will-O-Wisp|p1b: Victor\n|-status|p1b: Victor|brn\n|-activate|p1b: Victor|confusion\n|move|p1b: Victor|Leaf Blade|p2a: Chansey\n|-damage|p2a: Chansey|213/704\n|-damage|p1b: Victor|64/302 brn|[from] item: Life Orb\n|move|p1a: Polly|Coaching|p1b: Victor\n|-boost|p1b: Victor|atk|1\n|-boost|p1b: Victor|def|1\n|move|p2a: Chansey|Seismic Toss|p1a: Polly\n|-damage|p1a: Polly|0 fnt\n|faint|p1a: Polly\n|\n|-damage|p1b: Victor|46/302 brn|[from] brn\n|upkeep\n|\n|t:|1738545428\n|switch|p1a: Gang Gang|Gengar, M|12/262\n|turn|13\n|\n|t:|1738545446\n|move|p2b: Gengar|Protect|p2b: Gengar\n|-singleturn|p2b: Gengar|Protect\n|-end|p1b: Victor|confusion\n|move|p1b: Victor|Protect|p1b: Victor\n|-singleturn|p1b: Victor|Protect\n|move|p1a: Gang Gang|Shadow Ball|p2b: Gengar\n|-activate|p2b: Gengar|move: Protect\n|move|p2a: Chansey|Soft-Boiled|p2a: Chansey\n|-heal|p2a: Chansey|565/704\n|\n|-damage|p1b: Victor|28/302 brn|[from] brn\n|upkeep\n|turn|14\n|\n|t:|1738545466\n|move|p1a: Gang Gang|Psychic|p2b: Gengar\n|-supereffective|p2b: Gengar\n|-damage|p2b: Gengar|0 fnt\n|faint|p2b: Gengar\n|move|p1b: Victor|Facade|p2a: Chansey\n|-damage|p2a: Chansey|97/704\n|-damage|p1b: Victor|0 fnt|[from] item: Life Orb\n|faint|p1b: Victor\n|move|p2a: Chansey|Seismic Toss|p1a: Gang Gang\n|-immune|p1a: Gang Gang\n|\n|upkeep\n|\n|t:|1738545470\n|switch|p2b: Machamp|Machamp, F|220/384\n|turn|15\n|\n|t:|1738545479\n|move|p2b: Machamp|Bullet Punch|p1a: Gang Gang\n|debug|Punching Glove boost\n|-damage|p1a: Gang Gang|0 fnt\n|faint|p1a: Gang Gang\n|\n|win|Mattmandaman\n|c|☆mistermoscow|rip\n|c|☆mistermoscow|gg\n","uploadtime":1738545487,"views":"33","formatid":"gen9doublescustomgame","rating":null,"private":0,"password":null}