{"id":"gen9doublescustomgame-2309418989","format":"[Gen 9] Doubles Custom Game","players":["mistermoscow","je64"],"log":"|j|☆mistermoscow\n|j|☆je64\n|t:|1740714161\n|gametype|doubles\n|player|p1|mistermoscow|alder|\n|player|p2|je64|265|\n|teamsize|p1|6\n|teamsize|p2|6\n|gen|9\n|tier|[Gen 9] Doubles Custom Game\n|clearpoke\n|poke|p1|Primeape, M|\n|poke|p1|Dewgong, M|\n|poke|p1|Exeggutor, M|\n|poke|p1|Mr. Mime, F|\n|poke|p1|Jolteon, M|\n|poke|p1|Dragonite, M|\n|poke|p2|Dugtrio, F|\n|poke|p2|Dewgong, M|\n|poke|p2|Exeggutor, M|\n|poke|p2|Electabuzz, M|\n|poke|p2|Magmar, F|\n|poke|p2|Venomoth, F|\n|teampreview\n|\n|t:|1740714214\n|start\n|switch|p1a: Sparky|Jolteon, M|271/271\n|switch|p1b: Puff Daddy|Dragonite, M|355/355\n|switch|p2a: Shai-Hulud|Dugtrio, F|212/212\n|switch|p2b: Dude Thong|Dewgong, M|384/384\n|turn|1\n|j| mattmandaman\n|\n|t:|1740714256\n|move|p1b: Puff Daddy|Protect|p1b: Puff Daddy\n|-singleturn|p1b: Puff Daddy|Protect\n|move|p1a: Sparky|Volt Switch|p2b: Dude Thong\n|-supereffective|p2b: Dude Thong\n|-damage|p2b: Dude Thong|228/384\n|j| Mango Meloetta\n|\n|t:|1740714267\n|switch|p1a: Dewey|Dewgong, M|353/353|[from] Volt Switch\n|move|p2a: Shai-Hulud|Swords Dance|p2a: Shai-Hulud\n|-boost|p2a: Shai-Hulud|atk|2\n|move|p2b: Dude Thong|Triple Axel|p1b: Puff Daddy\n|-activate|p1b: Puff Daddy|move: Protect\n|\n|upkeep\n|turn|2\n|\n|t:|1740714350\n|switch|p1b: Apollo|Primeape, M|334/334\n|switch|p2b: Buzz Lightyear|Electabuzz, M|334/334\n|move|p2a: Shai-Hulud|Protect|p2a: Shai-Hulud\n|-singleturn|p2a: Shai-Hulud|Protect\n|move|p1a: Dewey|Icy Wind|p2b: Buzz Lightyear|[spread] p2b\n|-activate|p2a: Shai-Hulud|move: Protect\n|debug|Spread modifier: 0.75\n|-damage|p2b: Buzz Lightyear|310/334\n|-unboost|p2b: Buzz Lightyear|spe|1\n|\n|upkeep\n|turn|3\n|\n|t:|1740714388\n|move|p1b: Apollo|Protect|p1b: Apollo\n|-singleturn|p1b: Apollo|Protect\n|move|p2a: Shai-Hulud|Swords Dance|p2a: Shai-Hulud\n|-boost|p2a: Shai-Hulud|atk|2\n|move|p1a: Dewey|Toxic|p2a: Shai-Hulud\n|-status|p2a: Shai-Hulud|tox\n|move|p2b: Buzz Lightyear|Volt Switch|p1a: Dewey\n|-supereffective|p1a: Dewey\n|-damage|p1a: Dewey|197/353\n|\n|t:|1740714411\n|switch|p2b: Venomoth|Venomoth, F|281/281|[from] Volt Switch\n|\n|-damage|p2a: Shai-Hulud|199/212 tox|[from] psn\n|upkeep\n|turn|4\n|\n|t:|1740714473\n|move|p2b: Venomoth|Protect|p2b: Venomoth\n|-singleturn|p2b: Venomoth|Protect\n|move|p2a: Shai-Hulud|Earthquake|p1b: Apollo|[spread] p1a,p1b\n|-activate|p2b: Venomoth|move: Protect\n|debug|Spread modifier: 0.75\n|debug|Spread modifier: 0.75\n|-damage|p1a: Dewey|0 fnt\n|-damage|p1b: Apollo|24/334\n|faint|p1a: Dewey\n|move|p1b: Apollo|Bulk Up|p1b: Apollo\n|-boost|p1b: Apollo|atk|1\n|-boost|p1b: Apollo|def|1\n|\n|-damage|p2a: Shai-Hulud|173/212 tox|[from] psn\n|upkeep\n|\n|t:|1740714493\n|switch|p1a: Eggman|Exeggutor, M|363/363\n|turn|5\n|\n|t:|1740714524\n|move|p1b: Apollo|Protect|p1b: Apollo\n|-singleturn|p1b: Apollo|Protect\n|move|p2a: Shai-Hulud|Sucker Punch|p1a: Eggman\n|-supereffective|p1a: Eggman\n|-damage|p1a: Eggman|0 fnt\n|faint|p1a: Eggman\n|move|p2b: Venomoth|Bug Buzz|p1b: Apollo\n|-activate|p1b: Apollo|move: Protect\n|\n|-damage|p2a: Shai-Hulud|134/212 tox|[from] psn\n|upkeep\n|\n|t:|1740714553\n|switch|p1a: Puff Daddy|Dragonite, M|355/355\n|turn|6\n|\n|t:|1740714593\n|move|p2a: Shai-Hulud|Protect|p2a: Shai-Hulud\n|-singleturn|p2a: Shai-Hulud|Protect\n|move|p2b: Venomoth|Sleep Powder|p1a: Puff Daddy|[miss]\n|-miss|p2b: Venomoth|p1a: Puff Daddy\n|move|p1a: Puff Daddy|Dragon Dance|p1a: Puff Daddy\n|-boost|p1a: Puff Daddy|atk|1\n|-boost|p1a: Puff Daddy|spe|1\n|move|p1b: Apollo|Rage Fist|p2a: Shai-Hulud\n|-activate|p2a: Shai-Hulud|move: Protect\n|\n|-damage|p2a: Shai-Hulud|82/212 tox|[from] psn\n|upkeep\n|turn|7\n|\n|t:|1740714637\n|move|p1a: Puff Daddy|Protect|p1a: Puff Daddy\n|-singleturn|p1a: Puff Daddy|Protect\n|move|p1b: Apollo|Protect|p1b: Apollo\n|-singleturn|p1b: Apollo|Protect\n|move|p2a: Shai-Hulud|Sucker Punch||[still]\n|-fail|p2a: Shai-Hulud\n|move|p2b: Venomoth|Quiver Dance|p2b: Venomoth\n|-boost|p2b: Venomoth|spa|1\n|-boost|p2b: Venomoth|spd|1\n|-boost|p2b: Venomoth|spe|1\n|\n|-damage|p2a: Shai-Hulud|17/212 tox|[from] psn\n|upkeep\n|turn|8\n|\n|t:|1740714662\n|move|p1b: Apollo|Protect||[still]\n|debug|Success chance: 33%\n|-fail|p1b: Apollo\n|move|p2a: Shai-Hulud|Sucker Punch||[still]\n|-fail|p2a: Shai-Hulud\n|move|p2b: Venomoth|Sleep Powder|p1a: Puff Daddy\n|-status|p1a: Puff Daddy|slp|[from] move: Sleep Powder\n|cant|p1a: Puff Daddy|slp\n|\n|-damage|p2a: Shai-Hulud|0 fnt|[from] psn\n|faint|p2a: Shai-Hulud\n|upkeep\n|\n|t:|1740714680\n|switch|p2a: Dude Thong|Dewgong, M|228/384\n|turn|9\n|\n|t:|1740714696\n|move|p2a: Dude Thong|Fake Out|p1b: Apollo\n|-damage|p1b: Apollo|8/334\n|move|p2b: Venomoth|Quiver Dance|p2b: Venomoth\n|-boost|p2b: Venomoth|spa|1\n|-boost|p2b: Venomoth|spd|1\n|-boost|p2b: Venomoth|spe|1\n|cant|p1a: Puff Daddy|slp\n|cant|p1b: Apollo|flinch\n|\n|upkeep\n|turn|10\n|\n|t:|1740714725\n|move|p2b: Venomoth|Bug Buzz|p1b: Apollo\n|-resisted|p1b: Apollo\n|debug|Tinted Lens boost\n|-damage|p1b: Apollo|0 fnt\n|faint|p1b: Apollo\n|-enditem|p2b: Venomoth|Throat Spray\n|-boost|p2b: Venomoth|spa|1|[from] item: Throat Spray\n|cant|p1a: Puff Daddy|slp\n|move|p2a: Dude Thong|Triple Axel|p1a: Puff Daddy\n|-supereffective|p1a: Puff Daddy\n|-damage|p1a: Puff Daddy|271/355 slp\n|-supereffective|p1a: Puff Daddy\n|-damage|p1a: Puff Daddy|103/355 slp\n|-supereffective|p1a: Puff Daddy\n|-damage|p1a: Puff Daddy|0 fnt\n|faint|p1a: Puff Daddy\n|-hitcount|p1: Puff Daddy|3\n|\n|upkeep\n|\n|t:|1740714740\n|switch|p1a: Mrs. Mr. Mime|Mr. Mime, F|284/284\n|switch|p1b: Sparky|Jolteon, M|271/271\n|turn|11\n|\n|t:|1740714764\n|switch|p2a: Buzz Lightyear|Electabuzz, M|310/334\n|move|p2b: Venomoth|Bug Buzz|p1a: Mrs. Mr. Mime\n|-damage|p1a: Mrs. Mr. Mime|11/284\n|-unboost|p1a: Mrs. Mr. Mime|spd|1\n|move|p1b: Sparky|Electroweb|p2b: Venomoth|[spread] p2a,p2b\n|debug|Spread modifier: 0.75\n|-resisted|p2a: Buzz Lightyear\n|debug|Spread modifier: 0.75\n|-damage|p2a: Buzz Lightyear|288/334\n|-damage|p2b: Venomoth|239/281\n|-unboost|p2a: Buzz Lightyear|spe|1\n|-unboost|p2b: Venomoth|spe|1\n|move|p1a: Mrs. Mr. Mime|Psychic Terrain|p1a: Mrs. Mr. Mime\n|-fieldstart|move: Psychic Terrain\n|\n|-status|p1b: Sparky|brn|[from] item: Flame Orb\n|upkeep\n|turn|12\n|\n|t:|1740714839\n|move|p2a: Buzz Lightyear|Follow Me|p2a: Buzz Lightyear\n|-singleturn|p2a: Buzz Lightyear|move: Follow Me\n|move|p1b: Sparky|Electroweb|p2a: Buzz Lightyear|[spread] p2a,p2b\n|debug|Spread modifier: 0.75\n|-resisted|p2a: Buzz Lightyear\n|debug|Spread modifier: 0.75\n|-damage|p2a: Buzz Lightyear|264/334\n|-damage|p2b: Venomoth|197/281\n|-unboost|p2a: Buzz Lightyear|spe|1\n|-unboost|p2b: Venomoth|spe|1\n|move|p2b: Venomoth|Bug Buzz|p1a: Mrs. Mr. Mime\n|-damage|p1a: Mrs. Mr. Mime|0 fnt\n|faint|p1a: Mrs. Mr. Mime\n|\n|-damage|p1b: Sparky|255/271 brn|[from] brn\n|upkeep\n|turn|13\n|\n|t:|1740714873\n|move|p2a: Buzz Lightyear|Follow Me|p2a: Buzz Lightyear\n|-singleturn|p2a: Buzz Lightyear|move: Follow Me\n|move|p1b: Sparky|Volt Switch|p2a: Buzz Lightyear\n|debug|Follow Me redirected target of move\n|-resisted|p2a: Buzz Lightyear\n|-crit|p2a: Buzz Lightyear\n|-damage|p2a: Buzz Lightyear|203/334\n|move|p2b: Venomoth|Bug Buzz|p1b: Sparky\n|-damage|p1b: Sparky|0 fnt\n|faint|p1b: Sparky\n|\n|win|je64\n","uploadtime":1740714883,"views":"14","formatid":"gen9doublescustomgame","rating":null,"private":0,"password":null}