{"id":"gen9doublescustomgame-2258702444","format":"[Gen 9] Doubles Custom Game","players":["je64","mattmandaman"],"log":"|badge|p2|silver|gen9doublesou|30-3\n|uhtml|medal-msg|<div class=\"broadcast-blue\">Curious what those medals under the avatar are? PS now has Ladder Seasons! For more information, check out the <a href=\"https://www.smogon.com/forums/threads/3740067/\">thread on Smogon.</a></div>\n|j|☆je64\n|j|☆mattmandaman\n|t:|1733605951\n|gametype|doubles\n|player|p1|je64|101|\n|player|p2|mattmandaman|giovanni|\n|teamsize|p1|6\n|teamsize|p2|6\n|gen|9\n|tier|[Gen 9] Doubles Custom Game\n|clearpoke\n|poke|p1|Dewgong, F|\n|poke|p1|Hitmonchan, M|\n|poke|p1|Chansey, F|\n|poke|p1|Electabuzz, M|\n|poke|p1|Gyarados, F|\n|poke|p1|Articuno|\n|poke|p2|Butterfree, M|\n|poke|p2|Pikachu, F|\n|poke|p2|Clefairy, F|\n|poke|p2|Primeape, F|\n|poke|p2|Gengar, F|\n|poke|p2|Pinsir, F|\n|teampreview\n|c|☆je64|It's awwwwwn\n|c|☆mattmandaman|oh shit\n|\n|t:|1733606019\n|start\n|switch|p1a: Buzz Lightyear|Electabuzz, M|334/334\n|switch|p1b: Dewgong|Dewgong, F|384/384\n|switch|p2a: Pikachu|Pikachu, F|212/212\n|switch|p2b: Gengar|Gengar, F|262/262\n|turn|1\n|\n|t:|1733606046\n|move|p2a: Pikachu|Fake Out|p1a: Buzz Lightyear\n|-crit|p1a: Buzz Lightyear\n|-damage|p1a: Buzz Lightyear|234/334\n|move|p1b: Dewgong|Fake Out|p2a: Pikachu\n|-damage|p2a: Pikachu|165/212\n|move|p2b: Gengar|Sludge Bomb|p1b: Dewgong\n|-damage|p1b: Dewgong|215/384\n|-damage|p2b: Gengar|236/262|[from] item: Life Orb\n|cant|p1a: Buzz Lightyear|flinch\n|\n|-heal|p1b: Dewgong|239/384|[from] item: Leftovers\n|upkeep\n|turn|2\n|\n|t:|1733606097\n|switch|p2a: Pinsir|Pinsir, F|272/272\n|switch|p1b: Chansey|Chansey, F|641/641\n|move|p2b: Gengar|Sludge Bomb|p1a: Buzz Lightyear\n|-crit|p1a: Buzz Lightyear\n|-damage|p1a: Buzz Lightyear|0 fnt\n|faint|p1a: Buzz Lightyear\n|-damage|p2b: Gengar|210/262|[from] item: Life Orb\n|\n|upkeep\n|c|☆mattmandaman|crits are cool\n|c|☆je64|oof\n|\n|t:|1733606127\n|switch|p1a: Gyarados|Gyarados, F|331/331\n|-ability|p1a: Gyarados|Intimidate|boost\n|-unboost|p2a: Pinsir|atk|1\n|-unboost|p2b: Gengar|atk|1\n|turn|3\n|\n|t:|1733606146\n|switch|p2a: Pikachu|Pikachu, F|165/212\n|move|p2b: Gengar|Will-O-Wisp|p1a: Gyarados\n|-status|p1a: Gyarados|brn\n|move|p1a: Gyarados|Waterfall|p2b: Gengar\n|-damage|p2b: Gengar|111/262\n|move|p1b: Chansey|Calm Mind|p1b: Chansey\n|-boost|p1b: Chansey|spa|1\n|-boost|p1b: Chansey|spd|1\n|\n|-damage|p1a: Gyarados|311/331 brn|[from] brn\n|upkeep\n|turn|4\n|\n|t:|1733606168\n|switch|p2b: Primeape|Primeape, F|334/334\n|switch|p1a: Hitmonchan|Hitmonchan, M|242/242\n|move|p2a: Pikachu|Fake Out|p1b: Chansey\n|-damage|p1b: Chansey|567/641\n|cant|p1b: Chansey|flinch\n|\n|upkeep\n|turn|5\n|\n|t:|1733606206\n|move|p2b: Primeape|Protect|p2b: Primeape\n|-singleturn|p2b: Primeape|Protect\n|move|p1a: Hitmonchan|Fake Out|p2b: Primeape\n|-activate|p2b: Primeape|move: Protect\n|move|p2a: Pikachu|Nuzzle|p1b: Chansey\n|-damage|p1b: Chansey|507/641\n|-status|p1b: Chansey|par\n|cant|p1b: Chansey|par\n|\n|upkeep\n|turn|6\n|c|☆je64|lameeeeee\n|c|☆mattmandaman|yea id be tight lol\n|\n|t:|1733606245\n|switch|p1b: Dewgong|Dewgong, F|239/384\n|move|p2a: Pikachu|Volt Tackle|p1a: Hitmonchan\n|-damage|p1a: Hitmonchan|0 fnt\n|faint|p1a: Hitmonchan\n|-damage|p2a: Pikachu|85/212|[from] Recoil\n|move|p2b: Primeape|Bulk Up|p2b: Primeape\n|-boost|p2b: Primeape|atk|1\n|-boost|p2b: Primeape|def|1\n|\n|-heal|p1b: Dewgong|263/384|[from] item: Leftovers\n|upkeep\n|c|☆je64|jesus\n|c|☆je64|wtf that one hit me\n|c|☆je64|god damn\n|c|☆mattmandaman|light ball pikachu no light weight\n|c|☆mattmandaman|418 atk\n|c|☆je64|faster than hitmonchan too\n|c|☆je64|oh yeah wow it's 90 speed\n|\n|t:|1733606334\n|switch|p1a: Chansey|Chansey, F|507/641 par\n|turn|7\n|\n|t:|1733606384\n|switch|p1a: Gyarados|Gyarados, F|311/331 brn\n|-ability|p1a: Gyarados|Intimidate|boost\n|-unboost|p2a: Pikachu|atk|1\n|-unboost|p2b: Primeape|atk|1\n|move|p2a: Pikachu|Volt Tackle|p1b: Dewgong\n|-supereffective|p1b: Dewgong\n|-damage|p1b: Dewgong|0 fnt\n|faint|p1b: Dewgong\n|-damage|p2a: Pikachu|0 fnt|[from] Recoil\n|faint|p2a: Pikachu\n|move|p2b: Primeape|Drain Punch|p1a: Gyarados\n|-resisted|p1a: Gyarados\n|-damage|p1a: Gyarados|232/331 brn\n|\n|-damage|p1a: Gyarados|212/331 brn|[from] brn\n|upkeep\n|\n|t:|1733606426\n|switch|p2a: Pinsir|Pinsir, F|272/272\n|switch|p1b: Articuno|Articuno|384/384\n|turn|8\n|\n|t:|1733606468\n|switch|p2b: Clefairy|Clefairy, F|344/344\n|move|p2a: Pinsir|Protect|p2a: Pinsir\n|-singleturn|p2a: Pinsir|Protect\n|move|p1a: Gyarados|Dragon Dance|p1a: Gyarados\n|-boost|p1a: Gyarados|atk|1\n|-boost|p1a: Gyarados|spe|1\n|move|p1b: Articuno|Ice Beam|p2a: Pinsir\n|-activate|p2a: Pinsir|move: Protect\n|\n|-damage|p1a: Gyarados|192/331 brn|[from] brn\n|upkeep\n|turn|9\n|\n|t:|1733606484\n|move|p2b: Clefairy|Follow Me|p2b: Clefairy\n|-singleturn|p2b: Clefairy|move: Follow Me\n|move|p1a: Gyarados|Substitute|p1a: Gyarados\n|-start|p1a: Gyarados|Substitute\n|-damage|p1a: Gyarados|110/331 brn\n|move|p2a: Pinsir|Rock Slide|p1a: Gyarados|[spread] p1a,p1b\n|debug|brightpowder - decreasing accuracy\n|debug|Spread modifier: 0.75\n|-supereffective|p1a: Gyarados\n|-end|p1a: Gyarados|Substitute\n|debug|Spread modifier: 0.75\n|-supereffective|p1b: Articuno\n|-damage|p1b: Articuno|53/384\n|move|p1b: Articuno|Blizzard|p2a: Pinsir|[spread] p2a,p2b\n|debug|Spread modifier: 0.75\n|debug|Friend Guard weaken\n|debug|Spread modifier: 0.75\n|-damage|p2a: Pinsir|148/272\n|-damage|p2b: Clefairy|235/344\n|\n|-damage|p1a: Gyarados|90/331 brn|[from] brn\n|upkeep\n|turn|10\n|\n|t:|1733606555\n|move|p1a: Gyarados|Protect|p1a: Gyarados\n|-singleturn|p1a: Gyarados|Protect\n|move|p2a: Pinsir|Rock Slide|p1a: Gyarados|[spread] \n|-activate|p1a: Gyarados|move: Protect\n|debug|brightpowder - decreasing accuracy\n|-miss|p2a: Pinsir|p1b: Articuno\n|move|p1b: Articuno|Blizzard|p2b: Clefairy|[spread] p2a\n|-miss|p1b: Articuno|p2b: Clefairy\n|debug|Spread modifier: 0.75\n|debug|Friend Guard weaken\n|-damage|p2a: Pinsir|24/272\n|move|p2b: Clefairy|Heal Pulse|p2a: Pinsir\n|-heal|p2a: Pinsir|160/272\n|\n|-damage|p1a: Gyarados|70/331 brn|[from] brn\n|upkeep\n|-enditem|p1a: Gyarados|Wiki Berry|[eat]\n|-heal|p1a: Gyarados|180/331 brn|[from] item: Wiki Berry\n|-start|p1a: Gyarados|confusion\n|turn|11\n|c|☆je64|nooo\n|c|☆je64|omg\n|c|☆mattmandaman|your berry lol\n|c|☆je64|so terrible\n|\n|t:|1733606601\n|move|p2b: Clefairy|Follow Me|p2b: Clefairy\n|-singleturn|p2b: Clefairy|move: Follow Me\n|-activate|p1a: Gyarados|confusion\n|move|p1a: Gyarados|Substitute|p1a: Gyarados\n|-start|p1a: Gyarados|Substitute\n|-damage|p1a: Gyarados|98/331 brn\n|move|p2a: Pinsir|Rock Slide|p1a: Gyarados|[spread] p1a,p1b\n|debug|brightpowder - decreasing accuracy\n|debug|Spread modifier: 0.75\n|-supereffective|p1a: Gyarados\n|-end|p1a: Gyarados|Substitute\n|debug|Spread modifier: 0.75\n|-supereffective|p1b: Articuno\n|-damage|p1b: Articuno|0 fnt\n|faint|p1b: Articuno\n|-ability|p2a: Pinsir|Moxie|boost\n|-boost|p2a: Pinsir|atk|1\n|\n|-damage|p1a: Gyarados|78/331 brn|[from] brn\n|upkeep\n|\n|t:|1733606613\n|switch|p1b: Chansey|Chansey, F|507/641 par\n|turn|12\n|\n|t:|1733606624\n|-activate|p1a: Gyarados|confusion\n|move|p1a: Gyarados|Protect|p1a: Gyarados\n|-singleturn|p1a: Gyarados|Protect\n|move|p2b: Clefairy|Follow Me|p2b: Clefairy\n|-singleturn|p2b: Clefairy|move: Follow Me\n|move|p2a: Pinsir|Brick Break|p1b: Chansey\n|-supereffective|p1b: Chansey\n|-damage|p1b: Chansey|0 fnt\n|faint|p1b: Chansey\n|-ability|p2a: Pinsir|Moxie|boost\n|-boost|p2a: Pinsir|atk|1\n|\n|-damage|p1a: Gyarados|58/331 brn|[from] brn\n|upkeep\n|turn|13\n|c|☆je64|jesus\n|\n|t:|1733606640\n|move|p2b: Clefairy|Follow Me|p2b: Clefairy\n|-singleturn|p2b: Clefairy|move: Follow Me\n|-activate|p1a: Gyarados|confusion\n|move|p1a: Gyarados|Waterfall|p2b: Clefairy\n|debug|Follow Me redirected target of move\n|-damage|p2b: Clefairy|142/344\n|move|p2a: Pinsir|X-Scissor|p1a: Gyarados\n|-resisted|p1a: Gyarados\n|-damage|p1a: Gyarados|0 fnt\n|faint|p1a: Gyarados\n|\n|win|mattmandaman\n|c|☆mattmandaman|ngl i got a nice team\n|c|☆je64|god damnit you do\n|c|☆je64|my team did not do what it was supposed to\n|c|☆mattmandaman|i have so much counterplay\n|c|☆je64|and ur team is faster than mine\n|c|☆mattmandaman|yea it really is\n|c|☆mattmandaman|that crit screwed you too\n|c|☆mattmandaman|on turn 2\n|c|☆mattmandaman|i got one other team\n|c|☆je64|ok, let me change some stuff\n","uploadtime":1733607006,"views":"41","formatid":"gen9doublescustomgame","rating":null,"private":0,"password":null}