{"id":"gen9doublescustomgame-2331016149","format":"[Gen 9] Doubles Custom Game","players":["mistermoscow","je64"],"log":"|j|☆mistermoscow\n|j|☆je64\n|t:|1743302724\n|gametype|doubles\n|player|p1|mistermoscow|alder|\n|player|p2|je64|170|\n|teamsize|p1|6\n|teamsize|p2|6\n|gen|9\n|tier|[Gen 9] Doubles Custom Game\n|clearpoke\n|poke|p1|Nidoking, M|\n|poke|p1|Machoke, M|\n|poke|p1|Dewgong, M|\n|poke|p1|Exeggutor, M|\n|poke|p1|Mr. Mime, M|\n|poke|p1|Flareon, F|\n|poke|p2|Dodrio, M|\n|poke|p2|Kadabra, M|\n|poke|p2|Venomoth, F|\n|poke|p2|Gengar, M|\n|poke|p2|Dewgong, F|\n|poke|p2|Electabuzz, M|\n|teampreview\n|\n|t:|1743302792\n|start\n|switch|p1a: King Nido|Nidoking, M|303/303\n|switch|p1b: Randy|Machoke, M|302/302\n|switch|p2a: Dude Thong|Dewgong, F|384/384\n|switch|p2b: Stranger|Gengar, M|261/261\n|turn|1\n|\n|t:|1743302841\n|move|p2a: Dude Thong|Fake Out|p1a: King Nido\n|-damage|p1a: King Nido|272/303\n|cant|p1a: King Nido|flinch\n|move|p2b: Stranger|Will-O-Wisp|p1b: Randy\n|-status|p1b: Randy|brn\n|move|p1b: Randy|Fissure|p2a: Dude Thong\n|-damage|p2a: Dude Thong|0 fnt\n|faint|p2a: Dude Thong\n|-ohko\n|\n|-damage|p1b: Randy|284/302 brn|[from] brn\n|upkeep\n|\n|t:|1743302884\n|switch|p2a: El Chupacabra|Dodrio, M|262/262\n|turn|2\n|\n|t:|1743302904\n|switch|p2b: Baby|Venomoth, F|344/344\n|move|p1b: Randy|Bullet Punch|p2a: El Chupacabra\n|-damage|p2a: El Chupacabra|242/262\n|move|p1a: King Nido|Thunderbolt|p2a: El Chupacabra\n|-supereffective|p2a: El Chupacabra\n|-damage|p2a: El Chupacabra|0 fnt\n|faint|p2a: El Chupacabra\n|\n|-damage|p1b: Randy|266/302 brn|[from] brn\n|upkeep\n|\n|t:|1743302956\n|switch|p2a: Buzz Lightyear|Electabuzz, M|334/334\n|turn|3\n|\n|t:|1743302978\n|switch|p1a: Eggman|Exeggutor, M|394/394\n|move|p1b: Randy|Protect|p1b: Randy\n|-singleturn|p1b: Randy|Protect\n|move|p2a: Buzz Lightyear|Follow Me|p2a: Buzz Lightyear\n|-singleturn|p2a: Buzz Lightyear|move: Follow Me\n|move|p2b: Baby|Quiver Dance|p2b: Baby\n|-boost|p2b: Baby|spa|1\n|-boost|p2b: Baby|spd|1\n|-boost|p2b: Baby|spe|1\n|\n|-damage|p1b: Randy|248/302 brn|[from] brn\n|upkeep\n|turn|4\n|\n|t:|1743303001\n|move|p1a: Eggman|Protect|p1a: Eggman\n|-singleturn|p1a: Eggman|Protect\n|move|p2a: Buzz Lightyear|Follow Me|p2a: Buzz Lightyear\n|-singleturn|p2a: Buzz Lightyear|move: Follow Me\n|move|p2b: Baby|Bug Buzz|p1a: Eggman\n|-activate|p1a: Eggman|move: Protect\n|move|p1b: Randy|Fissure|p2a: Buzz Lightyear\n|debug|Follow Me redirected target of move\n|-damage|p2a: Buzz Lightyear|0 fnt\n|faint|p2a: Buzz Lightyear\n|-ohko\n|\n|-damage|p1b: Randy|230/302 brn|[from] brn\n|upkeep\n|\n|t:|1743303013\n|switch|p2a: K.Dot|Kadabra, M|221/221\n|turn|5\n|\n|t:|1743303071\n|move|p1b: Randy|Protect|p1b: Randy\n|-singleturn|p1b: Randy|Protect\n|move|p2a: K.Dot|Psychic|p1b: Randy\n|-activate|p1b: Randy|move: Protect\n|move|p2b: Baby|Bug Buzz|p1a: Eggman\n|-supereffective|p1a: Eggman\n|-damage|p1a: Eggman|0 fnt\n|faint|p1a: Eggman\n|-enditem|p2b: Baby|Throat Spray\n|-boost|p2b: Baby|spa|1|[from] item: Throat Spray\n|\n|-damage|p1b: Randy|212/302 brn|[from] brn\n|upkeep\n|\n|t:|1743303088\n|switch|p1a: Dewey|Dewgong, M|384/384\n|turn|6\n|\n|t:|1743303098\n|move|p1a: Dewey|Fake Out|p2b: Baby\n|-damage|p2b: Baby|306/344\n|move|p2a: K.Dot|Psychic|p1b: Randy\n|-supereffective|p1b: Randy\n|-damage|p1b: Randy|0 fnt\n|faint|p1b: Randy\n|debug|damage event failed\n|cant|p2b: Baby|flinch\n|\n|upkeep\n|\n|t:|1743303114\n|switch|p1b: King Nido|Nidoking, M|272/303\n|turn|7\n|\n|t:|1743303129\n|move|p1b: King Nido|Earth Power|p2b: Baby\n|-damage|p2b: Baby|177/344\n|move|p2a: K.Dot|Calm Mind|p2a: K.Dot\n|-boost|p2a: K.Dot|spa|1\n|-boost|p2a: K.Dot|spd|1\n|move|p2b: Baby|Sleep Powder|p1b: King Nido\n|-status|p1b: King Nido|slp|[from] move: Sleep Powder\n|move|p1a: Dewey|Knock Off|p2a: K.Dot\n|-supereffective|p2a: K.Dot\n|-crit|p2a: K.Dot\n|-damage|p2a: K.Dot|0 fnt\n|-enditem|p2a: K.Dot|Life Orb|[from] move: Knock Off|[of] p1a: Dewey\n|faint|p2a: K.Dot\n|\n|upkeep\n|\n|t:|1743303146\n|switch|p2a: Stranger|Gengar, M|261/261\n|turn|8\n|\n|t:|1743303163\n|cant|p1b: King Nido|slp\n|move|p2a: Stranger|Sludge Bomb|p1a: Dewey\n|-damage|p1a: Dewey|203/384\n|move|p2b: Baby|Quiver Dance|p2b: Baby\n|-boost|p2b: Baby|spa|1\n|-boost|p2b: Baby|spd|1\n|-boost|p2b: Baby|spe|1\n|move|p1a: Dewey|Flip Turn|p2a: Stranger\n|-damage|p2a: Stranger|138/261\n|-start|p1a: Dewey|Disable|Flip Turn|[from] ability: Cursed Body|[of] p2a: Stranger\n|\n|t:|1743303177\n|switch|p1a: Mimsy|Mr. Mime, M|221/221|[from] Flip Turn\n|\n|upkeep\n|turn|9\n|\n|t:|1743303309\n|move|p2b: Baby|Bug Buzz|p1b: King Nido\n|-resisted|p1b: King Nido\n|debug|Tinted Lens boost\n|-damage|p1b: King Nido|0 fnt\n|faint|p1b: King Nido\n|move|p2a: Stranger|Sludge Bomb|p1a: Mimsy\n|-supereffective|p1a: Mimsy\n|debug|Filter neutralize\n|-damage|p1a: Mimsy|4/221\n|move|p1a: Mimsy|Expanding Force|p2b: Baby\n|-supereffective|p2b: Baby\n|-damage|p2b: Baby|15/344\n|\n|upkeep\n|\n|t:|1743303322\n|switch|p1b: Dewey|Dewgong, M|203/384\n|turn|10\n|\n|t:|1743303363\n|switch|p1a: Fluffy|Flareon, F|272/272\n|move|p1b: Dewey|Fake Out|p2b: Baby\n|-crit|p2b: Baby\n|-damage|p2b: Baby|0 fnt\n|debug|move failed because it did nothing\n|faint|p2b: Baby\n|move|p2a: Stranger|Sludge Bomb|p1a: Fluffy\n|-damage|p1a: Fluffy|133/272\n|\n|-heal|p1b: Dewey|227/384|[from] item: Leftovers\n|-status|p1a: Fluffy|tox|[from] item: Toxic Orb\n|upkeep\n|turn|11\n|\n|t:|1743303378\n|move|p2a: Stranger|Sludge Bomb|p1a: Fluffy\n|-damage|p1a: Fluffy|0 fnt\n|debug|move failed because it did nothing\n|faint|p1a: Fluffy\n|move|p1b: Dewey|Knock Off|p2a: Stranger\n|-supereffective|p2a: Stranger\n|-crit|p2a: Stranger\n|-damage|p2a: Stranger|0 fnt\n|-start|p1b: Dewey|Disable|Knock Off|[from] ability: Cursed Body|[of] p2a: Stranger\n|-enditem|p2a: Stranger|Focus Sash|[from] move: Knock Off|[of] p1b: Dewey\n|faint|p2a: Stranger\n|\n|win|mistermoscow\n|l|☆mistermoscow\n|player|p1|\n","uploadtime":1743303410,"views":"25","formatid":"gen9doublescustomgame","rating":null,"private":0,"password":null}