{"id":"gen9doublescustomgame-2405581409","format":"[Gen 9] Doubles Custom Game","players":["mistermoscow","Mattmandaman"],"log":"|j|☆mistermoscow\n|j|☆Mattmandaman\n|t:|1752948439\n|gametype|doubles\n|player|p1|mistermoscow|alder|\n|player|p2|Mattmandaman|giovanni|\n|gen|9\n|tier|[Gen 9] Doubles Custom Game\n|clearpoke\n|poke|p1|Nidoking, M|\n|poke|p1|Dugtrio, M|\n|poke|p1|Exeggutor, M|\n|poke|p1|Mr. Mime, M|\n|poke|p1|Jolteon, M|\n|poke|p1|Flareon, F|\n|poke|p2|Starmie|\n|poke|p2|Pikachu|\n|poke|p2|Machamp|\n|poke|p2|Gengar|\n|poke|p2|Clefairy|\n|poke|p2|Nidoking, M|\n|teampreview\n|\n|t:|1752948460\n|teamsize|p1|6\n|teamsize|p2|6\n|start\n|switch|p1a: Sparky|Jolteon, M|271/271\n|switch|p1b: Mimsy|Mr. Mime, M|284/284\n|switch|p2a: Gengar|Gengar|262/262\n|switch|p2b: Pikachu|Pikachu|211/211\n|turn|1\n|\n|t:|1752948485\n|move|p2b: Pikachu|Fake Out|p1b: Mimsy\n|-damage|p1b: Mimsy|245/284\n|move|p1a: Sparky|Sunny Day|p1a: Sparky\n|-weather|SunnyDay\n|move|p2a: Gengar|Sludge Bomb|p1b: Mimsy\n|-supereffective|p1b: Mimsy\n|debug|Filter neutralize\n|-damage|p1b: Mimsy|28/284\n|cant|p1b: Mimsy|flinch\n|\n|-weather|SunnyDay|[upkeep]\n|upkeep\n|turn|2\n|\n|t:|1752948504\n|move|p1a: Sparky|Electroweb|p2a: Gengar|[spread] p2a\n|-ability|p2b: Pikachu|Lightning Rod|boost\n|-boost|p2b: Pikachu|spa|1\n|debug|Spread modifier: 0.75\n|-damage|p2a: Gengar|165/262\n|-unboost|p2a: Gengar|spe|1\n|move|p2b: Pikachu|Volt Switch|p1b: Mimsy\n|-damage|p1b: Mimsy|0 fnt\n|faint|p1b: Mimsy\n|\n|t:|1752948520\n|switch|p2b: Machamp|Machamp|384/384|[from] Volt Switch\n|move|p2a: Gengar|Sludge Bomb|p1a: Sparky\n|-damage|p1a: Sparky|94/271\n|-status|p1a: Sparky|psn\n|\n|-weather|SunnyDay|[upkeep]\n|-damage|p1a: Sparky|61/271 psn|[from] psn\n|upkeep\n|\n|t:|1752948551\n|switch|p1b: Eggman|Exeggutor, M|332/332\n|turn|3\n|\n|t:|1752948570\n|switch|p2b: Clefairy|Clefairy|344/344\n|move|p1b: Eggman|Expanding Force|p2b: Clefairy\n|-damage|p2b: Clefairy|188/344\n|-damage|p1b: Eggman|299/332|[from] item: Life Orb\n|move|p1a: Sparky|Volt Switch|p2a: Gengar\n|debug|Friend Guard weaken\n|-damage|p2a: Gengar|50/262\n|\n|t:|1752948583\n|switch|p1a: King Nido|Nidoking, M|303/303|[from] Volt Switch\n|move|p2a: Gengar|Sludge Bomb|p1b: Eggman\n|-supereffective|p1b: Eggman\n|-damage|p1b: Eggman|0 fnt\n|debug|move failed because it did nothing\n|faint|p1b: Eggman\n|\n|-weather|SunnyDay|[upkeep]\n|upkeep\n|\n|t:|1752948595\n|switch|p1b: Sparky|Jolteon, M|61/271 psn\n|turn|4\n|\n|t:|1752948621\n|move|p2b: Clefairy|Follow Me|p2b: Clefairy\n|-singleturn|p2b: Clefairy|move: Follow Me\n|move|p1a: King Nido|Earth Power|p2b: Clefairy\n|debug|Follow Me redirected target of move\n|-damage|p2b: Clefairy|50/344\n|move|p1b: Sparky|Electroweb|p2a: Gengar|[spread] p2a,p2b\n|debug|Spread modifier: 0.75\n|debug|Friend Guard weaken\n|debug|Spread modifier: 0.75\n|-damage|p2a: Gengar|0 fnt\n|-damage|p2b: Clefairy|0 fnt\n|-start|p1b: Sparky|Disable|Electroweb|[from] ability: Cursed Body|[of] p2a: Gengar\n|faint|p2a: Gengar\n|faint|p2b: Clefairy\n|\n|-weather|SunnyDay|[upkeep]\n|-damage|p1b: Sparky|28/271 psn|[from] psn\n|upkeep\n|\n|t:|1752948649\n|switch|p2a: Pikachu|Pikachu|211/211\n|switch|p2b: Nidoking|Nidoking, M|304/304\n|turn|5\n|\n|t:|1752948661\n|switch|p1a: Fluffy|Flareon, F|334/334\n|move|p2a: Pikachu|Fake Out|p1a: Fluffy\n|-damage|p1a: Fluffy|272/334\n|move|p1b: Sparky|Hyper Voice|p2a: Pikachu|[spread] p2a,p2b\n|debug|Spread modifier: 0.75\n|debug|Spread modifier: 0.75\n|-damage|p2a: Pikachu|79/211\n|-damage|p2b: Nidoking|203/304\n|move|p2b: Nidoking|Earth Power|p1a: Fluffy\n|-supereffective|p1a: Fluffy\n|-damage|p1a: Fluffy|0 fnt\n|faint|p1a: Fluffy\n|\n|-weather|SunnyDay|[upkeep]\n|-damage|p1b: Sparky|0 fnt|[from] psn\n|faint|p1b: Sparky\n|upkeep\n|\n|t:|1752948678\n|switch|p1b: The Big Dees|Dugtrio, M|211/211\n|switch|p1a: King Nido|Nidoking, M|303/303\n|turn|6\n|\n|t:|1752948692\n|move|p1a: King Nido|Earth Power|p2a: Pikachu\n|-supereffective|p2a: Pikachu\n|-damage|p2a: Pikachu|0 fnt\n|faint|p2a: Pikachu\n|move|p1b: The Big Dees|High Horsepower|p2b: Nidoking\n|-supereffective|p2b: Nidoking\n|-damage|p2b: Nidoking|0 fnt\n|faint|p2b: Nidoking\n|\n|-weather|SunnyDay|[upkeep]\n|upkeep\n|\n|t:|1752948707\n|switch|p2a: Machamp|Machamp|384/384\n|switch|p2b: Starmie|Starmie|262/262\n|turn|7\n|\n|t:|1752948744\n|move|p2b: Starmie|Protect|p2b: Starmie\n|-singleturn|p2b: Starmie|Protect\n|move|p1a: King Nido|Earth Power|p2a: Machamp\n|-damage|p2a: Machamp|200/384\n|move|p1b: The Big Dees|High Horsepower|p2a: Machamp\n|-damage|p2a: Machamp|20/384\n|move|p2a: Machamp|Dynamic Punch|p1b: The Big Dees\n|-enditem|p1b: The Big Dees|Focus Sash\n|-damage|p1b: The Big Dees|1/211\n|-start|p1b: The Big Dees|confusion\n|\n|-weather|SunnyDay|[upkeep]\n|upkeep\n|turn|8\n|\n|t:|1752948763\n|move|p1a: King Nido|Earth Power|p2b: Starmie\n|-damage|p2b: Starmie|78/262\n|-activate|p1b: The Big Dees|confusion\n|move|p1b: The Big Dees|Rock Slide|p2a: Machamp|[spread] p2a,p2b\n|debug|Spread modifier: 0.75\n|-resisted|p2a: Machamp\n|debug|Spread modifier: 0.75\n|-damage|p2a: Machamp|0 fnt\n|-damage|p2b: Starmie|18/262\n|faint|p2a: Machamp\n|move|p2b: Starmie|Icy Wind|p1a: King Nido|[spread] p1a,p1b\n|debug|Spread modifier: 0.75\n|-supereffective|p1a: King Nido\n|debug|Spread modifier: 0.75\n|-supereffective|p1b: The Big Dees\n|-damage|p1a: King Nido|205/303\n|-damage|p1b: The Big Dees|0 fnt\n|-unboost|p1a: King Nido|spe|1\n|faint|p1b: The Big Dees\n|\n|-weather|none\n|upkeep\n|turn|9\n|\n|t:|1752948786\n|move|p2b: Starmie|Psychic|p1a: King Nido\n|-supereffective|p1a: King Nido\n|-damage|p1a: King Nido|0 fnt\n|faint|p1a: King Nido\n|\n|win|Mattmandaman\n","uploadtime":1752948793,"views":"18","formatid":"gen9doublescustomgame","rating":null,"private":0,"password":null}