{"id":"gen9doublescustomgame-2242759986","format":"[Gen 9] Doubles Custom Game","players":["je64","noli_cannoli10"],"log":"|j|☆je64\n|j|☆noli_cannoli10\n|t:|1731460573\n|gametype|doubles\n|player|p1|je64|1|\n|player|p2|noli_cannoli10|102|\n|teamsize|p1|6\n|teamsize|p2|6\n|gen|9\n|tier|[Gen 9] Doubles Custom Game\n|clearpoke\n|poke|p1|Flutter Mane|\n|poke|p1|Salamence, M|\n|poke|p1|Tapu Fini|\n|poke|p1|Zeraora|\n|poke|p1|Ursaluna-Bloodmoon, M|\n|poke|p1|Farigiraf, M|\n|poke|p2|Smeargle, M|\n|poke|p2|Metagross|\n|poke|p2|Volcarona, M|\n|poke|p2|Magearna|\n|poke|p2|Urshifu-*, F|\n|poke|p2|Annihilape, F|\n|teampreview\n|j| mistermoscow\n|\n|t:|1731460616\n|start\n|switch|p1a: Zeraora|Zeraora|318/318\n|switch|p1b: Farigiraf|Farigiraf, M|444/444\n|switch|p2a: Butterfree?!|Volcarona, M|374/374\n|switch|p2b: Usher Foo|Urshifu-Rapid-Strike, F|341/341\n|-item|p1a: Zeraora|Air Balloon\n|turn|1\n|j| mattmandaman\n|\n|t:|1731460666\n|switch|p2b: Facebook Eww|Metagross|301/301\n|move|p1a: Zeraora|Volt Switch|p2b: Facebook Eww\n|-damage|p2b: Facebook Eww|216/301\n|\n|t:|1731460671\n|switch|p1a: Yāoguài 妖怪|Ursaluna-Bloodmoon, M|430/430|[from] Volt Switch\n|move|p2a: Butterfree?!|Heat Wave|p1a: Yāoguài 妖怪|[spread] p1a,p1b\n|debug|Spread modifier: 0.75\n|debug|Spread modifier: 0.75\n|-damage|p1a: Yāoguài 妖怪|279/430\n|-damage|p1b: Farigiraf|299/444\n|move|p1b: Farigiraf|Trick Room|p1b: Farigiraf\n|-fieldstart|move: Trick Room|[of] p1b: Farigiraf\n|\n|upkeep\n|turn|2\n|\n|t:|1731460705\n|-terastallize|p1a: Yāoguài 妖怪|Normal\n|move|p1a: Yāoguài 妖怪|Hyper Voice|p2b: Facebook Eww|[spread] p2a,p2b\n|debug|Spread modifier: 0.75\n|debug|Spread modifier: 0.75\n|-resisted|p2b: Facebook Eww\n|-damage|p2a: Butterfree?!|206/374\n|-damage|p2b: Facebook Eww|122/301\n|-enditem|p1a: Yāoguài 妖怪|Throat Spray\n|-boost|p1a: Yāoguài 妖怪|spa|1|[from] item: Throat Spray\n|move|p1b: Farigiraf|Foul Play|p2b: Facebook Eww\n|-supereffective|p2b: Facebook Eww\n|-damage|p2b: Facebook Eww|0 fnt\n|faint|p2b: Facebook Eww\n|move|p2a: Butterfree?!|Quiver Dance|p2a: Butterfree?!\n|-boost|p2a: Butterfree?!|spa|1\n|-boost|p2a: Butterfree?!|spd|1\n|-boost|p2a: Butterfree?!|spe|1\n|\n|-heal|p2a: Butterfree?!|229/374|[from] item: Leftovers\n|upkeep\n|\n|t:|1731460720\n|switch|p2b: smearin' deez|Smeargle, M|314/314\n|turn|3\n|j| Mango Meloetta\n|\n|t:|1731460740\n|move|p1a: Yāoguài 妖怪|Hyper Voice|p2b: smearin' deez|[spread] p2a,p2b\n|debug|Spread modifier: 0.75\n|debug|Spread modifier: 0.75\n|-damage|p2a: Butterfree?!|51/374\n|-enditem|p2b: smearin' deez|Focus Sash\n|-damage|p2b: smearin' deez|1/314\n|move|p1b: Farigiraf|Foul Play|p2b: smearin' deez\n|-damage|p2b: smearin' deez|0 fnt\n|faint|p2b: smearin' deez\n|move|p2a: Butterfree?!|Heat Wave|p1a: Yāoguài 妖怪|[spread] p1b\n|-miss|p2a: Butterfree?!|p1a: Yāoguài 妖怪\n|debug|Spread modifier: 0.75\n|-damage|p1b: Farigiraf|77/444\n|-enditem|p1b: Farigiraf|Sitrus Berry|[eat]\n|-heal|p1b: Farigiraf|188/444|[from] item: Sitrus Berry\n|\n|-heal|p2a: Butterfree?!|74/374|[from] item: Leftovers\n|upkeep\n|\n|t:|1731460758\n|switch|p2b: Metal Gyatt|Magearna|364/364\n|turn|4\n|\n|t:|1731460776\n|move|p1b: Farigiraf|Helping Hand|p1a: Yāoguài 妖怪\n|-singleturn|p1a: Yāoguài 妖怪|Helping Hand|[of] p1b: Farigiraf\n|move|p1a: Yāoguài 妖怪|Hyper Voice|p2b: Metal Gyatt|[spread] p2a,p2b\n|debug|Boosting from Helping Hand: 1.5\n|debug|Spread modifier: 0.75\n|debug|Boosting from Helping Hand: 1.5\n|debug|Spread modifier: 0.75\n|-resisted|p2b: Metal Gyatt\n|-damage|p2a: Butterfree?!|0 fnt\n|-damage|p2b: Metal Gyatt|183/364\n|faint|p2a: Butterfree?!\n|-ability|p2b: Metal Gyatt|Soul-Heart|boost\n|-boost|p2b: Metal Gyatt|spa|1\n|move|p2b: Metal Gyatt|Flash Cannon|p1b: Farigiraf\n|-damage|p1b: Farigiraf|0 fnt\n|faint|p1b: Farigiraf\n|-ability|p2b: Metal Gyatt|Soul-Heart|boost\n|-boost|p2b: Metal Gyatt|spa|1\n|\n|upkeep\n|\n|t:|1731460792\n|switch|p1b: Zeraora|Zeraora|318/318\n|switch|p2a: Usher Foo|Urshifu-Rapid-Strike, F|341/341\n|-item|p1b: Zeraora|Air Balloon\n|turn|5\n|\n|t:|1731460810\n|move|p1b: Zeraora|Fake Out|p2a: Usher Foo\n|-damage|p2a: Usher Foo|297/341\n|move|p1a: Yāoguài 妖怪|Earth Power|p2b: Metal Gyatt\n|-supereffective|p2b: Metal Gyatt\n|-crit|p2b: Metal Gyatt\n|-damage|p2b: Metal Gyatt|0 fnt\n|faint|p2b: Metal Gyatt\n|cant|p2a: Usher Foo|flinch\n|\n|-fieldend|move: Trick Room\n|upkeep\n|\n|t:|1731460818\n|switch|p2b: Tickle Me Elmo|Annihilape, F|423/423\n|turn|6\n|\n|t:|1731460843\n|switch|p1a: Tapu Fini|Tapu Fini|344/344\n|-fieldstart|move: Misty Terrain|[from] ability: Misty Surge|[of] p1a: Tapu Fini\n|move|p2a: Usher Foo|Close Combat|p1b: Zeraora\n|-damage|p1b: Zeraora|42/318\n|-unboost|p2a: Usher Foo|def|1\n|-unboost|p2a: Usher Foo|spd|1\n|-enditem|p1b: Zeraora|Air Balloon\n|move|p1b: Zeraora|Plasma Fists|p2a: Usher Foo\n|-supereffective|p2a: Usher Foo\n|-damage|p2a: Usher Foo|0 fnt\n|-fieldactivate|move: Ion Deluge\n|-hint|Normal-type moves become Electric-type after using Plasma Fists.\n|faint|p2a: Usher Foo\n|move|p2b: Tickle Me Elmo|Drain Punch|p1a: Tapu Fini\n|-resisted|p1a: Tapu Fini\n|-damage|p1a: Tapu Fini|290/344\n|\n|-heal|p1a: Tapu Fini|311/344|[from] item: Leftovers\n|upkeep\n|turn|7\n|\n|t:|1731460865\n|move|p1b: Zeraora|Plasma Fists|p2b: Tickle Me Elmo\n|-damage|p2b: Tickle Me Elmo|239/423\n|-fieldactivate|move: Ion Deluge\n|-hint|Normal-type moves become Electric-type after using Plasma Fists.\n|move|p2b: Tickle Me Elmo|Rage Fist|p1b: Zeraora\n|-damage|p1b: Zeraora|0 fnt\n|faint|p1b: Zeraora\n|move|p1a: Tapu Fini|Moonblast|p2b: Tickle Me Elmo\n|-supereffective|p2b: Tickle Me Elmo\n|-damage|p2b: Tickle Me Elmo|0 fnt\n|faint|p2b: Tickle Me Elmo\n|\n|win|je64\n|l|☆noli_cannoli10\n|player|p2|\n","uploadtime":1731460876,"views":"14","formatid":"gen9doublescustomgame","rating":null,"private":0,"password":null}