{"id":"gen9doublescustomgame-2297053778","format":"[Gen 9] Doubles Custom Game","players":["mistermoscow","noli_cannoli10"],"log":"|j|☆mistermoscow\n|j|☆noli_cannoli10\n|t:|1739052374\n|gametype|doubles\n|player|p1|mistermoscow|alder|\n|player|p2|noli_cannoli10|2|\n|teamsize|p1|6\n|teamsize|p2|6\n|gen|9\n|tier|[Gen 9] Doubles Custom Game\n|clearpoke\n|poke|p1|Primeape, M|\n|poke|p1|Dewgong, M|\n|poke|p1|Gengar, M|\n|poke|p1|Mr. Mime, F|\n|poke|p1|Jolteon, M|\n|poke|p1|Dragonite, M|\n|poke|p2|Moltres|\n|poke|p2|Venusaur, F|\n|poke|p2|Flareon, M|\n|poke|p2|Machamp, F|\n|poke|p2|Primeape, F|\n|poke|p2|Scyther, M|\n|teampreview\n|j| je64\n|j| Mattmandaman\n|\n|t:|1739052394\n|start\n|switch|p1a: Puff Daddy|Dragonite, M|355/355\n|switch|p1b: Sparky|Jolteon, M|271/271\n|switch|p2a: orgy champ|Machamp, F|321/321\n|switch|p2b: shiny or no?|Scyther, M, shiny|343/343\n|turn|1\n|\n|t:|1739052428\n|move|p1b: Sparky|Volt Switch|p2b: shiny or no?\n|-supereffective|p2b: shiny or no?\n|-damage|p2b: shiny or no?|43/343\n|\n|t:|1739052456\n|switch|p1b: Dewey|Dewgong, M|321/321|[from] Volt Switch\n|move|p2b: shiny or no?|Tailwind|p2b: shiny or no?\n|-sidestart|p2: noli_cannoli10|move: Tailwind\n|move|p2a: orgy champ|Knock Off|p1b: Dewey\n|-damage|p1b: Dewey|161/321\n|-enditem|p1b: Dewey|Leftovers|[from] move: Knock Off|[of] p2a: orgy champ\n|move|p1a: Puff Daddy|Tailwind|p1a: Puff Daddy\n|-sidestart|p1: mistermoscow|move: Tailwind\n|\n|upkeep\n|turn|2\n|\n|t:|1739052475\n|move|p1b: Dewey|Fake Out|p2a: orgy champ\n|-damage|p2a: orgy champ|290/321\n|move|p1a: Puff Daddy|Extreme Speed|p2b: shiny or no?\n|-damage|p2b: shiny or no?|0 fnt\n|faint|p2b: shiny or no?\n|cant|p2a: orgy champ|flinch\n|\n|upkeep\n|\n|t:|1739052490\n|switch|p2b: third bird|Moltres|321/321\n|-ability|p2b: third bird|Pressure\n|turn|3\n|\n|t:|1739052518\n|switch|p1b: Mrs. Mr. Mime|Mr. Mime, F|284/284\n|switch|p1a: Sparky|Jolteon, M|271/271\n|move|p2b: third bird|Sunny Day|p2b: third bird\n|-weather|SunnyDay\n|move|p2a: orgy champ|Knock Off|p1a: Sparky\n|-damage|p1a: Sparky|0 fnt\n|-enditem|p1a: Sparky|Flame Orb|[from] move: Knock Off|[of] p2a: orgy champ\n|faint|p1a: Sparky\n|\n|-weather|SunnyDay|[upkeep]\n|upkeep\n|\n|t:|1739052530\n|switch|p1a: Gang Gang|Gengar, M|261/261\n|turn|4\n|\n|t:|1739052557\n|move|p1b: Mrs. Mr. Mime|Fake Out|p2a: orgy champ\n|-damage|p2a: orgy champ|272/321\n|move|p1a: Gang Gang|Shadow Ball|p2a: orgy champ\n|-damage|p2a: orgy champ|103/321\n|move|p2b: third bird|Solar Beam||[still]\n|-prepare|p2b: third bird|Solar Beam\n|-anim|p2b: third bird|Solar Beam|p1b: Mrs. Mr. Mime\n|-damage|p1b: Mrs. Mr. Mime|132/284\n|-damage|p2b: third bird|289/321|[from] item: Life Orb\n|cant|p2a: orgy champ|flinch\n|\n|-weather|SunnyDay|[upkeep]\n|-sideend|p1: mistermoscow|move: Tailwind\n|-sideend|p2: noli_cannoli10|move: Tailwind\n|upkeep\n|turn|5\n|\n|t:|1739052581\n|move|p1a: Gang Gang|Shadow Ball|p2a: orgy champ\n|-damage|p2a: orgy champ|0 fnt\n|faint|p2a: orgy champ\n|move|p2b: third bird|Heat Wave|p1a: Gang Gang|[spread] p1a,p1b\n|debug|Spread modifier: 0.75\n|debug|Sunny Day fire boost\n|debug|Spread modifier: 0.75\n|debug|Sunny Day fire boost\n|-enditem|p1a: Gang Gang|Focus Sash\n|-damage|p1a: Gang Gang|1/261\n|-damage|p1b: Mrs. Mr. Mime|0 fnt\n|faint|p1b: Mrs. Mr. Mime\n|-damage|p2b: third bird|257/321|[from] item: Life Orb\n|\n|-weather|SunnyDay|[upkeep]\n|upkeep\n|\n|t:|1739052598\n|switch|p1b: Puff Daddy|Dragonite, M|355/355\n|switch|p2a: mad toad|Venusaur, F|301/301\n|turn|6\n|\n|t:|1739052654\n|move|p2a: mad toad|Sludge Bomb|p1b: Puff Daddy\n|-damage|p1b: Puff Daddy|201/355\n|-status|p1b: Puff Daddy|psn\n|move|p1a: Gang Gang|Icy Wind|p2b: third bird|[spread] p2a,p2b\n|debug|Spread modifier: 0.75\n|-supereffective|p2a: mad toad\n|debug|Spread modifier: 0.75\n|-damage|p2a: mad toad|201/301\n|-damage|p2b: third bird|199/321\n|-unboost|p2a: mad toad|spe|1\n|-unboost|p2b: third bird|spe|1\n|move|p1b: Puff Daddy|Tailwind|p1b: Puff Daddy\n|-sidestart|p1: mistermoscow|move: Tailwind\n|move|p2b: third bird|Heat Wave|p1a: Gang Gang|[spread] p1a,p1b\n|debug|Spread modifier: 0.75\n|debug|Sunny Day fire boost\n|debug|Spread modifier: 0.75\n|debug|Sunny Day fire boost\n|-resisted|p1b: Puff Daddy\n|-damage|p1a: Gang Gang|0 fnt\n|-damage|p1b: Puff Daddy|72/355 psn\n|-start|p2b: third bird|Disable|Heat Wave|[from] ability: Cursed Body|[of] p1a: Gang Gang\n|faint|p1a: Gang Gang\n|-damage|p2b: third bird|167/321|[from] item: Life Orb\n|\n|-weather|SunnyDay|[upkeep]\n|-heal|p2a: mad toad|219/301|[from] item: Leftovers\n|-damage|p1b: Puff Daddy|28/355 psn|[from] psn\n|upkeep\n|\n|t:|1739052689\n|switch|p1a: Dewey|Dewgong, M|161/321\n|turn|7\n|\n|t:|1739052720\n|move|p1a: Dewey|Fake Out|p2a: mad toad\n|-damage|p2a: mad toad|192/301\n|move|p1b: Puff Daddy|Dragon Claw|p2b: third bird\n|-damage|p2b: third bird|0 fnt\n|faint|p2b: third bird\n|cant|p2a: mad toad|flinch\n|\n|-weather|none\n|-heal|p2a: mad toad|210/301|[from] item: Leftovers\n|-damage|p1b: Puff Daddy|0 fnt|[from] psn\n|faint|p1b: Puff Daddy\n|upkeep\n|\n|t:|1739052739\n|switch|p2b: Mr. Slave|Primeape, F|271/271\n|switch|p1b: Apollo|Primeape, M|271/271\n|turn|8\n|\n|t:|1739052803\n|move|p1b: Apollo|Drain Punch|p2b: Mr. Slave\n|-damage|p2b: Mr. Slave|73/271\n|move|p1a: Dewey|Frost Breath|p1b: Apollo\n|-crit|p1b: Apollo\n|-damage|p1b: Apollo|210/271\n|-setboost|p1b: Apollo|atk|6|[from] ability: Anger Point\n|move|p2b: Mr. Slave|Close Combat|p1a: Dewey\n|-supereffective|p1a: Dewey\n|-damage|p1a: Dewey|0 fnt\n|-unboost|p2b: Mr. Slave|def|1\n|-unboost|p2b: Mr. Slave|spd|1\n|faint|p1a: Dewey\n|move|p2a: mad toad|Sludge Bomb|p1b: Apollo\n|-damage|p1b: Apollo|69/271\n|\n|-heal|p2a: mad toad|228/301|[from] item: Leftovers\n|upkeep\n|turn|9\n|\n|t:|1739052826\n|move|p1b: Apollo|Earthquake|p2b: Mr. Slave|[spread] p2a,p2b\n|debug|Spread modifier: 0.75\n|debug|Spread modifier: 0.75\n|-damage|p2a: mad toad|0 fnt\n|-damage|p2b: Mr. Slave|0 fnt\n|faint|p2a: mad toad\n|faint|p2b: Mr. Slave\n|\n|-sideend|p1: mistermoscow|move: Tailwind\n|upkeep\n|\n|t:|1739052834\n|switch|p2b: fire dog|Flareon, M|334/334\n|turn|10\n|\n|t:|1739052892\n|move|p1b: Apollo|Drain Punch|p2b: fire dog\n|-damage|p2b: fire dog|0 fnt\n|-heal|p1b: Apollo|236/271|[from] drain|[of] p2b: fire dog\n|faint|p2b: fire dog\n|\n|win|mistermoscow\n","uploadtime":1739052902,"views":"27","formatid":"gen9doublescustomgame","rating":null,"private":0,"password":null}