{"id":"gen9doublescustomgame-2263254386","format":"[Gen 9] Doubles Custom Game","players":["mistermoscow","Smokeydabearrr"],"log":"|j|☆mistermoscow\n|j|☆Smokeydabearrr\n|t:|1734235968\n|gametype|doubles\n|player|p1|mistermoscow|alder|\n|player|p2|Smokeydabearrr|1|\n|teamsize|p1|6\n|teamsize|p2|6\n|gen|9\n|tier|[Gen 9] Doubles Custom Game\n|clearpoke\n|poke|p1|Porygon|\n|poke|p1|Butterfree, F|\n|poke|p1|Clefairy, M|\n|poke|p1|Ditto|\n|poke|p1|Snorlax, M|\n|poke|p1|Poliwrath, F|\n|poke|p2|Flareon, F|\n|poke|p2|Charmeleon, F|\n|poke|p2|Vulpix, F|\n|poke|p2|Mr. Mime, M|\n|poke|p2|Butterfree, M|\n|poke|p2|Lickitung, F|\n|teampreview\n|\n|t:|1734235991\n|start\n|switch|p1a: Pogo Jr|Porygon|271/271\n|switch|p1b: Polly|Poliwrath, F|353/353\n|switch|p2a: Mr. Mime|Mr. Mime, M|221/221\n|switch|p2b: Butterfree|Butterfree, M|261/261\n|-ability|p1a: Pogo Jr|Download|boost\n|-boost|p1a: Pogo Jr|atk|1\n|turn|1\n|\n|t:|1734236010\n|move|p2a: Mr. Mime|Fake Out|p1b: Polly\n|debug|Base Power: 40\n|debug|Technician boost\n|-damage|p1b: Polly|331/353\n|-damage|p2a: Mr. Mime|199/221|[from] item: Life Orb\n|move|p2b: Butterfree|Tailwind|p2b: Butterfree\n|-sidestart|p2: Smokeydabearrr|move: Tailwind\n|cant|p1b: Polly|flinch\n|move|p1a: Pogo Jr|Trick Room|p1a: Pogo Jr\n|-fieldstart|move: Trick Room|[of] p1a: Pogo Jr\n|\n|upkeep\n|turn|2\n|c|☆Smokeydabearrr|Uh oh lol\n|\n|t:|1734236065\n|switch|p1a: Imp|Ditto|300/300\n|-transform|p1a: Imp|p2b: Butterfree|[from] ability: Imposter\n|move|p1b: Polly|Coaching|p1a: Imp\n|-boost|p1a: Imp|atk|1\n|-boost|p1a: Imp|def|1\n|move|p2b: Butterfree|Sleep Powder|p1b: Polly\n|debug|compoundeyes - enhancing accuracy\n|-status|p1b: Polly|slp|[from] move: Sleep Powder\n|move|p2a: Mr. Mime|Dazzling Gleam|p1b: Polly|[spread] p1a,p1b\n|debug|Base Power: 80\n|debug|Spread modifier: 0.75\n|debug|Base Power: 80\n|debug|Spread modifier: 0.75\n|-supereffective|p1b: Polly\n|-damage|p1a: Imp|160/300\n|-damage|p1b: Polly|136/353 slp\n|-damage|p2a: Mr. Mime|177/221|[from] item: Life Orb\n|\n|upkeep\n|turn|3\n|c|☆mistermoscow|whoops, misclicked lol\n|c|☆mistermoscow|meant to bring out snorlax there lol\n|\n|t:|1734236107\n|cant|p1b: Polly|slp\n|move|p1a: Imp|Sleep Powder|p2a: Mr. Mime\n|debug|compoundeyes - enhancing accuracy\n|-status|p2a: Mr. Mime|slp|[from] move: Sleep Powder\n|move|p2b: Butterfree|Bug Buzz|p1b: Polly\n|debug|compoundeyes - enhancing accuracy\n|-resisted|p1b: Polly\n|-damage|p1b: Polly|79/353 slp\n|-enditem|p1b: Polly|Aguav Berry|[eat]\n|-heal|p1b: Polly|196/353 slp|[from] item: Aguav Berry\n|cant|p2a: Mr. Mime|slp\n|\n|upkeep\n|turn|4\n|\n|t:|1734236134\n|switch|p2b: Vulpix|Vulpix, F|280/280\n|-weather|SunnyDay|[from] ability: Drought|[of] p2b: Vulpix\n|cant|p1b: Polly|slp\n|move|p1a: Imp|Sleep Powder|p2b: Vulpix\n|debug|compoundeyes - enhancing accuracy\n|-status|p2b: Vulpix|slp|[from] move: Sleep Powder\n|-curestatus|p2a: Mr. Mime|slp|[msg]\n|move|p2a: Mr. Mime|Dazzling Gleam|p1b: Polly|[spread] p1a,p1b\n|debug|Base Power: 80\n|debug|Spread modifier: 0.75\n|debug|Base Power: 80\n|debug|Spread modifier: 0.75\n|-supereffective|p1b: Polly\n|-damage|p1a: Imp|12/300\n|-damage|p1b: Polly|0 fnt\n|faint|p1b: Polly\n|-damage|p2a: Mr. Mime|155/221|[from] item: Life Orb\n|\n|-weather|SunnyDay|[upkeep]\n|-sideend|p2: Smokeydabearrr|move: Tailwind\n|upkeep\n|\n|t:|1734236156\n|switch|p1b: Clifford|Clefairy, M|344/344\n|turn|5\n|\n|t:|1734236186\n|move|p1b: Clifford|Minimize|p1b: Clifford\n|-boost|p1b: Clifford|evasion|2\n|cant|p2b: Vulpix|slp\n|move|p1a: Imp|Sleep Powder|p2a: Mr. Mime\n|debug|compoundeyes - enhancing accuracy\n|-status|p2a: Mr. Mime|slp|[from] move: Sleep Powder\n|cant|p2a: Mr. Mime|slp\n|\n|-weather|SunnyDay|[upkeep]\n|-fieldend|move: Trick Room\n|upkeep\n|turn|6\n|\n|t:|1734236210\n|switch|p1a: Pogo Jr|Porygon|271/271\n|-ability|p1a: Pogo Jr|Download|boost\n|-boost|p1a: Pogo Jr|atk|1\n|cant|p2a: Mr. Mime|slp\n|cant|p2b: Vulpix|slp\n|move|p1b: Clifford|Calm Mind|p1b: Clifford\n|-boost|p1b: Clifford|spa|1\n|-boost|p1b: Clifford|spd|1\n|\n|-weather|SunnyDay|[upkeep]\n|upkeep\n|turn|7\n|\n|t:|1734236236\n|cant|p2a: Mr. Mime|slp\n|-curestatus|p2b: Vulpix|slp|[msg]\n|move|p2b: Vulpix|Will-O-Wisp|p1b: Clifford|[miss]\n|-miss|p2b: Vulpix|p1b: Clifford\n|move|p1b: Clifford|Baton Pass|p1b: Clifford\n|\n|t:|1734236242\n|switch|p1b: Snax|Snorlax, M|524/524|[from] Baton Pass\n|move|p1a: Pogo Jr|Trick Room|p1a: Pogo Jr\n|-fieldstart|move: Trick Room|[of] p1a: Pogo Jr\n|\n|-weather|SunnyDay|[upkeep]\n|upkeep\n|turn|8\n|\n|t:|1734236272\n|switch|p1a: Purple Haze|Butterfree, F|262/262\n|-curestatus|p2a: Mr. Mime|slp|[msg]\n|move|p2a: Mr. Mime|Protect|p2a: Mr. Mime\n|-singleturn|p2a: Mr. Mime|Protect\n|move|p1b: Snax|Earthquake|p2a: Mr. Mime|[spread] p2b\n|-activate|p2a: Mr. Mime|move: Protect\n|-immune|p1a: Purple Haze\n|debug|Spread modifier: 0.75\n|-supereffective|p2b: Vulpix\n|-damage|p2b: Vulpix|14/280\n|move|p2b: Vulpix|Will-O-Wisp|p1a: Purple Haze\n|-status|p1a: Purple Haze|brn\n|\n|-weather|none\n|-damage|p1a: Purple Haze|246/262 brn|[from] brn\n|upkeep\n|turn|9\n|\n|t:|1734236394\n|switch|p2b: Lickitung|Lickitung, F|384/384\n|move|p1b: Snax|Power-Up Punch|p2b: Lickitung\n|-supereffective|p2b: Lickitung\n|-damage|p2b: Lickitung|336/384\n|-boost|p1b: Snax|atk|1\n|move|p1a: Purple Haze|Sleep Powder|p2a: Mr. Mime\n|debug|compoundeyes - enhancing accuracy\n|-status|p2a: Mr. Mime|slp|[from] move: Sleep Powder\n|cant|p2a: Mr. Mime|slp\n|\n|-damage|p1a: Purple Haze|230/262 brn|[from] brn\n|upkeep\n|turn|10\n|c|☆Smokeydabearrr|Soo I just realized my team is illegal lol I have bro focus sash but one isn’t on a non full  evo\n|c|☆mistermoscow|ahh its all good with me haha\n|c|☆Smokeydabearrr|Ight lol my b dude\n|c|☆mistermoscow|no worries haha\n|\n|t:|1734236524\n|switch|p1a: Clifford|Clefairy, M|344/344\n|switch|p2a: Vulpix|Vulpix, F|14/280\n|-weather|SunnyDay|[from] ability: Drought|[of] p2a: Vulpix\n|move|p2b: Lickitung|Protect|p2b: Lickitung\n|-singleturn|p2b: Lickitung|Protect\n|move|p1b: Snax|Power-Up Punch|p2b: Lickitung\n|-activate|p2b: Lickitung|move: Protect\n|\n|-weather|SunnyDay|[upkeep]\n|upkeep\n|turn|11\n|\n|t:|1734236546\n|move|p1b: Snax|Power-Up Punch|p2a: Vulpix\n|-damage|p2a: Vulpix|0 fnt\n|-boost|p1b: Snax|atk|1\n|faint|p2a: Vulpix\n|move|p1a: Clifford|Minimize|p1a: Clifford\n|-boost|p1a: Clifford|evasion|2\n|move|p2b: Lickitung|Body Press|p1b: Snax\n|-supereffective|p1b: Snax\n|-damage|p1b: Snax|394/524\n|\n|-weather|SunnyDay|[upkeep]\n|-fieldend|move: Trick Room\n|upkeep\n|\n|t:|1734236575\n|switch|p2a: Charmeleon|Charmeleon, F|258/258\n|turn|12\n|\n|t:|1734236605\n|move|p2a: Charmeleon|Heat Wave|p1b: Snax|[spread] p1a\n|-miss|p2a: Charmeleon|p1b: Snax\n|debug|Spread modifier: 0.75\n|debug|Sunny Day fire boost\n|-crit|p1a: Clifford\n|-damage|p1a: Clifford|0 fnt\n|faint|p1a: Clifford\n|move|p2b: Lickitung|Body Press|p1b: Snax\n|-supereffective|p1b: Snax\n|-damage|p1b: Snax|268/524\n|move|p1b: Snax|Power-Up Punch|p2b: Lickitung\n|-supereffective|p2b: Lickitung\n|-damage|p2b: Lickitung|254/384\n|-boost|p1b: Snax|atk|1\n|\n|-weather|SunnyDay|[upkeep]\n|-damage|p2a: Charmeleon|226/258|[from] ability: Solar Power|[of] p2a: Charmeleon\n|upkeep\n|\n|t:|1734236630\n|switch|p1a: Pogo Jr|Porygon|271/271\n|-ability|p1a: Pogo Jr|Download|boost\n|-boost|p1a: Pogo Jr|spa|1\n|turn|13\n|\n|t:|1734236652\n|move|p2a: Charmeleon|Heat Wave|p1a: Pogo Jr|[spread] p1a,p1b\n|debug|Spread modifier: 0.75\n|debug|Sunny Day fire boost\n|debug|Spread modifier: 0.75\n|debug|Sunny Day fire boost\n|-damage|p1a: Pogo Jr|133/271\n|-damage|p1b: Snax|184/524\n|move|p2b: Lickitung|Body Press|p1b: Snax|[miss]\n|-miss|p2b: Lickitung|p1b: Snax\n|move|p1b: Snax|Double-Edge|p2b: Lickitung\n|-damage|p2b: Lickitung|35/384\n|-damage|p1b: Snax|112/524|[from] Recoil\n|move|p1a: Pogo Jr|Trick Room|p1a: Pogo Jr\n|-fieldstart|move: Trick Room|[of] p1a: Pogo Jr\n|\n|-weather|SunnyDay|[upkeep]\n|-damage|p2a: Charmeleon|194/258|[from] ability: Solar Power|[of] p2a: Charmeleon\n|upkeep\n|turn|14\n|\n|t:|1734236685\n|switch|p1a: Purple Haze|Butterfree, F|230/262 brn\n|move|p2a: Charmeleon|Protect|p2a: Charmeleon\n|-singleturn|p2a: Charmeleon|Protect\n|move|p1b: Snax|Earthquake|p2b: Lickitung|[spread] p2b\n|-activate|p2a: Charmeleon|move: Protect\n|-immune|p1a: Purple Haze\n|debug|Spread modifier: 0.75\n|-damage|p2b: Lickitung|0 fnt\n|faint|p2b: Lickitung\n|\n|-weather|none\n|-damage|p1a: Purple Haze|214/262 brn|[from] brn\n|upkeep\n|\n|t:|1734236712\n|switch|p2b: Mr. Mime|Mr. Mime, M|155/221 slp\n|turn|15\n|\n|t:|1734236730\n|-curestatus|p2b: Mr. Mime|slp|[msg]\n|move|p2b: Mr. Mime|Fake Out|p1b: Snax|[miss]\n|-miss|p2b: Mr. Mime|p1b: Snax\n|move|p1b: Snax|Earthquake|p2b: Mr. Mime|[spread] p2a,p2b\n|-immune|p1a: Purple Haze\n|debug|Spread modifier: 0.75\n|-supereffective|p2a: Charmeleon\n|debug|Spread modifier: 0.75\n|-damage|p2a: Charmeleon|0 fnt\n|-damage|p2b: Mr. Mime|0 fnt\n|faint|p2a: Charmeleon\n|faint|p2b: Mr. Mime\n|move|p1a: Purple Haze|Sleep Powder|p2: Charmeleon|[notarget]\n|-fail|p1a: Purple Haze\n|\n|-damage|p1a: Purple Haze|198/262 brn|[from] brn\n|upkeep\n|c|☆mistermoscow|oof\n|\n|t:|1734236746\n|switch|p2a: Flareon|Flareon, F|271/271\n|switch|p2b: Butterfree|Butterfree, M|261/261\n|turn|16\n|\n|t:|1734236791\n|move|p2a: Flareon|Protect|p2a: Flareon\n|-singleturn|p2a: Flareon|Protect\n|move|p1b: Snax|Earthquake|p2a: Flareon|[spread] \n|-activate|p2a: Flareon|move: Protect\n|-immune|p1a: Purple Haze\n|-immune|p2b: Butterfree\n|move|p1a: Purple Haze|Sleep Powder|p2b: Butterfree\n|debug|compoundeyes - enhancing accuracy\n|-status|p2b: Butterfree|slp|[from] move: Sleep Powder\n|cant|p2b: Butterfree|slp\n|\n|-damage|p1a: Purple Haze|182/262 brn|[from] brn\n|upkeep\n|turn|17\n|\n|t:|1734236825\n|move|p2a: Flareon|Protect||[still]\n|debug|Success chance: 33%\n|-fail|p2a: Flareon\n|move|p1b: Snax|Earthquake|p2a: Flareon|[spread] p2a\n|-immune|p1a: Purple Haze\n|-immune|p2b: Butterfree\n|debug|Spread modifier: 0.75\n|-supereffective|p2a: Flareon\n|-damage|p2a: Flareon|0 fnt\n|faint|p2a: Flareon\n|move|p1a: Purple Haze|Hurricane|p2b: Butterfree\n|debug|compoundeyes - enhancing accuracy\n|-supereffective|p2b: Butterfree\n|-enditem|p2b: Butterfree|Focus Sash\n|-damage|p2b: Butterfree|1/261 slp\n|-start|p2b: Butterfree|confusion\n|cant|p2b: Butterfree|slp\n|\n|-damage|p1a: Purple Haze|166/262 brn|[from] brn\n|-fieldend|move: Trick Room\n|upkeep\n|turn|18\n|\n|t:|1734236847\n|move|p1a: Purple Haze|Quiver Dance|p1a: Purple Haze\n|-boost|p1a: Purple Haze|spa|1\n|-boost|p1a: Purple Haze|spd|1\n|-boost|p1a: Purple Haze|spe|1\n|-curestatus|p2b: Butterfree|slp|[msg]\n|-activate|p2b: Butterfree|confusion\n|-damage|p2b: Butterfree|0 fnt|[from] confusion\n|faint|p2b: Butterfree\n|\n|win|mistermoscow\n|c|☆mistermoscow|lol\n|c|☆mistermoscow|gg\n|c|☆Smokeydabearrr|Gg\n","uploadtime":1734236863,"views":"54","formatid":"gen9doublescustomgame","rating":null,"private":0,"password":null}