{"id":"gen9doublescustomgame-2277527423","format":"[Gen 9] Doubles Custom Game","players":["mistermoscow","je64"],"log":"|j|☆mistermoscow\n|j|☆je64\n|t:|1736376142\n|gametype|doubles\n|player|p1|mistermoscow|alder|\n|player|p2|je64|265|\n|teamsize|p1|6\n|teamsize|p2|6\n|gen|9\n|tier|[Gen 9] Doubles Custom Game\n|clearpoke\n|poke|p1|Butterfree, F|\n|poke|p1|Fearow, M|\n|poke|p1|Clefairy, M|\n|poke|p1|Poliwrath, F|\n|poke|p1|Victreebel, M|\n|poke|p1|Ditto|\n|poke|p2|Hitmonchan, M|\n|poke|p2|Magmar, M|\n|poke|p2|Rhydon, M|\n|poke|p2|Articuno|\n|poke|p2|Exeggcute, M|\n|poke|p2|Electabuzz, F|\n|teampreview\n|\n|t:|1736376199\n|start\n|switch|p1a: Imp|Ditto|300/300\n|switch|p1b: Polly|Poliwrath, F|384/384\n|switch|p2a: Jackie|Hitmonchan, M|242/242\n|switch|p2b: One day...|Exeggcute, M|324/324\n|-transform|p1a: Imp|p2b: One day...|[from] ability: Imposter\n|turn|1\n|\n|t:|1736376274\n|move|p1b: Polly|Protect|p1b: Polly\n|-singleturn|p1b: Polly|Protect\n|move|p1a: Imp|Protect|p1a: Imp\n|-singleturn|p1a: Imp|Protect\n|move|p2a: Jackie|Fake Out|p1b: Polly\n|-activate|p1b: Polly|move: Protect\n|move|p2b: One day...|Leech Seed|p1b: Polly\n|-activate|p1b: Polly|move: Protect\n|\n|upkeep\n|turn|2\n|\n|t:|1736376308\n|move|p2a: Jackie|Ice Punch|p1a: Imp\n|debug|Iron Fist boost\n|debug|Punching Glove boost\n|-supereffective|p1a: Imp\n|-damage|p1a: Imp|72/300\n|move|p1b: Polly|Liquidation|p2a: Jackie\n|-damage|p2a: Jackie|80/242\n|move|p1a: Imp|Psychic|p2a: Jackie\n|-supereffective|p2a: Jackie\n|-damage|p2a: Jackie|0 fnt\n|faint|p2a: Jackie\n|move|p2b: One day...|Sunny Day|p2b: One day...\n|-weather|SunnyDay\n|\n|-weather|SunnyDay|[upkeep]\n|upkeep\n|\n|t:|1736376326\n|switch|p2a: Buzz Lightyear|Electabuzz, F|334/334\n|turn|3\n|\n|t:|1736376355\n|switch|p1a: Clifford|Clefairy, M|344/344\n|move|p2a: Buzz Lightyear|Volt Switch|p1b: Polly\n|-supereffective|p1b: Polly\n|-enditem|p1b: Polly|Wacan Berry|[eat]\n|debug|-50% reduction\n|-enditem|p1b: Polly|Wacan Berry|[weaken]\n|debug|Friend Guard weaken\n|-damage|p1b: Polly|318/384\n|\n|t:|1736376370\n|switch|p2a: Articu-no-hit-me|Articuno|384/384|[from] Volt Switch\n|move|p1b: Polly|Drain Punch|p2a: Articu-no-hit-me\n|-damage|p2a: Articu-no-hit-me|281/384\n|-heal|p1b: Polly|370/384|[from] drain|[of] p2a: Articu-no-hit-me\n|move|p2b: One day...|Psychic|p1a: Clifford\n|-damage|p1a: Clifford|278/344\n|\n|-weather|SunnyDay|[upkeep]\n|-heal|p2a: Articu-no-hit-me|305/384|[from] item: Leftovers\n|upkeep\n|turn|4\n|\n|t:|1736376388\n|move|p2a: Articu-no-hit-me|Ice Beam|p1a: Clifford\n|-damage|p1a: Clifford|179/344\n|move|p1b: Polly|Rock Slide|p2b: One day...|[spread] p2a,p2b\n|debug|Spread modifier: 0.75\n|-supereffective|p2a: Articu-no-hit-me\n|debug|Spread modifier: 0.75\n|-damage|p2a: Articu-no-hit-me|125/384\n|-damage|p2b: One day...|259/324\n|move|p1a: Clifford|Minimize|p1a: Clifford\n|-boost|p1a: Clifford|evasion|2\n|cant|p2b: One day...|flinch\n|\n|-weather|SunnyDay|[upkeep]\n|-heal|p2a: Articu-no-hit-me|149/384|[from] item: Leftovers\n|upkeep\n|turn|5\n|\n|t:|1736376406\n|move|p2a: Articu-no-hit-me|Ice Beam|p1a: Clifford\n|-damage|p1a: Clifford|88/344\n|debug|artificial status immunity\n|debug|immune to status\n|debug|move failed because it did nothing\n|move|p1b: Polly|Rock Slide|p2b: One day...|[spread] p2a,p2b\n|debug|Spread modifier: 0.75\n|-supereffective|p2a: Articu-no-hit-me\n|debug|Spread modifier: 0.75\n|-damage|p2a: Articu-no-hit-me|0 fnt\n|-damage|p2b: One day...|193/324\n|faint|p2a: Articu-no-hit-me\n|move|p1a: Clifford|Calm Mind|p1a: Clifford\n|-boost|p1a: Clifford|spa|1\n|-boost|p1a: Clifford|spd|1\n|move|p2b: One day...|Leech Seed|p1a: Clifford\n|-start|p1a: Clifford|move: Leech Seed\n|\n|-weather|SunnyDay|[upkeep]\n|-damage|p1a: Clifford|45/344|[from] Leech Seed|[of] p2b: One day...\n|-heal|p2b: One day...|236/324|[silent]\n|upkeep\n|\n|t:|1736376425\n|switch|p2a: Myagmar|Magmar, M|271/271\n|turn|6\n|\n|t:|1736376443\n|move|p1a: Clifford|Follow Me|p1a: Clifford\n|-singleturn|p1a: Clifford|move: Follow Me\n|move|p2a: Myagmar|Psychic|p1a: Clifford|[miss]\n|debug|Follow Me redirected target of move\n|-miss|p2a: Myagmar|p1a: Clifford\n|move|p1b: Polly|Rock Slide|p2a: Myagmar|[spread] p2a,p2b\n|debug|Spread modifier: 0.75\n|-supereffective|p2a: Myagmar\n|debug|Spread modifier: 0.75\n|-damage|p2a: Myagmar|85/271\n|-damage|p2b: One day...|166/324\n|cant|p2b: One day...|flinch\n|\n|-weather|none\n|-damage|p1a: Clifford|2/344|[from] Leech Seed|[of] p2b: One day...\n|-heal|p2b: One day...|209/324|[silent]\n|upkeep\n|turn|7\n|\n|t:|1736376474\n|switch|p2a: Rhydon Corleone|Rhydon, M|414/414\n|move|p1b: Polly|Rock Slide|p2a: Rhydon Corleone|[spread] p2a,p2b\n|debug|Spread modifier: 0.75\n|-resisted|p2a: Rhydon Corleone\n|debug|Spread modifier: 0.75\n|-damage|p2a: Rhydon Corleone|390/414\n|-damage|p2b: One day...|142/324\n|-enditem|p2b: One day...|Sitrus Berry|[eat]\n|-heal|p2b: One day...|223/324|[from] item: Sitrus Berry\n|move|p1a: Clifford|Stored Power|p2b: One day...\n|debug|BP: 100\n|-resisted|p2b: One day...\n|-damage|p2b: One day...|175/324\n|move|p2b: One day...|Leech Seed|p1b: Polly\n|-start|p1b: Polly|move: Leech Seed\n|\n|-damage|p1b: Polly|322/384|[from] Leech Seed|[of] p2b: One day...\n|-heal|p2b: One day...|223/324|[silent]\n|-damage|p1a: Clifford|0 fnt|[from] Leech Seed|[of] p2b: One day...\n|-heal|p2b: One day...|225/324|[silent]\n|faint|p1a: Clifford\n|-item|p2b: One day...|Sitrus Berry|[from] ability: Harvest\n|upkeep\n|\n|t:|1736376499\n|switch|p1a: Big Bird|Fearow, M|272/272\n|turn|8\n|\n|t:|1736376533\n|switch|p2a: Buzz Lightyear|Electabuzz, F|334/334\n|move|p2b: One day...|Protect|p2b: One day...\n|-singleturn|p2b: One day...|Protect\n|move|p1a: Big Bird|Drill Peck|p2b: One day...\n|-activate|p2b: One day...|move: Protect\n|move|p1b: Polly|Liquidation|p2a: Buzz Lightyear\n|-damage|p2a: Buzz Lightyear|243/334\n|-unboost|p2a: Buzz Lightyear|def|1\n|\n|-damage|p1b: Polly|274/384|[from] Leech Seed|[of] p2b: One day...\n|-heal|p2b: One day...|273/324|[silent]\n|upkeep\n|turn|9\n|\n|t:|1736376575\n|move|p2a: Buzz Lightyear|Follow Me|p2a: Buzz Lightyear\n|-singleturn|p2a: Buzz Lightyear|move: Follow Me\n|move|p1a: Big Bird|Tailwind|p1a: Big Bird\n|-sidestart|p1: mistermoscow|move: Tailwind\n|move|p1b: Polly|Drain Punch|p2a: Buzz Lightyear\n|debug|Follow Me redirected target of move\n|-damage|p2a: Buzz Lightyear|120/334\n|-heal|p1b: Polly|336/384|[from] drain|[of] p2a: Buzz Lightyear\n|move|p2b: One day...|Leech Seed|p1a: Big Bird\n|-start|p1a: Big Bird|move: Leech Seed\n|\n|-damage|p1a: Big Bird|238/272|[from] Leech Seed|[of] p2b: One day...\n|-heal|p2b: One day...|307/324|[silent]\n|-damage|p1b: Polly|288/384|[from] Leech Seed|[of] p2b: One day...\n|-heal|p2b: One day...|324/324|[silent]\n|upkeep\n|turn|10\n|\n|t:|1736376608\n|move|p1a: Big Bird|Drill Peck|p2b: One day...\n|-supereffective|p2b: One day...\n|-damage|p2b: One day...|64/324\n|-enditem|p2b: One day...|Sitrus Berry|[eat]\n|-heal|p2b: One day...|145/324|[from] item: Sitrus Berry\n|move|p1b: Polly|Liquidation|p2a: Buzz Lightyear\n|-damage|p2a: Buzz Lightyear|0 fnt\n|faint|p2a: Buzz Lightyear\n|move|p2b: One day...|Sunny Day|p2b: One day...\n|-weather|SunnyDay\n|\n|-weather|SunnyDay|[upkeep]\n|-damage|p1a: Big Bird|204/272|[from] Leech Seed|[of] p2b: One day...\n|-heal|p2b: One day...|179/324|[silent]\n|-damage|p1b: Polly|240/384|[from] Leech Seed|[of] p2b: One day...\n|-heal|p2b: One day...|227/324|[silent]\n|-item|p2b: One day...|Sitrus Berry|[from] ability: Harvest\n|upkeep\n|\n|t:|1736376638\n|switch|p2a: Rhydon Corleone|Rhydon, M|390/414\n|turn|11\n|\n|t:|1736376660\n|move|p1a: Big Bird|Protect|p1a: Big Bird\n|-singleturn|p1a: Big Bird|Protect\n|move|p2b: One day...|Protect|p2b: One day...\n|-singleturn|p2b: One day...|Protect\n|move|p1b: Polly|Rock Slide|p2b: One day...|[spread] p2a\n|-activate|p2b: One day...|move: Protect\n|debug|Spread modifier: 0.75\n|-resisted|p2a: Rhydon Corleone\n|-damage|p2a: Rhydon Corleone|365/414\n|move|p2a: Rhydon Corleone|Rock Slide|p1b: Polly|[spread] p1b\n|-activate|p1a: Big Bird|move: Protect\n|debug|Spread modifier: 0.75\n|-resisted|p1b: Polly\n|-damage|p1b: Polly|186/384\n|\n|-weather|SunnyDay|[upkeep]\n|-damage|p1a: Big Bird|170/272|[from] Leech Seed|[of] p2b: One day...\n|-heal|p2b: One day...|261/324|[silent]\n|-damage|p1b: Polly|138/384|[from] Leech Seed|[of] p2b: One day...\n|-heal|p2b: One day...|309/324|[silent]\n|upkeep\n|turn|12\n|\n|t:|1736376697\n|move|p1a: Big Bird|Drill Peck|p2b: One day...\n|-supereffective|p2b: One day...\n|-damage|p2b: One day...|69/324\n|-enditem|p2b: One day...|Sitrus Berry|[eat]\n|-heal|p2b: One day...|150/324|[from] item: Sitrus Berry\n|move|p1b: Polly|Drain Punch|p2a: Rhydon Corleone\n|-supereffective|p2a: Rhydon Corleone\n|-damage|p2a: Rhydon Corleone|161/414\n|-heal|p1b: Polly|240/384|[from] drain|[of] p2a: Rhydon Corleone\n|move|p2a: Rhydon Corleone|Rock Slide|p1a: Big Bird|[spread] p1a,p1b\n|debug|Spread modifier: 0.75\n|-supereffective|p1a: Big Bird\n|debug|Spread modifier: 0.75\n|-resisted|p1b: Polly\n|-damage|p1a: Big Bird|0 fnt\n|-damage|p1b: Polly|181/384\n|debug|Covert Cloak prevent secondary\n|faint|p1a: Big Bird\n|move|p2b: One day...|Psychic|p1b: Polly\n|-supereffective|p1b: Polly\n|-damage|p1b: Polly|23/384\n|\n|-weather|SunnyDay|[upkeep]\n|-damage|p1b: Polly|0 fnt|[from] Leech Seed|[of] p2b: One day...\n|-heal|p2b: One day...|173/324|[silent]\n|faint|p1b: Polly\n|-sideend|p1: mistermoscow|move: Tailwind\n|-item|p2b: One day...|Sitrus Berry|[from] ability: Harvest\n|upkeep\n|\n|t:|1736376740\n|switch|p1a: Purple Haze|Butterfree, F|262/262\n|switch|p1b: Imp|Ditto|72/300\n|-transform|p1b: Imp|p2a: Rhydon Corleone|[from] ability: Imposter\n|turn|13\n|\n|t:|1736376771\n|move|p1a: Purple Haze|String Shot|p2b: One day...|[spread] p2a,p2b\n|debug|compoundeyes - enhancing accuracy\n|debug|compoundeyes - enhancing accuracy\n|-unboost|p2a: Rhydon Corleone|spe|2\n|-unboost|p2b: One day...|spe|2\n|move|p1b: Imp|High Horsepower|p2a: Rhydon Corleone\n|-supereffective|p2a: Rhydon Corleone\n|-damage|p2a: Rhydon Corleone|0 fnt\n|faint|p2a: Rhydon Corleone\n|move|p2b: One day...|Leech Seed|p1b: Imp\n|-start|p1b: Imp|move: Leech Seed\n|\n|-weather|SunnyDay|[upkeep]\n|-damage|p1b: Imp|35/300|[from] Leech Seed|[of] p2b: One day...\n|-heal|p2b: One day...|210/324|[silent]\n|upkeep\n|\n|t:|1736376781\n|switch|p2a: Myagmar|Magmar, M|85/271\n|turn|14\n|\n|t:|1736376803\n|move|p1a: Purple Haze|String Shot|p2b: One day...|[spread] p2a,p2b\n|debug|compoundeyes - enhancing accuracy\n|debug|compoundeyes - enhancing accuracy\n|-unboost|p2a: Myagmar|spe|2\n|-unboost|p2b: One day...|spe|2\n|move|p2a: Myagmar|Heat Wave|p1b: Imp|[spread] p1a,p1b\n|debug|Spread modifier: 0.75\n|debug|Sunny Day fire boost\n|-supereffective|p1a: Purple Haze\n|debug|Spread modifier: 0.75\n|debug|Sunny Day fire boost\n|-resisted|p1b: Imp\n|-damage|p1a: Purple Haze|0 fnt\n|-damage|p1b: Imp|0 fnt\n|faint|p1a: Purple Haze\n|faint|p1b: Imp\n|move|p2b: One day...|Leech Seed|p1: Purple Haze|[notarget]\n|-fail|p2b: One day...\n|\n|-weather|none\n|upkeep\n|\n|t:|1736376816\n|switch|p1b: Victor|Victreebel, M|364/364\n|turn|15\n|\n|t:|1736376827\n|move|p1b: Victor|Sucker Punch|p2a: Myagmar\n|-damage|p2a: Myagmar|0 fnt\n|faint|p2a: Myagmar\n|-damage|p1b: Victor|328/364|[from] item: Life Orb\n|move|p2b: One day...|Psychic|p1b: Victor\n|-supereffective|p1b: Victor\n|-damage|p1b: Victor|146/364\n|\n|upkeep\n|turn|16\n|\n|t:|1736376873\n|move|p1b: Victor|Swords Dance|p1b: Victor\n|-boost|p1b: Victor|atk|2\n|move|p2b: One day...|Psychic|p1b: Victor\n|-supereffective|p1b: Victor\n|-damage|p1b: Victor|0 fnt\n|faint|p1b: Victor\n|\n|win|je64\n","uploadtime":1736376881,"views":"20","formatid":"gen9doublescustomgame","rating":null,"private":0,"password":null}